2389 3037
87 198 105 218 a
123 197 158 219 se
179 195 321 223 arcere,
350 182 452 217 iussit
470 181 537 216 sibi
553 182 735 215 aedificari
754 183 902 216 domum
923 183 960 216 in
977 182 1097 215 medio

85 235 228 276 Rheni,
258 248 366 282 quam
385 233 616 268 inhabitaret.
671 233 709 267 Id
728 235 860 268 sactum
881 242 951 275 est,
973 241 1098 268 tamen

85 301 206 322 mures
226 294 406 321 venerunt
423 293 457 319 et
474 284 642 319 Rhenum
662 293 868 322 tranarunt.

191 348 264 383 CV.
298 345 465 381 Marchio
490 347 660 381 Albertus
685 347 866 393 Episcopo
885 347 1097 390 Augustano

85 401 176 435 dixit
206 401 408 444 Augustae:
455 399 503 439 31·
533 398 660 445 pfaffcn
692 401 792 444 babtss
815 398 912 442 beffer
936 401 1001 434 bem
1026 400 1099 434 mfit

84 612 204 655 miifien
229 610 292 645 mit
319 609 415 654 nicht.

191 669 280 704 CVI.
318 670 402 703 Dux
423 667 772 712 Mechelburgensis,
801 669 864 715 qui
889 669 960 702 iam
989 668 1100 714 capti-

85 735 150 757 vus
174 723 366 756 tenebatur
391 735 410 754 a
434 721 829 765 Magdeburgensibus,
872 721 982 766 paulo
1017 727 1100 754 ante

85 774 330 820 captivitatem
352 774 390 807 in
409 774 569 819 quodam
585 773 754 806 convivio
771 773 873 807 iussit
890 771 1099 818 chirurgum

84 827 234 872 singulis
258 826 441 860 nobilibus
461 837 592 858 venam
620 825 802 864 incidere,
839 827 928 861 vnnb
952 826 1011 870 bat
1038 827 1100 860 bag

83 880 158 917 buit
179 879 213 914 in
241 878 349 925 bedyet
366 879 482 924 giessen
505 878 626 923 Ιαβεη,
654 880 718 913 »nb
747 877 874 921 baben&
899 877 967 920 citio
993 887 1100 913 marm

85 942 131 968 an
157 931 314 967 einanbet
339 928 541 977 gugefoffcn.
584 931 646 965 mie
671 941 749 966 mun
785 929 872 973 siinst
905 931 991 965 mein
1025 934 1102 965 obet

83 985 155 1021 bier
172 983 278 1029 mbdpt
295 994 339 1019 cm
357 984 513 1018 einanbet
530 980 718 1027 5ut'c1uffen,
747 982 882 1028 melche&
904 982 1023 1026 nuthet
1040 984 1100 1018 ben

84 1034 251 1081 beutsdyen
268 1038 357 1081 gan&
376 1034 591 1080 gebrefisstid)
609 1033 666 1077 ist,
696 1033 728 1077 fo
754 1035 860 1077 baben
881 1034 921 1078 sie
941 1037 1002 1070 bae
1029 1035 1101 1070 buit

86 1099 131 1125 αη
169 1089 326 1123 εἰηαηῠειτ
355 1086 599 1133 ὃιιςεττιῑηεὲεη.
676 1087 769 1120 Huic
810 1088 904 1120 facto
938 1087 1102 1121 interfuit

86 1140 266 1185 Georgius
282 1138 471 1180 Lechner,
499 1139 562 1184 qui
579 1152 662 1172 cum
683 1139 864 1173 testudine
882 1139 979 1173 lusit.

191 1199 297 1234 CVII.
334 1199 375 1234 In
402 1199 538 1244 oppido
556 1199 709 1245 Friberg
728 1205 832 1244 pater
857 1199 960 1234 iussit
986 1199 1100 1233 filium

85 1252 139 1286 ire
155 1252 193 1285 in
214 1253 373 1299 aliquem
394 1252 535 1292 locum,
562 1251 600 1284 in
625 1264 697 1298 quo
718 1249 888 1292 haberet,
924 1264 1016 1298 quae
1040 1264 1102 1286 ex-

85 1304 239 1350 pediret.
309 1303 371 1338 Ille
404 1310 592 1338 cunctatus
622 1311 675 1338 est
698 1310 732 1337 et
758 1304 893 1338 diutius
920 1310 1101 1343 moratus;

85 1363 191 1402 pater
207 1356 365 1391 offensus
382 1368 507 1396 mora,
536 1356 656 1400 coepit
679 1356 923 1397 commoveri,
952 1363 987 1390 et
1012 1356 1103 1390 dixit

86 1409 134 1442 ad
157 1409 290 1442 filium:
327 1408 406 1442 Stes
430 1414 608 1452 perpetuo
634 1408 671 1441 in
700 1409 800 1441 omni
827 1408 898 1441 vita
921 1414 995 1443 tua.
1055 1407 1103 1442 Et

85 1461 146 1494 ille
164 1461 236 1494 iam
254 1460 396 1507 aliquot
413 1472 529 1494 annos
547 1459 644 1494 stetit
664 1460 713 1493 ibi
732 1461 769 1493 in
789 1461 916 1494 eodem
937 1461 1039 1501 loco,
1069 1466 1103 1494 et

85 1525 152 1559 per
179 1514 356 1559 quosdam
382 1513 583 1553 detractus,
619 1513 680 1546 sed
704 1513 752 1546 ita
780 1512 1026 1553 exanimatus,
1062 1518 1103 1546 ut

86 1565 158 1606 illi,
202 1564 266 1611 qui
298 1571 551 1605 extraxerunt,
596 1564 711 1598 coacti
744 1571 829 1599 sunt
858 1577 1036 1610 reponere
1069 1570 1103 1598 et

87 1623 359 1662 supposuerunt
378 1617 410 1650 ei
428 1616 632 1662 pulpitum,
661 1623 695 1649 et
718 1617 766 1650 ita
788 1618 1009 1652 contabescit
1036 1617 1103 1650 ini-

87 1669 312 1709 serabiliter,
355 1675 464 1715 atque
496 1674 578 1713 post
608 1669 683 1702 dies
716 1669 824 1702 etiam
852 1671 943 1704 duos
967 1669 1104 1715 accepit

86 1721 286 1756 buccellam
313 1721 430 1765 panis.

196 1780 319 1816 CVIII.
365 1780 519 1814 Carolus
550 1778 755 1824 Imperator
787 1780 985 1826 aliquando
1019 1793 1104 1826 pro-

88 1836 202 1869 fectus
221 1840 273 1868 est
291 1834 336 1866 ad
356 1838 575 1866 conventum
595 1831 899 1866 Ratisbonensern
929 1840 1012 1867 ante
1040 1845 1104 1866 an-

87 1899 157 1921 nos
179 1887 248 1928 28,
287 1885 350 1932 qui
376 1885 443 1919 fuit
468 1884 608 1930 primus
634 1891 853 1926 conventus,
890 1898 997 1931 quem
1027 1885 1103 1930 ipse

88 1937 230 1974 habuit.
289 1937 342 1972 Ibi
366 1950 446 1971 curn
472 1937 511 1970 in
535 1938 645 1971 domo
671 1930 863 1982 splendida¹
885 1951 998 1983 prope
1019 1937 1104 1971 Hei-

90 1992 298 2036 delbergam
325 1996 492 2035 exceptus
516 1996 626 2031 esset,
663 1990 748 2023 exiit
772 1996 964 2031 venatum,
1002 2003 1042 2023 ac
1066 1991 1104 2023 in

89 2043 285 2078 venatione
304 2055 449 2076 cervum
467 2042 647 2088 sequitur;
676 2043 812 2076 interea
833 2049 1005 2089 sequente
1024 2042 1102 2088 ipso

90 2109 237 2130 cervum
257 2096 296 2128 in
314 2095 431 2128 media
451 2094 509 2127 via
531 2094 674 2128 obviam
696 2095 795 2128 venit
811 2095 863 2128 illi
878 2096 1005 2140 lupus,
1041 2095 1104 2141 qui

89 2146 188 2182 haud
205 2147 313 2181 dubie
331 2147 400 2180 fuit
421 2152 614 2192 spectrum.
674 2146 734 2181 Ille
760 2147 894 2182 omisso
920 2160 1025 2181 cervo
1050 2148 1104 2181 in-

88 2199 255 2247 sequitur
274 2200 414 2244 lupum.
469 2198 559 2232 Cum
579 2199 688 2243 igitur
711 2200 798 2245 lupo
824 2200 882 2234 isti
906 2200 1105 2246 appropin-

92 2258 241 2299 quaret,
267 2264 346 2286 crus
363 2251 480 2295 fregit.
543 2251 730 2285 Accedunt
749 2259 869 2286 autem
891 2253 1041 2293 medici,
1071 2259 1106 2286 et

90 2306 324 2350 desperantes
358 2304 402 2336 de
433 2316 474 2336 eo
509 2303 704 2337 voluerunt
737 2305 769 2338 ei
795 2317 875 2339 crus
902 2312 1104 2350 amputare,

93 2358 225 2404 quibus
249 2356 504 2390 Ferdinandus
534 2356 752 2400 repugnavit
782 2363 816 2390 et
838 2357 928 2391 dixit
952 2370 987 2392 se
1014 2358 1104 2390 velle

90 2410 311 2454 suspendere
330 2421 456 2442 omnes
473 2405 682 2452 chirurgos,
709 2415 744 2442 et
762 2410 823 2455 qui
849 2407 933 2443 huic
958 2410 1104 2455 negotio

92 2461 352 2495 interfuissent.
406 2459 459 2494 Ibi
478 2461 621 2494 relictus
641 2461 698 2494 ille
716 2461 759 2494 ab
780 2462 949 2497 omnibus
966 2460 1105 2497 chirur-

94 2513 168 2559 gis,
196 2520 361 2548 sanatum
380 2519 432 2547 est
451 2525 530 2547 crus
549 2513 636 2547 eius.

203 2582 290 2616 CIX.
333 2582 560 2627 Bambergae
597 2584 689 2616 duae
724 2583 816 2617 filiae
850 2585 1018 2618 seductae
1060 2584 1105 2617 ab

94 2634 344 2679 Anabaptistis
370 2636 594 2669 ducebantur
619 2636 663 2668 ad
689 2636 928 2680 supplicium,
969 2637 1030 2671 sed
1054 2643 1106 2669 ta-

97 2700 181 2721 men
211 2687 414 2721 didicerant
444 2700 548 2722 nosse
584 2688 696 2721 filium
723 2688 792 2721 Dei
825 2690 1107 2733 redemptorem,

98 2739 136 2772 in
160 2739 263 2773 illum
290 2740 520 2773 confidebant
549 2747 583 2774 et
607 2740 837 2775 invocabant.
907 2741 1106 2788 Postquam

152 2798 338 2830 MELANTH.
362 2799 471 2831 Omen.
505 2800 591 2831 Vol..
615 2800 688 2831 XX.

379 92 641 129 HISTORJAE
670 93 917 140 QUAEDAM
942 94 1225 130 RECITATAE
1253 93 1405 130 INTER
1433 91 1669 128 PUBLICAS
1697 91 1981 128 LECTIONES.

2090 93 2164 129 546

1154 183 1199 215 ad
1236 181 1453 226 supplicium
1491 182 1735 221 ducebantur,
1787 180 2071 226 imponebantur
2115 181 2166 216 eis

1152 235 1369 268 strainineae
1398 245 1574 273 coronae,
1618 240 1652 267 et
1677 246 1757 267 cum
1780 233 1872 277 ignis
1899 233 2166 273 incenderetur,

1153 286 1455 331 colloquebantur
1471 286 1513 318 de
1535 285 1603 319 illis
1620 285 1764 319 coronis
1791 286 1969 319 dicentes:
2007 284 2082 319 Nos
2102 297 2165 317 an-

1153 344 1207 371 tea
1230 338 1447 381 gestavimus
1466 349 1618 371 coronas
1635 350 1677 370 ex
1696 349 1785 370 auro
1810 344 1844 370 et
1869 344 2039 381 argento,
2068 349 2166 371 nunc

1124 388 1126 408 ³
1153 396 1334 434 gestamus
1352 402 1392 422 ex
1408 389 1599 428 stramine3
1629 390 1689 422 sed
1716 389 1804 422 istae
1825 390 2041 423 stramineae
2064 401 2166 423 coro-

86 452 239 498 mastiche
267 453 365 497 betn3
409 461 481 487 men
506 453 535 487 it·
560 451 693 495 stetbt‘t,
730 452 761 494 so
790 454 899 497 miifiet
922 452 952 486 it·
978 452 1099 495 »orbiu
1125 459 1127 490 ζ
1153 455 1221 475 nae
1242 447 1347 475 erunt
1372 441 1452 486 plus
1479 454 1587 486 quain
1617 453 1768 480 aureae,
1809 443 1955 486 quando
1979 442 2166 476 veniemus

86 506 184 548 mou!
211 514 264 540 „30
285 506 314 540 {t
339 504 396 549 bin
423 503 528 549 fat-etl
557 506 622 540 ban
646 506 674 540 12-
702 506 781 549 habt
808 506 858 540 9111
882 505 1003 549 9003ng
1030 505 1100 547 bet:
1126 495 1127 548 J
1154 496 1198 528 ad
1223 494 1414 528 dominum
1434 500 1598 527 nostruin
1624 492 1776 527 IESUM
1799 492 2062 527 CHRISTUM.

86 556 188 603 betici)
205 558 272 593 »nb
291 559 400 601 miisset
419 558 505 599 mot„
534 559 596 592 ῠαέ
623 558 651 592 ir
673 568 746 603 gum
770 555 880 600 teiiffd
904 555 1009 601 fatet.
1038 557 1100 591 bas

1258 563 1330 598 CX.
1367 562 1463 597 Civis
1487 562 1525 595 in
1551 563 1686 608 oppido
1703 562 1804 606 Burg
1826 563 1961 597 faciens
1985 562 2052 595 iter
2078 561 2166 595 inci-

1155 615 1207 648 dit
1233 615 1268 648 in
1300 622 1372 649 tres
1398 615 1547 661 equites.
1614 615 1660 647 Hi
1685 628 1764 648 cum
1792 621 1908 649 essent
1933 614 2022 655 soli,
2062 614 2167 648 illum

1155 668 1268 701 civem
1304 667 1463 713 peditem
1495 667 1620 701 iaculis
1652 680 1713 701 seu
1739 667 1853 711 globis
1878 667 2166 701 bombardarum

1154 726 1300 765 petunt;
1328 721 1389 754 sed
1415 720 1588 753 aberrant
1612 720 1656 752 ab
1675 732 1729 753 eo.
1780 717 1858 763 Ipse
1884 727 2032 764 paratus
2055 725 2107 753 est
2133 725 2168 752 et

1154 773 1274 806 statim
1299 773 1445 817 globum
1466 772 1502 805 in
1520 784 1633 805 unum
1652 771 1782 805 emittit
1809 783 1964 818 eumque
1986 771 2168 805 interficit.

1155 824 1223 858 Sed
1241 837 1322 858 cum
1344 825 1502 858 latrones
1519 824 1674 869 amplius
1692 823 1893 857 bombarda
1912 824 1965 857 uti
1989 836 2063 857 non
2086 836 2170 868 pos-

1154 883 1252 917 sent,
1287 876 1419 911 strictis
1444 876 1571 921 gladiis
1595 877 1640 909 ad
1665 888 1745 910 eum
1774 882 1987 916 accurrunt,
2024 876 2083 910 sed
2109 875 2169 908 ille

1156 929 1394 974 praeveniens
1422 930 1572 962 alteram
1598 929 1840 962 bombardam
1867 928 2023 973 promit,
2058 934 2093 961 et
2116 939 2171 961 se-

1155 982 1313 1015 cundum
1341 982 1449 1026 globo
1477 981 1585 1014 etiam
1613 981 1800 1019 interficit3
1839 980 1966 1021 tertio,
2005 980 2067 1026 qui
2091 987 2170 1013 tan-

1155 1040 1231 1067 tum
1252 1040 1461 1078 supererat,
1490 1033 1649 1077 gladium
1669 1033 1788 1077 eripit.
1839 1031 2026 1066 Excellens
2044 1039 2078 1066 et
2095 1044 2170 1065 me-

1155 1086 1343 1120 morabilis
1359 1085 1474 1119 virtus
1492 1086 1529 1118 in
1545 1083 1613 1118 hoc
1631 1084 1710 1119 viro
1729 1085 1817 1125 fuit,
1845 1091 1879 1118 et
1906 1091 2057 1130 apparet
2086 1097 2169 1118 eum

1155 1151 1231 1172 non
1255 1138 1363 1172 fuisse
1389 1138 1465 1172 sine
1493 1137 1563 1171 Dei
1590 1137 1738 1171 auxilio.
1806 1136 1936 1171 Postea
1970 1137 1998 1171 is
2022 1137 2108 1170 civis
2132 1137 2170 1170 in

1155 1190 1328 1224 iudicium
1350 1190 1520 1230 veniens,
1550 1190 1633 1236 quia
1654 1190 1813 1223 latrones
1831 1189 2080 1229 interfecisset,
2109 1189 2171 1222 ab-

1155 1243 1294 1278 solutus
1318 1249 1381 1277 est.
1435 1242 1578 1276 Assedit
1604 1243 1711 1275 etiam
1736 1239 1964 1286 Theologus,
1994 1243 2055 1288 qui
2077 1241 2172 1275 illius

1155 1296 1289 1329 factum
1314 1295 1568 1340 comprobavit
1592 1294 1731 1328 dicens:
1763 1294 1858 1334 Ξηέη
1882 1292 1921 1337 ist
1946 1294 2029 1340 recht
2053 1293 2172 1340 gesche:

1156 1348 1229 1393 [pen.
1265 1347 1367 1380 Alter
1386 1359 1507 1393 eques,
1536 1346 1598 1392 qui
1615 1347 1739 1387 affuit,
1768 1346 1873 1380 dixit:
1902 1345 1960 1389 53st
1976 1349 2039 1382 ῠαὸ
2056 1347 2172 1383 (Suam

1156 1398 1267 1446 getifd)
1301 1401 1377 1436 obet
1410 1397 1622 1445 ssbeotogiscb
1657 1397 1790 1444 getebtss
1829 1410 1952 1432 nonne
1988 1400 2172 1433 debuisses

1156 1454 1295 1486 dicere:
1330 1452 1367 1485 Si
1386 1453 1465 1497 quis
1486 1458 1517 1484 te
1535 1452 1752 1496 percusserit
1776 1451 1813 1484 in
1839 1463 1949 1484 unam
1972 1451 2173 1491 maxillam,

1156 1504 1302 1550 porrige
1319 1503 1370 1537 illi
1391 1510 1425 1536 et
1441 1502 1620 1536 alteram?
1663 1502 1799 1537 Verum
1818 1503 1877 1535 illa
1898 1503 2075 1537 sententia
2102 1501 2173 1536 hoc

1156 1558 1236 1590 loco
1254 1569 1328 1590 non
1347 1556 1461 1596 valet,
1490 1556 1575 1601 quia
1593 1555 1671 1589 iure
1689 1556 1917 1590 conceditur:
1949 1555 2021 1589 vim
2049 1556 2084 1588 vi
2112 1556 2173 1589 de-

1156 1609 1289 1655 pellere
1307 1608 1402 1642 licet.

1261 1677 1350 1712 CXI.
1386 1676 1513 1711 Eccius
1535 1676 1572 1710 in
1591 1677 1749 1723 quodam
1770 1676 1939 1711 convivio
1960 1677 2090 1711 assedit
2108 1688 2174 1709 no-

1156 1731 1221 1764 bili
1244 1737 1279 1764 et
1302 1728 1476 1764 honestae
1501 1736 1705 1762 matronae.
1774 1728 1836 1762 Ille
1860 1729 1982 1764 asinus
2010 1729 2069 1774 (ut
2097 1735 2175 1762 erat

1158 1783 1298 1829 asinus)
1327 1782 1389 1815 ubi
1422 1781 1532 1826 paulo
1565 1781 1645 1826 plus
1672 1780 1839 1821 bibisset,
1878 1781 1995 1815 voluit
2022 1794 2101 1815 cum
2132 1792 2173 1814 ea

1157 1835 1312 1880 ineptire
1338 1840 1373 1867 et
1399 1840 1623 1866 contrectare
1657 1846 1749 1867 eam.
1818 1833 1990 1867 Matrona
2025 1833 2173 1877 indigne

1157 1886 1227 1921 hoc
1245 1888 1362 1920 serens
1380 1885 1495 1931 sebtegt
1511 1888 1571 1922 ben
1594 1885 1705 1929 vastat
1720 1886 1781 1921 mit
1797 1888 1852 1923 bet
1878 1886 2006 1923 fanbess
2030 1885 2086 1931 fut
2112 1888 2174 1922 ben

1158 1938 1252 1986 fopf,
1289 1939 1425 1973 diceus:
1464 1937 1564 1982 SDfaff
1588 1939 1657 1974 [ern
1685 1951 1824 1980 mores,
1861 1939 1944 1985 quia
1972 1939 2095 1973 debuit
2120 1951 2173 1971 re-

1158 2005 1239 2038 gere
1260 1991 1533 2025 locomotivam.

1263 2050 1368 2086 CXII.
1412 2051 1495 2086 Dux
1522 2051 1671 2098 quidam
1701 2050 1899 2086 Bavaricus
1933 2049 2061 2085 habuit
2088 2063 2172 2084 con-

1158 2105 1299 2150 iugem,
1328 2117 1421 2151 quae
1438 2104 1597 2138 scribens
1613 2104 1717 2138 binas
1735 2104 1875 2145 literas,
1904 2116 1995 2138 unas
2025 2105 2069 2136 ad
2097 2116 2174 2136 ma-

1157 2157 1267 2191 ritum
1288 2169 1439 2202 peregre
1458 2157 1643 2191 absentem
1663 2156 1782 2197 misit,
1810 2157 1942 2190 alteras
1961 2157 2005 2189 ad
2033 2162 2173 2189 amato-

1157 2222 1252 2249 rem;
1283 2210 1321 2242 in
1346 2209 1582 2254 inscriptione
1609 2208 1704 2242 tituli
1727 2209 1881 2249 erravit,
1911 2215 1946 2242 et
1974 2209 2023 2242 ita
2047 2208 2173 2241 literae

1159 2264 1204 2296 ad
1231 2268 1431 2295 amatorem
1458 2262 1613 2306 scriptae
1640 2267 1886 2306 pervenerunt
1913 2261 1956 2294 ad
1985 2260 2174 2301 maritum,

1159 2321 1194 2348 et
1213 2316 1257 2348 ad
1277 2316 1404 2348 ducem
1424 2314 1578 2356 scriptae
1594 2313 1758 2346 redditae
1775 2320 1859 2348 sunt
1875 2313 2044 2347 amatori.
2089 2312 2174 2346 Dux

1160 2367 1284 2402 videns
1304 2373 1337 2400 et
1353 2367 1473 2411 legens
1492 2366 1571 2400 illas
1589 2366 1712 2399 literas
1734 2367 1778 2398 ad
1799 2372 1999 2399 amatorem
2021 2365 2173 2410 scriptas

1158 2420 1278 2454 statim
1300 2419 1481 2464 profectus
1502 2424 1554 2452 est
1571 2417 1779 2451 Palatinum
1799 2419 1843 2451 ad
1864 2418 2053 2463 coniugem
2069 2430 2171 2451 suam

1159 2478 1194 2506 et
1217 2472 1253 2505 in
1282 2471 1402 2516 primo
1430 2477 1624 2516 conspectu
1653 2482 1731 2503 eam
1760 2470 1955 2508 interfecit3
1991 2470 2173 2515 profectus

1159 2530 1283 2569 postea
1304 2530 1355 2557 est
1374 2523 1531 2556 Romam
1551 2529 1585 2556 et
1600 2523 1785 2557 absolutus
1809 2536 1827 2556 a
1845 2523 1944 2568 Papa
1959 2549 1968 2563 ,
1998 2529 2033 2555 et
2054 2522 2173 2565 impo-

1158 2577 1224 2611 sita
1242 2576 1274 2610 ei
1292 2576 1509 2616 satisfactio,
1538 2582 1578 2609 ut
1596 2576 1769 2608 conderet
1788 2575 2064 2609 monasterium.

1263 2635 1395 2671 CXIII?
1422 2636 1460 2670 In
1478 2637 1572 2670 bello
1594 2636 1859 2671 Mediolanensi
1879 2636 2004 2670 Gallus
2021 2633 2172 2680 quidam

1158 2688 1305 2723 divertit
1330 2690 1425 2734 apud
1450 2689 1568 2722 virum
1595 2687 1808 2730 honestum,
1854 2689 1909 2721 cui
1938 2693 2014 2720 erat
2042 2692 2076 2720 et
2099 2687 2173 2719 sor-

1160 2753 1258 2776 mosa
1277 2754 1381 2776 uxor.
1436 2741 1561 2776 Gallus
1580 2754 1658 2775 cum
1676 2754 1789 2775 uxore
1813 2740 1872 2773 illa
1899 2738 2046 2774 liberius
2071 2738 2172 2785 loqui

1694 2791 1744 2827 35
