2421 3037
303 105 379 141 547

935 104 1059 141 PHIL.
1086 105 1201 141 MEL.
1230 105 1435 141 SCRIPTA
1462 104 1732 143 HISTORICA.

2290 109 2367 147 548

302 199 337 226 et
354 204 459 237 agere
478 192 595 237 coepit
620 198 654 225 et
677 192 822 224 tandem
854 191 929 225 eius
953 198 1096 225 noctem
1120 191 1308 236 flagitavit.
1332 214 1336 249 1
1360 193 1442 227 niae
1462 191 1606 227 inhians
1622 193 1789 226 interficit
1805 194 1935 238 ipsum.
1990 194 2077 228 Post
2105 201 2176 229 tres
2199 197 2367 242 septima·

302 244 371 278 Sed
396 256 487 278 uxor
512 242 697 277 honestior
721 243 853 276 marito
879 256 1024 277 omnem
1049 256 1125 277 rem
1160 244 1308 286 indicat,
1333 262 1336 283 ι
1361 258 1425 280 nas
1442 246 1516 290 ipse
1532 245 1687 279 vicissim
1705 244 1990 290 deprehenditur
2007 252 2041 279 et
2062 246 2098 279 in
2123 248 2249 281 eodem
2273 249 2368 291 loco,

303 309 342 329 ac
362 302 484 339 rogat,
513 295 597 340 quid
617 293 686 328 sibi
708 295 912 328 faciendum
941 296 1007 336 sit,
1041 296 1111 330 nisi
1138 309 1215 330 mos
1243 294 1309 330 ho·
1333 288 1336 313 Ι
1363 310 1435 343 quo
1456 298 1566 331 alium
1584 297 1832 338 interfecerat,
1861 310 1970 344 eques
1987 298 2184 332 decollatus
2201 305 2264 334 est.

302 347 384 392 spiti
403 352 565 391 geratur,
593 352 628 379 et
652 346 718 379 sibi
744 353 777 380 et
803 347 855 379 illi
880 348 1080 391 periculum
1106 348 1307 383 timendum

302 411 386 433 esse.
442 397 596 432 Maritus
614 410 650 431 se
672 396 763 431 nihil
789 399 929 432 consilii
956 398 1090 434 habere
1117 401 1222 441 dicit,
1250 413 1308 434 ro-

301 457 361 494 gat
391 461 562 491 uxorem,
591 456 652 490 ut,
687 450 716 483 si
749 451 836 497 quid
870 452 959 485 boni
993 452 1133 486 consilii
1164 451 1309 494 habeat,

301 502 554 536 communicet.
626 500 688 535 Illa
713 504 928 548 respondet:
966 504 1003 538 Si
1029 505 1147 539 virum
1177 506 1308 538 fortem

300 561 334 587 te
365 560 548 599 praestare
574 554 752 595 volueris,
793 556 994 602 domusque
1024 563 1106 590 tuae
1139 556 1309 591 dominus

299 618 468 646 manere,
511 612 563 640 est
586 603 675 639 mihi
710 607 920 649 consilium,
961 615 1001 642 ut
1031 606 1123 642 mihi
1153 608 1309 649 videtur,

299 657 384 692 satis
403 658 554 698 bonum,
583 658 858 701 celebrabimus,
882 660 1020 706 inquit,
1046 660 1206 705 amplum
1225 672 1309 694 con-

299 709 434 743 vivium
448 736 457 750 ,
486 716 520 743 et
540 711 684 744 Gallum
700 710 806 744 istum
824 711 1126 756 ingurgitabimus
1147 711 1246 753 vino,
1275 718 1310 746 et

300 774 365 806 ego
384 762 417 795 ei
435 762 529 795 dabo
548 762 788 807 soporiferum
805 790 814 803 ,
841 770 900 804 ut,
928 765 988 797 ubi
1012 765 1236 799 occasionem
1257 765 1309 796 vi-

300 814 415 855 deris,
442 815 637 848 interficias
654 827 747 849 eum.
787 814 981 849 Instruitur
997 815 1203 849 convivium
1222 816 1309 851 satis

300 866 483 911 amplum,
511 864 642 911 hospes
662 866 721 900 ille
740 865 866 901 hilaris
890 874 941 901 est
963 874 997 901 et
1023 866 1114 902 nihil
1140 868 1226 901 mali
1251 881 1309 902 su-

300 918 457 963 spicatus
475 925 597 963 sperat
614 919 734 951 omnia
755 919 822 953 sibi
840 932 881 953 ex
898 920 1075 953 sententia
1102 933 1176 955 esse
1203 932 1309 954 even-

300 976 394 1004 tura.
448 968 510 1003 Illa
535 970 694 1004 assidens
717 982 758 1003 ac
778 971 883 1006 bonis
908 972 1026 1006 verbis
1043 985 1123 1006 eum
1143 973 1308 1006 detinens

299 1022 363 1056 dat
387 1022 650 1066 soporiferum,
693 1035 765 1068 quo
795 1021 923 1057 hausto
949 1024 1070 1058 statim
1104 1024 1164 1058 ille
1199 1024 1306 1058 etiam

300 1074 427 1107 nolens
444 1073 570 1107 incidit
590 1074 627 1107 in
644 1086 813 1108 somnum
826 1102 835 1115 ,
864 1082 973 1122 atque
993 1076 1040 1109 ita
1059 1084 1183 1121 postea
1207 1089 1307 1110 occa-

300 1125 400 1160 sione
426 1126 509 1159 data
531 1126 683 1160 maritus
710 1126 826 1172 ipsum
838 1126 885 1174 5⁰)
908 1128 1089 1163 interficit.
1151 1129 1235 1163 Non
1257 1135 1309 1163 est

298 1175 357 1211 hic
381 1178 544 1223 quaestio
561 1180 603 1212 de
620 1178 716 1216 iure;
753 1179 905 1225 quilibet
928 1181 1080 1215 maritus
1105 1181 1210 1214 debet
1235 1193 1308 1215 esse

300 1235 419 1265 custos
437 1242 522 1264 suae
541 1231 670 1264 domus
689 1237 723 1264 et
741 1231 912 1266 familiae.

404 1288 540 1325 CXIIII.
577 1291 707 1325 Ulmae
724 1291 790 1325 fuit
807 1290 918 1326 homo
935 1291 1127 1334 honestus,
1156 1293 1219 1340 qui
1244 1291 1308 1327 ha-

298 1342 377 1376 huit
394 1342 582 1388 coniugem
604 1343 697 1376 male
716 1351 893 1377 moratam
907 1372 916 1385 ,
945 1351 978 1378 et
995 1352 1140 1391 questus
1157 1352 1209 1380 est
1224 1357 1309 1390 pro-

299 1394 445 1440 pinquis
470 1395 562 1436 suis,
604 1395 665 1441 qui
698 1407 802 1440 aegre
828 1397 992 1430 ferebant
1021 1398 1308 1437 accusationem;

299 1447 361 1481 sed
394 1459 475 1481 cum
504 1447 649 1481 videbat
670 1459 706 1481 se
733 1460 807 1481 nou
833 1449 984 1494 respici,
1018 1461 1083 1483 nec
1116 1449 1306 1494 coniugem

301 1499 509 1539 emendari,
545 1499 729 1533 abiturum
755 1513 791 1534 se
817 1502 862 1533 ad
892 1507 1091 1535 mercatum
1114 1501 1308 1535 Francfor-

300 1550 460 1585 diensem
480 1542 645 1591 simulat,
674 1552 765 1585 clam
782 1553 931 1586 domum
951 1553 1044 1586 redit
1060 1559 1094 1586 et
1112 1552 1252 1598 vesperi
1270 1565 1307 1586 se

301 1603 474 1641 occultat;
503 1603 589 1648 quid
612 1604 793 1644 futurum,
821 1605 966 1639 sciebat.
1028 1603 1232 1639 Monachus
1248 1617 1308 1637 ve-

299 1655 352 1687 nit
371 1656 416 1687 ad
436 1667 599 1695 uxorem,
628 1661 662 1688 et
678 1656 763 1689 dum
783 1663 910 1690 mutuo
929 1664 1137 1697 coenarent,
1165 1669 1308 1701 semper

300 1719 334 1740 se
369 1707 521 1753 maritus
548 1707 727 1741 continuit
751 1708 816 1742 sub
842 1709 957 1743 scalis.
1024 1709 1189 1742 Tandem
1226 1721 1306 1741 cum

299 1758 447 1793 ivissent
464 1759 645 1799 cubitum,
672 1759 747 1804 ipse
765 1760 884 1794 induit
902 1773 1001 1794 arma
1022 1774 1107 1802 sua,
1136 1767 1171 1794 et
1187 1773 1308 1795 ascen-

298 1811 351 1844 dit
368 1812 413 1844 ad
434 1811 651 1845 cubiculum.
706 1811 839 1846 Mulier
856 1813 1006 1847 audiens
1022 1813 1226 1858 strepitum,
1254 1813 1308 1846 fu-

298 1863 348 1907 git
368 1876 385 1896 e
404 1863 495 1897 lecto
519 1870 553 1897 et
577 1864 693 1908 aperit
719 1864 865 1898 ianuam
893 1872 998 1899 antea
1026 1865 1204 1904 clausam;
1231 1877 1307 1898 ma-

299 1914 388 1949 ritus
408 1915 614 1960 irrumpens
636 1916 803 1950 interficit
823 1923 856 1950 et
875 1915 1066 1951 moechum
1086 1924 1120 1951 et
1137 1929 1307 1956 uxorem3

297 1967 472 2012 postridie
500 1969 575 2001 adit
599 1975 763 2002 senatum
789 1981 829 2002 ac
850 1981 926 2003 rem
954 1982 1098 2003 omnem
1122 1969 1190 2015 ipsi
1215 1969 1307 2003 indi-

298 2026 372 2058 cat,
402 2019 451 2053 ibi
473 2032 554 2053 eum
573 2020 664 2054 iuste
684 2021 806 2055 fecisse
825 2028 969 2056 senatus
988 2022 1125 2056 statuit.

402 2079 508 2114 CXV.
544 2080 733 2115 Studiosus
759 2082 906 2128 quidam
929 2081 1242 2115 Francfordiensis
1269 2081 1307 2114 in

299 2129 435 2165 ltaliam
455 2133 682 2177 profecturus
700 2140 795 2173 erat,
821 2134 906 2168 satis
926 2135 1017 2168 bene
1034 2134 1229 2168 instructus
1246 2146 1306 2178 pe-

299 2183 401 2217 cunia
415 2212 425 2225 ,
453 2183 581 2218 hahuit
597 2187 693 2230 apud
711 2199 746 2219 se
768 2185 844 2220 400
863 2186 898 2221 ss.
952 2185 1014 2220 Ille
1037 2199 1112 2220 non
1130 2186 1215 2220 satis
1240 2187 1306 2218 cir-

298 2243 521 2281 cumspectus
549 2238 606 2282 (ut
622 2238 738 2272 solent
758 2238 1019 2285 adolescentes)
1046 2252 1126 2272 cum
1153 2237 1307 2271 veni5set

295 2287 549 2322 Halbrunnam
582 2289 618 2322 in
650 2291 782 2324 ducatu
809 2290 1123 2335 Y'Virtebergensi,
1168 2290 1307 2323 invenit

299 2340 335 2372 in
354 2338 511 2386 hospitio
530 2342 707 2387 equitem,
736 2355 843 2389 quem
862 2356 926 2387 ego
942 2341 1134 2388 Philippus
1144 2342 1190 2389 51)
1214 2343 1306 2375 bene

297 2392 405 2433 novi,
449 2393 480 2426 ei
505 2406 540 2427 se
570 2394 752 2438 adiungit,
794 2395 845 2427 nil
874 2395 959 2428 mali
982 2402 1146 2430 metuens
1179 2395 1223 2427 ab
1251 2407 1306 2429 eo,

298 2443 420 2490 Eques
438 2445 526 2478 vidit
541 2445 640 2478 illum
658 2447 795 2480 bonum
815 2460 888 2481 esse
908 2447 1044 2481 socium
1059 2475 1069 2488 ,
1097 2453 1199 2492 potat
1225 2459 1305 2480 cuin

299 2510 340 2530 eo
357 2525 366 2537 ,
395 2504 429 2530 et
448 2498 485 2530 fit
503 2497 568 2542 ipsi
588 2498 798 2539 familiaris,
835 2499 883 2532 ita
909 2506 948 2533 ut
972 2500 1077 2533 etiam
1100 2499 1306 2533 adolescens

298 2550 329 2582 ei
349 2549 538 2594 pecuniam
556 2557 785 2584 monstraret.
813 2551 1048 2585 Postriduum
1066 2552 1189 2586 volens
1207 2551 1306 2584 abire

300 2609 403 2643 rogat
420 2602 598 2647 equitem,
627 2609 666 2635 ut
683 2603 751 2636 sibi
771 2603 865 2636 viam
886 2604 1037 2643 indicet;
1065 2617 1179 2661 qeques
1202 2616 1306 2648 pecu-

335 2712 383 2741 50>
404 2713 509 2742 ipsum]
530 2713 615 2737 cod.:
643 2714 731 2743 ipsum
751 2713 840 2744 ipsum

334 2758 383 2784 51)
407 2756 564 2788 Philippus]
584 2757 667 2782 Cod.:
694 2765 724 2790 φ.

1469 348 1591 383 CXVI.
1634 348 1718 383 Fuit
1750 355 1832 382 ante
1863 363 1996 395 paucos
2029 363 2144 385 annos
2177 350 2215 384 in
2238 350 2368 396 Anglia

1361 401 1609 446 ludimagister
1634 401 1783 447 quidam
1808 402 1873 435 sub
1891 402 2047 436 Henrico
2073 410 2221 444 octavo,
2248 404 2370 448 proxi-

1362 466 1422 487 mo
1442 465 1524 498 rege
1533 453 1698 498 Angliae,
1726 453 1755 487 is
1773 465 1838 498 per
1854 454 2026 498 scriptum
2047 461 2241 489 monuerat
2257 467 2371 502 quen-

1362 506 1445 539 dam
1473 506 1767 539 concionatorem
1797 512 1937 540 tantum
1965 507 2008 540 de
2034 507 2251 552 quibusdam
2276 519 2371 542 cras-

1363 557 1409 592 sis
1437 559 1621 592 erroribus
1647 558 1684 591 in
1709 557 1904 603 religione,
1941 559 2001 592 sed
2026 556 2117 592 nihil
2141 559 2283 604 publice
2307 560 2371 593 do-

1363 616 1497 643 cuerat.
1550 610 1722 644 Proditus
1740 616 1792 644 est
1810 610 1870 644 ille
1886 611 2002 644 bonus
2020 608 2131 644 homo
2148 617 2183 645 et
2200 612 2370 646 scelerate

1364 667 1549 695 accusatus
1583 663 1677 707 apud
1704 674 1848 707 regem,
1891 662 2073 696 coniectus
2099 669 2151 697 est
2175 669 2299 707 postea
2331 663 2370 696 in

1363 725 1557 753 carcerem,
1577 726 1617 747 ac
1636 714 1811 748 sententia
1830 714 1916 756 lata,
1933 720 1973 749 ut
1987 714 2069 758 igne
2087 715 2305 760 supplicium
2324 715 2368 749 ab

1363 777 1405 798 eo
1431 771 1647 800 sumeretur.
1714 764 1768 799 Ibi
1794 766 1931 801 amicus
1958 767 2097 812 vesperi
2124 767 2163 800 in
2188 779 2369 801 carcerem

1364 817 1483 851 attulit
1501 817 1532 851 ei
1557 823 1778 858 assaturam,
1808 831 1917 864 quam
1943 832 2023 853 cum
2045 818 2218 864 attigisset
2242 825 2277 853 et
2299 820 2369 854 fer-

1362 881 1449 903 vore
1474 875 1592 903 motos
1617 869 1749 913 digitos
1776 871 1998 911 attraxisset,
2039 871 2162 905 ridens
2187 871 2256 905 ait:
2297 870 2370 905 Cur

1363 933 1428 966 ego
1454 934 1529 955 non
1555 934 1700 966 possum
1728 922 1887 967 perferre
1915 923 2017 956 illum
2044 922 2235 956 dolorem?
2281 923 2369 969 quid

1362 973 1441 1014 fiet,
1469 986 1550 1008 cum
1569 986 1647 1008 cras
1665 974 1740 1018 ipse
1759 973 1933 1009 assahor?
1969 974 2150 1008 Postridie
2168 987 2248 1009 cum
2265 975 2372 1009 duce-

1361 1031 1461 1059 retur
1482 1027 1528 1059 ad
1550 1025 1786 1071 supplIcium,
1824 1033 1858 1060 et
1882 1039 1945 1060 rex
1969 1026 2039 1071 ipsi
2061 1039 2217 1072 poenam
2246 1026 2372 1061 remit-

1362 1083 1436 1111 tere
1453 1078 1581 1119 vellet,
1610 1084 1649 1111 ut
1666 1085 1854 1111 revocaret
1870 1091 2044 1119 errorem,
2072 1078 2261 1124 respondit
2276 1078 2369 1124 regi:

1361 1129 1597 1164 Serenissime
1621 1130 1768 1164 domine
1791 1130 1888 1171 Rex,
1922 1132 2118 1165 secundum
2145 1129 2262 1165 Deum
2289 1130 2370 1165 nul-

1361 1181 1430 1215 lius
1448 1182 1682 1216 autoritatem
1706 1182 1786 1226 plus
1808 1182 1901 1216 facio
1927 1195 2035 1228 quam
2058 1189 2180 1223 tuam,
2206 1183 2268 1217 sed
2293 1194 2369 1216 non

1362 1246 1509 1278 possum
1530 1233 1601 1267 iam
1621 1246 1639 1267 a
1660 1232 1821 1267 Domino
1840 1235 2002 1268 deficere.
2062 1233 2113 1267 Ita
2129 1234 2306 1268 sententia
2325 1236 2369 1267 de

1363 1297 1405 1319 eo
1429 1285 1500 1319 lata
1529 1292 1601 1327 est,
1630 1292 1669 1320 ut
1691 1287 1986 1327 combureretur,
2023 1298 2177 1332 cumque
2201 1285 2254 1319 illi
2277 1285 2371 1319 anti·

1362 1350 1435 1384 quo
1473 1350 1573 1371 more
1608 1337 1797 1372 fasciculus
1832 1344 1921 1373 esset
1955 1338 2181 1383 propositus,
2214 1343 2369 1384 utraque

1361 1401 1474 1423 manu
1490 1390 1675 1434 amplexus
1694 1396 1746 1424 est
1762 1391 1899 1424 dicens:
1935 1389 1968 1423 O
1988 1388 2078 1423 mihi
2101 1391 2240 1424 dulcem
2267 1389 2370 1424 fasci-

1363 1442 1502 1481 culum,
1545 1443 1607 1487 qui
1634 1454 1691 1474 me
1715 1454 1795 1475 cum
1827 1441 1906 1475 Deo
1932 1441 2135 1486 coniungit!
2178 1448 2287 1488 atque
2319 1441 2369 1475 ita

1360 1493 1419 1538 pie
1437 1506 1518 1526 cum
1537 1493 1632 1526 bona
1651 1494 1874 1527 confessione
1892 1499 2057 1527 mortuus
2075 1500 2139 1528 est.

1468 1543 1606 1579 CXVII.
1648 1544 1869 1590 Dalburgius
1891 1544 2091 1590 Episcopus
2115 1544 2370 1581 Wormatien-

1362 1596 1408 1631 sis
1419 1595 1465 1642 52)
1489 1595 1534 1630 D.
1551 1595 1642 1630 Iuris
1661 1603 1695 1630 et
1715 1597 1958 1631 CancellarIus
1973 1597 2133 1630 Palatini
2158 1597 2260 1631 duxit
2281 1609 2370 1631 uxo-

1361 1661 1437 1681 rem
1459 1649 1616 1682 vetulam
1635 1648 1872 1692 Argentinam
1900 1649 2004 1683 valde
2030 1649 2251 1694 opulentam.
2305 1648 2368 1682 Illa

1362 1707 1402 1734 ut
1416 1700 1566 1733 domino
1585 1713 1649 1735 suo
1669 1701 1845 1745 placeret,
1874 1701 2029 1746 sumpsit
2046 1713 2167 1735 secum
2184 1702 2222 1734 in
2235 1701 2368 1735 lectum

1362 1752 1619 1797 pretiosissima
1644 1759 1841 1797 unguenta.
1895 1752 2004 1798 Quod
2029 1766 2109 1787 cum
2127 1753 2186 1787 ille
2205 1753 2369 1791 animad-

1363 1804 1545 1845 vertisset,
1590 1804 1742 1838 subiecit
1773 1805 1931 1849 pixidem
1966 1805 2113 1850 plenam
2151 1811 2366 1840 atramento.

1360 1856 1490 1890 Vetula
1508 1856 1649 1901 vesperi
1667 1857 1704 1889 in
1720 1857 1879 1891 tenebris
1894 1857 2112 1890 deformavit
2128 1857 2255 1890 faciem
2272 1863 2368 1890 atra-

1360 1914 1506 1948 mento,
1543 1908 1750 1942 existimans
1775 1921 1811 1942 se
1834 1915 2059 1952 unguentum
2084 1921 2238 1943 sumere.
2305 1907 2367 1942 Ille

1361 1973 1467 1994 mane
1485 1961 1634 1995 adduxit
1651 1966 1823 2005 cognatos
1842 1961 1939 2001 eius,
1974 1967 2008 1994 et
2029 1961 2187 1994 ostendit
2211 1960 2281 1995 illis
2308 1961 2368 1994 de-

1360 2012 1580 2047 formitatem
1614 2013 1749 2047 uxoris.
1818 2012 1918 2046 Talis
1952 2019 2003 2047 est
2030 2013 2219 2048 simulatus
2250 2025 2367 2053 arnor,

1362 2078 1441 2099 cum
1462 2065 1668 2099 adolescens
1686 2064 1785 2098 ducit
1798 2077 1948 2098 uxorem
1966 2065 2122 2098 vetulam
2141 2071 2292 2110 propter
2307 2077 2366 2110 pe-

1361 2118 1504 2151 cuniam
1525 2123 1560 2150 et
1582 2123 1732 2162 propter
1757 2129 1906 2161 magnas
1928 2130 2013 2162 opes
2033 2123 2068 2151 et
2085 2117 2248 2158 divitias,
2285 2129 2364 2151 cum

1361 2169 1498 2215 alioqui
1514 2168 1543 2203 si
1562 2167 1789 2203 iuvenculam
1811 2171 1975 2210 duceret,
2002 2169 2117 2204 multo
2136 2169 2215 2214 plus
2235 2166 2367 2202 exhile-

1360 2228 1520 2262 raretur,
1548 2233 1656 2267 quam
1683 2221 1711 2255 si
1736 2221 1894 2255 vetulam
1923 2222 2054 2256 multas
2073 2234 2158 2267 opes
2172 2219 2364 2255 habentem

1360 2275 1517 2308 duceret.

1464 2331 1618 2367 CXVIII.
1653 2334 1861 2380 Aliquando
1889 2334 1934 2368 D.
1951 2335 2001 2370 M.
2019 2332 2201 2370 Lutherus
2224 2335 2365 2369 dicebat

1360 2387 1403 2419 de
1422 2386 1580 2432 quodam
1599 2384 1780 2431 Episcopo
1802 2387 2006 2431 Ungariae,
2040 2387 2102 2433 qui
2127 2387 2174 2420 ita
2201 2387 2363 2420 consola-

1360 2445 1416 2472 tus
1441 2444 1531 2472 esset
1553 2451 1636 2471 suos
1661 2439 1810 2479 milites,
1851 2452 1931 2472 cum
1954 2437 2255 2485 pugnaretur⁵²⁸)
2282 2451 2361 2473 cum

1360 2490 1505 2523 Turcis:
1535 2488 1605 2533 ξὺν
1621 2490 1723 2526 Heben
1740 2490 1845 2536 Pnecbt
1862 2490 1942 2537 siber
1964 2491 2041 2536 beut
2056 2489 2131 2535 fest„
2160 2493 2226 2528 mit>
2243 2493 2364 2527 merbet

1359 2553 1397 2589 gu
1416 2541 1603 2587 cbtistlicbcn
1620 2544 1777 2587 fflittetn„
1807 2542 1839 2587 so
1859 2545 1906 2579 vil
1926 2544 1978 2579 ‹21ss
1998 2545 2072 2579 estet·
2090 2540 2234 2587 sterben,
2261 2545 2362 2579 benen

1359 2593 1515 2641 netfprid)
1532 2595 1594 2639 idyl
1623 2598 1684 2631 ῠαῧ
1704 2596 1744 2640 sie
1762 2598 1889 2632 merben
1909 2596 1986 2640 beist
2002 2597 2064 2631 mit
2081 2601 2153 2643 gott
2169 2599 2231 2633 ba&
2241 2595 2363 2632 ment:

1392 2714 1439 2745 52)
1461 2714 1695 2748 urm-mutiensis]
1717 2716 1799 2740 Cod.:
1834 2715 2065 2740 Wurmazieusis

1392 2757 1459 2789 522)
1481 2760 1668 2790 pugnaretur]
1689 2759 1772 2784 Cod.:
1800 2759 1939 2790 pugnatur
