2389 3037
65 140 138 178 129
599 139 719 174 XCIV.
774 138 1108 174 GRAMMATICA

486 224 645 255 Μέλλων.

61 277 96 308 S.
122 276 264 316 ἐσοίμην
436 275 530 307 ἔσοιο
755 274 868 306 ἔσοιτο

59 329 100 360 D.
120 326 310 367 ἐσοίμεθον
437 326 606 358 ἕσοισθον
756 327 925 367 ἐσοίσθην

58 380 95 411 P.
120 379 294 419 ἐσοίμεθα
435 377 581 411 ἓσοισθε
755 378 899 410 ἔσοιντο.

347 436 596 472 Ἱποτακτικοῦ
620 440 778 476 ἐνεστώς.

58 492 94 523 S.
117 491 179 523 ἐὰν
203 488 228 522 ὦ
431 487 465 537 ᾗς
752 494 771 537 ῇ

57 544 96 575 D.
433 539 512 584 ἦτον
752 539 832 582 ἦτον

56 595 94 627 Ρ.
119 590 210 634 ὦμεν
433 591 488 636 ἦτε
754 589 828 626 ὦσι.

407 655 714 704 Ἀπαρέμφατον.

109 718 285 752 Praesens
303 714 411 762 εἶναι,
441 718 476 750 id
497 719 594 763 quod
614 718 776 752 dialectis
794 717 969 750 variatur.
997 715 1072 749 Do-

57 783 114 805 res
133 769 260 816 {aaron
277 776 312 803 et
332 768 490 815 ἔμμεναι
509 769 646 804 faciunt
658 797 667 810 ,
695 777 735 803 ut
753 782 861 815 supra
881 782 899 802 e
919 765 1072 804 τύπτειν

57 820 283 868 τυπτέμεναι
307 827 342 854 et
360 820 464 855 Iones
482 834 523 855 ex
545 821 673 868 ἔμεναι
691 821 801 867 ἔμεν,
827 828 867 856 ut
884 822 980 866 apud
998 820 1072 854 Ho-

56 886 196 908 merum
232 873 366 908 lliados
399 887 422 908 ι.
440 872 487 920 ²¹⁷)
542 872 618 921 φὰς
653 873 741 920 ἓζιιεν
769 872 981 918 ἀπτόλεμον
1008 871 1071 908 καὶ

57 922 264 967 ἀνάλκιδα,
300 932 335 959 et
361 938 464 960 verso
492 940 507 961 ε
535 927 572 959 in
598 940 643 972 η,
677 922 785 972 ἦμεν.
853 923 1070 959 Theocritus

57 976 179 1026 [ldyll.
198 976 240 1018 ΙΙ,
256 975 359 1025 41.],
387 977 611 1025 ἅπαρθενον
634 974 741 1024 ἦμεν.

108 1037 287 1072 Futurum
316 1037 480 1074 ἔσεσθαι,

459 1100 671 1145 Participia.

317 1144 334 1182 ὅ
354 1145 402 1179 (ι’)’ν
752 1149 811 1181 τοίΙ
836 1147 934 1186 ὄντος

112 1201 279 1231 Praesens
300 1151 335 1281 ζῆ
359 1196 446 1231 οὖσα
751 1200 808 1241 τῆς
832 1199 934 1240 οὔσης

316 1251 355 1282 τὸ
380 1249 420 1282 ὅν
751 1251 811 1282 τοῦ
836 1250 945 1288 ὄντος.

315 1298 332 1333 ὅ
358 1302 523 1342 ἐσόμενος
753 1313 812 1333 νου

200 1354 276 1385 Fut.
314 1350 332 1395 ἢ
357 1352 503 1394 ἐσομένη
750 1365 808 1394 νης

300 1404 349 1445 ,τὸ
373 1404 540 1444 ἐσόμενον
749 1416 821 1436 νον.

307 1467 414 1506 Φημί,
446 1467 538 1497 Dico.
584 1466 751 1498 Praesens
764 1466 819 1507 ²¹⁸).

57 1518 92 1549 S.
117 1518 209 1558 φημί
429 1517 512 1559 φής,
538 1518 622 1550 uude
639 1518 723 1559 gfdc,
749 1520 839 1561 φησί

56 1570 94 1600 D.
431 1571 544 1613 φατόν
750 1571 864 1612 φατόν

56 1622 93 1654 P.
120 1623 235 1663 φαμέν
429 1624 522 1664 φατέ
749 1624 849 1665 ‹saffi-

107 1676 285 1709 Futurum
317 1674 426 1723 φήσω
457 1685 521 1712 etc.

106 1728 281 1762 Aoriston
300 1740 330 1761 a.
361 1728 493 1775 ἔφησα.

105 1779 280 1813 Aoriston
298 1780 332 1813 b.
363 1778 478 1826 ἔφην,
507 1787 541 1813 et
562 1778 749 1825 aphaeresi
769 1784 847 1828 φῆν
869 1789 933 1817 etc.

107 1829 328 1864 Infinitivum
358 1830 491 1878 φάναι.

159 1882 373 1927 Congeriem
409 1884 604 1917 verborum
639 1885 892 1919 anomalorum
930 1891 965 1919 et
998 1885 1064 1918 im-

53 1934 300 1980 personalium
318 1934 410 1968 libro
430 1935 749 1970 Constructionum
769 1937 957 1978 adiiciam,
982 1938 1063 1971 ideo

53 1984 142 2020 haec
165 1987 250 2021 satis
273 1988 364 2021 duco
387 1988 510 2032 paucis
534 1986 602 2022 hoc
624 1989 781 2034 attigisse
797 1990 889 2024 loco.
944 1990 1063 2023 Parti-

52 2039 147 2084 cipia
173 2039 267 2072 inter
291 2039 399 2072 verba
426 2040 665 2085 reposuimus.
720 2041 922 2087 Supersunt
948 2055 966 2075 e
983 2055 1062 2076 ver-

54 2090 108 2125 bis
126 2091 276 2124 nomina
294 2092 467 2126 verbalia.

308 2159 371 2194 De
400 2162 584 2196 nomine
615 2163 809 2198 verbali.

158 2218 312 2254 Verbale
335 2234 469 2255 nomen
496 2229 547 2257 est
571 2225 668 2269 quod
696 2236 714 2257 a
737 2224 837 2258 verbi
860 2226 969 2259 modo
992 2232 1062 2260 sta-

55 2269 120 2303 tim
147 2270 358 2307 deflectitur.
411 2275 444 2307 A
469 2276 673 2319 praeteritis
706 2283 825 2310 autem
859 2278 1060 2312 verbalium

54 2322 194 2356 formae
216 2325 349 2358 cadunt
365 2326 485 2359 medio
504 2333 537 2360 et
563 2327 716 2372 passivo.
771 2328 841 2362 Sed
865 2330 1059 2364 formando

57 2381 248 2419 augmenta
275 2377 467 2411 concidito.

159 2427 191 2459 A
215 2429 335 2462 medio
362 2436 445 2463 sunt
468 2430 687 2464 substantiva
703 2459 712 2472 ‚
742 2439 782 2465 ut
807 2445 825 2466 a
852 2431 980 2469 τύπτω
1003 2432 1062 2469 τέ-

56 2489 176 2522 τυπα,
211 2481 248 2513 fit
274 2480 390 2521 τύπος
423 2483 568 2526 dempto
595 2491 787 2525 augmento
805 2484 872 2529 ⁴⁹),
909 2492 943 2518 et
969 2487 1060 2520 facta

91 2584 139 2616 47)
159 2587 190 2615 ι.]
210 2586 251 2611 εἰσ
267 2590 341 2611 recte
357 2589 441 2613 l-Iditt.
458 2589 637 2613 1522-1541.
650 2590 742 2619 1557,
735 2598 741 2604 ·
764 2592 850 2615 Editt.
867 2593 1060 2619 1542—1548

127 2620 212 2644 maie:
242 2629 268 2647 α.
289 2623 406 2655 Legitur
428 2624 499 2648 enim
519 2625 560 2648 hic
581 2631 680 2647 versus
700 2625 729 2648 ll
743 2626 793 2657 IX,
809 2627 852 2651 35.

92 2661 139 2694 48)
159 2663 212 2687 Pro
230 2664 289 2692 hia,
308 2667 391 2690 Editt.
411 2667 516 2692 1522—
528 2669 601 2692 1541.
623 2668 959 2700 habentinscriptionem:
984 2671 1060 2695 Ver-

129 2699 189 2722 bum
211 2698 284 2730 φημὶ
306 2707 449 2730 praesens

93 2740 140 2772 49)
161 2743 269 2772 dempto
292 2744 451 2777 augmento]
473 2746 513 2769 sic
534 2746 618 2771 Editt.
645 2746 719 2771 1542.
739 2754 816 2777 sqq.;

131 2777 205 2802 ¹541.
227 2780 374 2807 augmento
396 2780 503 2810 dempto

56 2817 241 2850 Μειᾼκτῐῐ.
266 2820 370 2851 Oeen.
398 2822 481 2852 Yon.

846 2749 928 2773 Editt.
953 2750 1059 2776 1522-

506 2824 577 2853 XX.

1145 137 1341 172 GRAECA
1378 137 1607 174 [NTEGRA.
2067 144 2139 179 130

1131 225 1290 259 nominis
1312 224 1588 265 terminatione,
1617 224 1712 273 λέγω
1730 226 1861 274 λέλογα
1881 224 2008 275 λόγος,
2037 228 2138 264 στέλ-

1130 279 1182 310 λω
1198 276 1330 311 ἔστολα
1350 289 1462 317 orno,
1486 275 1596 323 στολή
1612 279 1701 311 stola
1722 279 1840 313 vestis.
1894 278 1981 312 ltem
2001 279 2138 317 στέλλω

1100 298 1105 363 l
1130 327 1261 362 ἔστολα
1281 329 1406 368 mitto,
1435 328 1563 368 στόλος
1580 330 1710 370 classis,
1740 330 1936 366 ἐπιστέλλω
1961 331 2139 368 ἐπέστολα

1130 378 1312 423 ἐπιστολή
1336 378 1549 415 ἀποστέλλω
1566 379 1750 417 ἇπὲστολα
1768 379 1972 424 ἀπόστολος
1989 385 2138 429 legatus,

1129 433 1280 478 στρέφω
1299 430 1465 478 ἴστροφα
1481 430 1639 480 στροφή.

1231 492 1391 525 Adnotet
1412 489 1469 526 hic
1494 505 1584 538 puer
1608 500 1772 528 accentus
1797 496 2023 531 varietatem.
2087 498 2136 538 Ος

1128 542 1328 577 desinentia
1349 557 1578 579 communem
1596 546 1755 590 regulam
1776 554 1988 593 sequuntur,
2011 562 2033 595 η
2048 550 2135 584 fines

1128 595 1223 628 acuit
1242 609 1308 641 pro
1327 597 1574 631 derivatorum
1598 611 1710 631 more.
1759 597 1933 644 Exempla
1952 609 2134 645 congerat,

1128 659 1200 692 quo
1221 648 1332 682 ditior
1354 649 1497 694 linguae
1517 650 1589 683 fiat.

1231 710 1264 743 A
1296 710 1430 754 passivi
1461 710 1648 755 praeteriti
1684 711 1801 755 prima
1835 724 1986 756 persona
2000 740 2009 753 ,
2044 715 2135 748 fiunt

1126 760 1283 794 maxime
1303 762 1527 796 substantiva
1550 768 1677 796 neutra
1697 763 1734 795 in
1751 776 1819 807 μα,
1847 763 1975 799 τύπτω
1996 764 2133 811 τέτυμ-

1123 824 1215 857 μαι,
1245 814 1330 847 tolle
1349 822 1585 859 augmentum
1601 821 1636 847 et
1652 815 1708 848 fac
1728 816 1888 849 nominis
1905 817 2132 851 terminatio-

1125 876 1206 897 nem
1234 864 1385 910 τύμιια,
1416 868 1514 912 quod
1545 879 1612 911 pro
1638 867 1771 910 flagro
1799 880 1930 912 nempe
1959 883 1976 902 ι
2003 866 2132 905 τύπτω

1125 917 1220 960 apud
1252 916 1488 953 Theocritum
1519 917 1636 968 [ldylt
1653 918 1713 959 IV,
1735 917 1814 968 55]
1846 920 1994 965 legitur,
2030 919 2131 957 όσσι-

1120 964 1192 1012 χόν
1217 968 1291 1003 ἐστι
1317 968 1360 1005 τὸ
1383 971 1517 1016 τύμιια
1540 983 1604 1005 και
1628 969 1757 1006 ἁλίκον
1782 970 1906 1018 ἄνδρα
1931 970 2129 1018 δααάσὸει.

1125 1020 1195 1064 Qua
1198 1021 1353 1054 tntillum
1375 1029 1427 1056 est
1448 1023 1601 1067 fiagtum
1628 1029 1662 1056 et
1690 1030 1831 1057 tantum
1855 1025 1972 1057 virum
1993 1026 2077 1058 dom
2083 1032 2131 1066 at,

1123 1071 1162 1104 in
1186 1074 1371 1116 proverbii
1399 1075 1552 1120 speciem
1579 1075 1730 1116 dicitur,
1758 1073 1889 1111 ἇλικοι
1913 1089 1980 1120 pro
2000 1074 2130 1123 ἡλίκον

1095 1132 1098 1172 g
1124 1130 1158 1157 et
1175 1122 1363 1170 &audactae
1381 1139 1448 1171 pro
1469 1125 1650 1188 δαιιάζει,
1678 1129 1769 1161 sicut
1789 1141 1855 1172 pro
1879 1127 2043 1175 συρίζειν
2063 1141 2128 1165 συ-

1124 1173 1288 1222 plodens,
1315 1179 1467 1213 solvitur
1489 1180 1584 1212 enim
1609 1177 1631 1221 ζ
1648 1180 1684 1211 in
1703 1177 1762 1216 σὸ.

1187 1243 1325 1284 πράττω
1501 1248 1707 1286 πέπραγμαι
1817 1245 1932 1287 πρᾶγμ
1939 1258 1961 1278 α

1186 1304 1333 1327 σκωπτω
1503 1297 1684 1338 ἕσκωμμαι
1818 1298 1964 1338 σκῶμμα

1185 1348 1308 1388 γράφω
1501 1352 1695 1391 γέγραμμαι
1817 1349 1971 1391 γράμμα.

1230 1409 1327 1445 Sunt
1362 1419 1395 1445 ct
1434 1413 1524 1446 aliae
1564 1413 1837 1447 terminationes
1876 1412 1959 1446 hinc
1989 1416 2129 1449 deflecti

1123 1463 1270 1503 solitae,
1307 1471 1346 1498 ut
1376 1463 1491 1510 ὀσμός
1519 1465 1563 1498 ab
1601 1463 1721 1510 ὄζειν,
1756 1462 1904 1513 ψαλμός
1934 1466 1978 1499 ab
2013 1465 2128 1514 ἔψαλ-

1121 1527 1203 1559 μαι,
1233 1515 1445 1564 λελόγισμαι
1464 1514 1651 1566 λογισμός.
1689 1517 1871 1562 Simplicia
1896 1518 2017 1551 omnia
2042 1520 2128 1554 fines

1123 1574 1268 1601 acuunt.

1228 1617 1423 1666 φράζομαι
1465 1620 1685 1669 πέφρασμαι
1728 1618 1919 1668 φράσμων
1963 1624 2128 1666 regulare

1120 1670 1259 1710 fuerat,
1287 1674 1348 1705 sed
1372 1673 1523 1717 repetita
1551 1680 1603 1707 est
1628 1671 1797 1708 thematis
1822 1674 1938 1708 litera.
1995 1675 2086 1709 Nam
2108 1674 2130 1719 ζ

1122 1722 1159 1755 in
1193 1720 1241 1758 σδ
1272 1724 1433 1769 liquitur.
1496 1724 1621 1771 ltaque
1655 1723 1680 1760 ὃ
1708 1726 1885 1771 posterius
1911 1724 2127 1762 characteris

1120 1774 1187 1807 sibi
1213 1775 1266 1808 ius
1290 1784 1457 1820 arrogat,
1495 1784 1529 1810 et
1553 1777 1684 1810 dicitur
1711 1775 1903 1825 φράδμων
1928 1780 2127 1824 consultor,

1121 1823 1393 1873 συμφρᾶδαων
1418 1830 1513 1873 apud
1539 1829 1738 1863 Homeium
1764 1828 1823 1878 [ll.
1842 1829 1884 1870 II,
1903 1830 2020 1876 372.].

1180 1892 1249 1925 νοῶ

1180 1944 1274 1986 φιλῶ

1496 1895 1661 1937 νενόημαι

1496 1948 1693 1990 πεφίλημαι

1813 1896 1950 1938 νόημων

1812 1948 1987 1992 φιλήμων.

1222 2009 1253 2040 Α
1278 2011 1463 2053 praeteriti
1491 2012 1621 2055 passivi
1648 2013 1801 2045 secunda
1827 2024 1979 2057 persona
2012 2014 2123 2047 inaxi-

1118 2072 1175 2092 me
1196 2059 1233 2092 in
1249 2073 1281 2099 ις
1303 2061 1501 2095 foeminina
1525 2063 1683 2096 verbalia
1705 2065 1857 2104 cadunt,
1885 2071 1922 2098 ut

1180 2126 1271 2158 ποιῶ
1495 2132 1687 2171 πεποίησαι
1810 2132 1948 2172 ποίησις
1971 2135 2083 2173 poesis

1176 2179 1302 2221 μορφῶ
1491 2181 1725 2224 μεμόρφωσαι
1805 2184 1989 2226 μόρφωσις

1177 2231 1343 2272 αἱροῦμαι
1492 2232 1618 2280 ᾕρησαι
1810 2247 1827 2277 η
1843 2238 1874 2267 in
1892 2248 1909 2269 ε
1923 2236 2056 2278 αἵρεσις

1177 2283 1263 2322 λέγω
1491 2286 1629 2324 λέλεξαι
1808 2288 1909 2325 λέξις.

1219 2347 1251 2378 A
1269 2348 1451 2391 praeteriti
1471 2351 1603 2393 passivi
1623 2351 1724 2383 tertia
1744 2363 1894 2394 persona
1916 2353 2017 2396 plura
2037 2361 2119 2386 sunt.

1116 2398 1295 2438 verbalia,
1323 2411 1430 2444 quarn
1457 2402 1640 2436 numerari
1660 2410 1814 2448 queant,
1843 2416 1905 2443 τος
1930 2405 2119 2445 adiectiva,

1114 2452 1321 2496 παρακαλῶ
1347 2451 1644 2501 παρακέκληται,
1682 2455 1766 2488 tolle
1792 2462 2024 2500 augmentum
2040 2484 2048 2497 ‚
2085 2463 2117 2490 et

1113 2503 1168 2535 fac
1186 2502 1344 2537 nominis
1364 2505 1656 2540 terminationem
1677 2506 1922 2553 παράκλητος.
1973 2508 2117 2553 Simpli-

1115 2554 1166 2586 cia
1201 2554 1321 2587 omnia
1349 2556 1436 2590 fines
1455 2565 1607 2599 acuunt,
1637 2559 1835 2603 composita
1855 2567 1980 2593 tonum
2000 2567 2115 2594 trans-

1114 2606 1245 2639 serunt.

1083 2548 1088 2585 „a
1086 2478 1088 2543 ἡ
1086 1989 1092 2469 *w
1088 1459 1098 1985 Ἦ..
1094 1298 1099 1455 -ι-ᾑ

1218 2666 1307 2700 Cum
1329 2669 1540 2702 adnotarem
1558 2673 1627 2706 τοῦ
1642 2670 1876 2718 παράκλητος
1892 2678 2032 2712 tonum,
2056 2684 2113 2705 ve-

1113 2718 1167 2751 nit
1193 2719 1227 2751 in
1246 2726 1403 2753 mentem
1424 2722 1545 2765 magni
1564 2722 1748 2757 cuiusdam
1770 2723 2022 2767 disputatoris,
2051 2724 2112 2769 qui

1085 2797 1087 2811 ‚
1113 2782 1228 2815 nuper
1258 2784 1336 2804 cum
1367 2772 1562 2817 Haganoae
1592 2788 1768 2813 essemus,
1805 2775 1863 2807 Dii
1895 2776 2001 2814 boni,
2039 2788 2110 2821 quo

1521 2825 1543 2858 9
