2389 3037
79 127 130 164 89
601 125 723 161 XCIV.
778 125 1107 162 GRAMMATICA

173 212 388 268 Paradigma
408 212 586 257 integrum
606 211 807 248 diatheseos
825 226 856 248 ω
873 213 1069 247 subiectum
1096 231 1101 286 1

81 272 133 300 est
158 265 280 298 oculis.
334 264 509 298 lNolebam
526 276 674 309 prorsus
695 265 877 298 turbatum
907 277 1073 309 puerum,
1097 289 1100 303 .

80 327 192 362 quare
209 322 243 349 et
260 316 378 349 media
398 317 541 360 dempta
560 322 662 357 sunt,
691 323 723 350 et
742 314 832 349 nihil
861 316 1072 349 variationis

80 364 177 403 κατὰ
196 365 409 407 διαλέκτους
425 367 674 402 indicavimus.
727 366 851 413 ltaque
878 374 1073 413 sequentur

78 416 232 459 scholia,
261 419 389 464 quibus
408 425 441 452 et
459 417 506 454 τὰ
523 417 619 454 κατὰ
638 417 852 458 διαλέκτους
876 419 1073 459 adnotabo,
1098 419 1101 441 Ι

80 470 141 504 sed
164 469 304 514 paucis,
342 477 376 504 et
398 471 580 515 regulares
605 477 809 514 temporum
837 470 1073 503 formationes

79 533 246 567 exequar.
303 520 343 554 Id
358 522 452 556 enim
480 534 593 567 prope
615 522 729 556 solum
748 521 884 555 Graeca
908 522 1073 556 discenti-

79 572 144 607 bus
163 584 354 617 operosum
374 580 436 607 est.
490 573 565 608 Nos
583 573 779 613 enitemur,
809 585 900 619 quae
927 574 972 607 ad
996 586 1070 607 rem

80 623 300 665 attinehunt,
343 625 448 669 longe
479 624 668 665 facillime,
712 624 845 670 quippe
880 625 1006 658 ordine
1034 638 1073 659 ac

79 672 251 709 methodo
280 682 445 710 tractare.
514 675 677 709 Primum
707 688 791 720 ergo
816 676 859 709 de
886 677 1073 710 formatio—

80 726 198 761 nibus.

520 774 650 812 τύπτω

80 828 203 862 Prima
217 827 348 873 positio
363 834 426 869 est,
445 829 540 862 unde
553 829 732 863 derivabis
745 830 882 876 reliqua
899 837 1075 876 tempora.

79 878 233 913 Variant
249 885 368 913 autem
387 886 552 925 tempora
571 888 604 914 et
620 881 689 914 fine
706 887 740 914 et
756 881 872 917 initio.

505 931 663 967 ἔτυπτον

80 980 284 1027 Dupliciter
300 994 319 1015 a
337 981 466 1017 τύπτω
483 983 601 1016 deficit
619 983 722 1016 initio
742 990 776 1017 et
794 985 876 1019 fine.

392 1033 447 1067 De
467 1032 623 1082 ἔγκλίσει
644 1035 778 1078 regula.
1103 1051 1106 1089 ἶ

183 1084 425 1118 Praeteritum
454 1085 704 1130 imperfectum
738 1086 835 1120 vocis
867 1086 1003 1119 activae
1035 1098 1079 1121 ον
1104 1091 1106 1124 ἱ

81 1134 234 1176 desinit,
277 1148 357 1169 cum
384 1134 669 1171 characteristica
698 1138 915 1182 praesentis,
951 1136 1080 1173 τύπτω
1104 1171 1107 1180 Α

82 1185 262 1231 ἔτυπτον,
285 1185 410 1234 χαίρω
427 1187 588 1235 ἔχαιρον.
643 1189 945 1223 Animadvertant
964 1189 1080 1233 pueri,
1105 1182 1107 1240 Ξ

81 1249 128 1271 ne
153 1238 240 1283 quid
270 1239 468 1281 praesentis
502 1237 808 1273 characteristicae
842 1246 1001 1280 mutent,
1043 1240 1078 1272 id
1105 1258 1107 1299 A

84 1289 181 1335 quod
202 1289 361 1333 proclive
387 1291 581 1323 admodum
611 1297 661 1324 cst
685 1290 721 1323 in
743 1291 860 1325 verbis
885 1289 1081 1336 diphthon-
1106 1302 1107 1318 1

84 1339 175 1384 gatis
192 1346 231 1373 ut
241 1337 378 1386 χαίρω,

1106 1383 1109 1407 l

315 1422 377 1457 De
406 1424 677 1459 variatione
704 1426 852 1461 initii.
1106 1410 1110 1486 i

189 1491 429 1526 Praeteritum
462 1492 709 1537 imperfectum
748 1502 898 1539 augetur
931 1496 986 1529 vel
1021 1497 1081 1529 ad-
1108 1488 1109 1500 ¹

84 1541 173 1576 iecta
198 1543 244 1576 ad
268 1543 487 1588 principium
513 1545 612 1578 verbi
640 1546 754 1578 vocali
779 1559 813 1585 ε,
857 1547 911 1580 vel
944 1553 1078 1581 mutata

86 1593 188 1627 litera
206 1594 307 1628 brevi
324 1594 362 1627 in
379 1597 537 1639 longam.

426 1699 575 1731 verbum
596 1699 740 1739 crescit,
767 1697 895 1735 τύπτω
911 1700 1082 1737 ἔτυπτον.
1108 1722 1109 1727 =

402 1747 637 1793 Temporale,
666 1750 725 1783 ubi
748 1756 911 1795 tempore
939 1759 1080 1786 tantum

427 1800 541 1843 prima
563 1801 660 1833 verbi
680 1802 813 1846 syllaba
835 1803 970 1837 crescit.

113 1721 356 1765 Augmentum

327 1882 454 1928 Quae
482 1886 665 1919 variant
693 1886 845 1922 initio.

557 1954 741 1995 Mutabili,
772 1969 794 1990 α
812 1970 827 1991 ε
849 1970 888 1998 o,
918 1964 1083 1999 augetur-

504 2018 572 2049 que
600 2012 781 2050 tempore,
812 2015 850 2041 ut
873 2007 954 2055 ᾅδω
976 2005 1082 2054 ᾖδον,
1108 2043 1109 2048 ,

504 2055 590 2091 ε’λέω
607 2055 758 2103 ἠλέουν,
787 2058 962 2104 ὀνομάζω
985 2057 1081 2095 ὠνό-
1107 2078 1109 2105 i

502 2106 637 2152 μαζον.
1107 2119 1109 2145 1

554 2159 694 2194 Notatis
708 2159 818 2206 εἶχον,
835 2161 950 2203 εἶπον,
971 2159 1082 2205 εἷλον,
1106 2194 1107 2197 ,

87 2204 205 2239 Omne
216 2219 293 2240 ver·
501 2207 641 2253 εἷλκον,
693 2210 838 2259 εἷρπον,
887 2211 1081 2259 εἱστήκειν,
1106 2248 1107 2251 ,

87 2258 171 2290 bum
205 2258 289 2292 inci·
334 2259 459 2293 Vocali
501 2260 676 2308 εἱπόμην,
703 2263 869 2307 εἱστίων,
900 2266 1007 2309 εἴων,
1032 2267 1081 2300 εἴ-
1106 2261 1108 2306 ᾗ

124 2309 177 2354 pit
195 2317 255 2343 aut
502 2326 620 2359 ρυον,
649 2314 811 2358 εἴθιζον,
841 2315 1079 2365 εἰργαζόμην,
1105 2310 1108 2369 ζ

502 2371 533 2397 et
548 2365 733 2405 similibus,
747 2380 838 2412 quae
851 2381 865 2402 ε
881 2369 1080 2412 praesentis

502 2416 535 2448 in
556 2429 584 2450 ει
603 2416 863 2463 diphthongum
883 2426 1021 2453 mutant
1035 2420 1078 2465 ²).
1102 2410 1106 2474 ῙΙ

551 2466 786 2510 lrumutabili,
813 2485 834 2516 η
852 2485 865 2505 ι
892 2484 915 2506 υ
937 2484 985 2509 ω,
1014 2484 1078 2504 nec
1103 2488 1106 2514 ς

499 2519 646 2563 syllaba,
671 2533 733 2553 nec
752 2528 891 2566 tempus
911 2523 1078 2556 accrescit
1103 2517 1105 2528 ⁸

499 2571 559 2602 tali
573 2572 693 2611 verbo,
708 2579 743 2605 ut
756 2571 897 2609 ἱππεύω
907 2574 1077 2612 ἵππευον.

1102 2614 1105 2655 ἰ

116 2698 149 2728 2)
167 2699 274 2723 notatis
293 2712 326 2716 —
345 2702 477 2731 mutant]
498 2702 539 2726 sic
554 2703 602 2727 Ed.
623 2703 713 2733 1542.;
742 2704 768 2728 {n
788 2706 1075 2731 Editt.1522—1541.
1100 2694 1104 2767 Ι

150 2734 218 2758 haec
237 2736 343 2760 desunt.

1143 125 1336 162 GRAECA
1370 125 1598 162 INTEGRA.
2080 132 2131 167 90

1601 221 1788 263 Mutabili,
1817 236 1854 258 αι
1875 237 1925 259 αυ
1948 238 1998 266 οι,
2026 239 2130 270 auge-

1553 280 1621 313 tur,
1639 280 1677 306 ut
1693 275 1788 321 αἴρω
1803 271 1909 321 ᾖρον,
1932 274 2052 311 αὐλέω
2067 276 2131 322 ηὔ-

1555 326 1637 358 λεον
1649 351 1657 366 ,
1686 325 1855 373 οἰκτείρω
1874 326 2066 373 ᾤκτειρον.

1603 374 1842 417 lmmutabili,
1877 391 1917 414 ευ
1939 392 1968 413 ει
1990 392 2054 422 ου,
2095 379 2131 411 in

1351 396 1503 484 ltfflphg)
1554 423 1608 459 his
1625 425 1714 459 nihil
1738 436 1856 468 muta,
1885 427 1984 465 εὕδω
2007 425 2131 466 εὗδον.

1409 462 1479 494 ong
1556 477 1668 522 Saepe
1724 480 1876 514 transitu
1932 481 2132 522 literarum,

1127 554 1159 588 O
1270 567 1277 575 ‚
1556 529 1752 574 symbolico
1786 537 1906 564 tamen
1936 527 2055 577 ηὗδον
2085 533 2133 566 le-

1126 607 1148 639 b
1164 566 1333 612 mnefer-
1555 593 1632 624 ges,
1659 581 1709 614 sic
1728 594 1768 614 ex
1784 580 1871 618 εἴδω
1892 580 1986 628 ᾔδη,
2018 591 2057 616 ut
2080 585 2133 617 in-

1151 618 1217 690 Πῐῗὶ
1238 618 1333 691 ²:35¹-
1555 632 1607 665 fra
1626 632 1662 665 in
1680 631 1846 668 Thersite
1862 634 2010 668 videbis.

1163 670 1186 702 p
1605 691 1660 725 De
1677 690 1745 726 hoc
1770 695 1890 737 regula
1917 700 1984 728 est:
2011 693 2134 727 Adsci-

1371 767 1398 802 Ο
1554 756 1649 778 scere
1670 745 1842 790 syllabam
1869 759 1884 780 ε
1910 745 2030 778 omnia
2055 757 2133 778 ver-

1401 780 1506 802 onso‘
1553 795 1618 835 ba,
1670 809 1761 842 quae
1794 810 1812 829 a
1852 796 2132 830 consonantibus

1362 848 1363 851 ,
1391 826 1501 853 nante

1553 847 1737 887 ordimur,
1783 849 1890 894 idque
1922 848 2132 893 syllabicum

1552 905 1603 932 est
1622 907 1868 943 augmentum.

1237 948 1307 981 Sed
1326 945 1383 981 hic
1404 949 1624 990 observabis,
1652 963 1743 996 quae
1762 952 1806 985 ab
1825 952 1846 997 ῥ
1862 951 2052 996 incipiunt,
2078 962 2131 984 as-

1131 1006 1276 1043 sumpto
1295 1007 1489 1044 augmento
1502 1027 1511 1040 ,
1540 1014 1562 1048 ρ
1580 1003 1784 1046 geminare,
1812 1015 1852 1036 ac
1871 1002 1970 1047 prius
1987 1001 2132 1047 quidem

1132 1051 1260 1096 spiritu
1287 1051 1409 1092 tenui,
1446 1052 1598 1086 alterum
1626 1060 1749 1087 autern-
1771 1066 1898 1099 aspero
1926 1053 2066 1093 notari,
2095 1059 2134 1086 ut

1131 1101 1200 1148 ῥέω
1219 1101 1353 1148 ἔῤῥεον.

1237 1153 1454 1187 Observabis
1471 1161 1505 1187 et
1521 1155 1635 1189 Attica
1651 1183 1659 1196 ,
1688 1170 1780 1202 quae
1807 1158 1938 1202 duplex
1962 1167 2132 1200 augmen-

1134 1212 1209 1238 tum
1236 1204 1436 1249 recipiunt‚
1482 1213 1521 1239 ut
1543 1207 1683 1252 μέλλω,
1725 1208 1877 1254 ἔμελλον
1902 1214 1936 1241 et
1960 1207 2131 1253 ἤμελλον.

1131 1253 1344 1302 βούλομαι,
1370 1254 1583 1304 ἐβουλόμην
1610 1265 1644 1292 et
1672 1257 1903 1306 ἠβουλόμην.
1948 1256 2130 1304 δύναμαι,

1135 1304 1327 1352 ἐδυνάμην
1345 1314 1377 1340 et
1395 1306 1596 1355 ἠδυνάμην
1611 1310 1654 1357 ³).

1237 1358 1355 1403 Atque
1373 1356 1460 1392 haec
1481 1366 1532 1394 est
1550 1361 1765 1406 simplicium
1786 1363 1920 1406 regula.
1974 1360 2131 1405 Compo-

1135 1409 1200 1443 sita
1223 1421 1298 1442 non
1322 1410 1464 1444 variant
1492 1413 1618 1445 eodem
1644 1414 1774 1454 modo,
1809 1414 1843 1447 id
1874 1414 1971 1459 quod
2004 1413 2131 1445 ordine

1137 1461 1314 1494 subiectae
1333 1462 1476 1506 regulae
1498 1463 1640 1497 docent.

1539 1522 1568 1556 P
1587 1535 1604 1555 r
1624 1524 1632 1555 i
1652 1536 1685 1556 m
1704 1536 1735 1558 a.

1239 1580 1342 1625 Quae
1366 1582 1507 1615 nomini
1531 1584 1639 1617 verba
1672 1590 1960 1629 componuntur,
2003 1590 2133 1628 augent

401 1646 639 1691 syllabicum'
667 1648 728 1681 ubi
749 1649 908 1694 syllabae
929 1662 1081 1684 numero
1105 1674 1113 1681 .
1135 1632 1349 1676 simplicium
1386 1634 1517 1674 modo,
1564 1638 1870 1684 φυσιογνωμονῶ
1898 1636 2132 1684 ἐφυσιογνω-

1108 1688 1109 1696 ’
1134 1679 1292 1727 μόνουν.

1347 1684 1404 1717 Sic
1422 1685 1559 1720 Gellius
1578 1688 1670 1720 libro
1692 1689 1723 1722 1.
1747 1689 1861 1733 capite
1878 1688 1913 1722 9.
1940 1689 1982 1721 de
1997 1685 2132 1732 Pytha—

1136 1747 1240 1778 gora:
1277 1734 1351 1768 Iam
1370 1748 1388 1768 a
1407 1737 1586 1782 principio
1613 1740 1872 1781 adolescentes,
1905 1739 1967 1786 qui
1990 1751 2064 1773 sese
2086 1739 2131 1771 ad

1137 1785 1344 1819 discendum
1371 1788 1594 1829 obtulerant,
1630 1789 1971 1839 ἐφυσιογνωμόνει,
2008 1791 2044 1823 id
2069 1796 2133 1830 est,

1110 1849 1155 1881 ¹e
1186 1843 1336 1870 naturae
1370 1836 1494 1872 habitu
1529 1840 1728 1880 iudicabat;
1766 1843 1999 1886 praeteritum
2035 1841 2130 1874 enim

1138 1888 1388 1932 imperfectum
1416 1896 1486 1929 est3
1523 1893 1670 1926 verbum
1699 1906 1717 1926 a
1742 1890 1855 1940 φύσις
1877 1891 1939 1928 καὶ
1961 1889 2129 1941 γνώμων

1136 1940 1186 1973 fit.
1255 1940 1312 1974 Sic
1341 1946 1565 1992 χειραγωγιῦ
1597 1943 1891 1994 ἐχειραγώγουν,
1935 1944 2132 1991 φιλοσοφῶ

1136 1990 1408 2039 ἐφιλοσόφουν,
1444 1993 1597 2040 οἰνοχέω
1622 1994 1805 2042 ᾠνόχουν.
1868 1996 2046 2029 Homerus
2071 1993 2130 2043 [ll-

1108 2063 1109 2070 η
1135 2041 1194 2084 lV,
1212 2042 1267 2091 3.]
1284 2042 1418 2092 νέκταρ
1437 2045 1620 2092 ἐῳνοχόει.

1239 2108 1254 2129 ε·
1274 2096 1396 2129 adiicit
1411 2097 1528 2130 Attica
1546 2100 1656 2141 figura
1670 2125 1679 2138 ,
1707 2105 1746 2132 ut
1764 2099 1856 2131 infra
1883 2099 2012 2132 dicam,
2066 2098 2131 2143 ῥα-

1106 2159 1109 2168 =
1134 2144 1257 2192 ψῳδιῦ
1279 2144 1545 2194 ἐῤῥαψῴδουν,
1583 2163 1600 2181 a
1630 2147 1747 2196 ῥάψαι
1773 2148 1835 2184 καὶ
1863 2146 1961 2196 ᾠδή,
2006 2148 2083 2182 aliis
2112 2162 2130 2181 a

1106 2213 1107 2219 ι
1133 2196 1275 2243 ῥάβδος
1293 2200 1466 2232 deducere
1486 2201 1609 2244 placet.
1643 2204 1844 2249 λειτουργῶ
1862 2199 2130 2248 ἐλειτούργουν.

1429 2259 1635 2293 Secunda
1667 2262 1834 2305 regula.

1237 2315 1338 2360 Quae
1367 2318 1471 2349 verba
1502 2319 1574 2352 sola
1605 2320 1866 2361 compositione
1897 2326 2129 2363 usurpantur,

1133 2378 1196 2399 uec
1214 2367 1332 2400 statim
1352 2380 1392 2400 ex
1410 2369 1488 2402 aliis
1514 2370 1651 2405 usitatis
1669 2372 1889 2416 simplicibus
1907 2383 2129 2416 componun-

1134 2424 1209 2455 tur,
1254 2426 1384 2461 augent
1411 2420 1510 2453 initia
1541 2424 1649 2455 ιιιοὼ)
1674 2423 1912 2467 simplicium,
1954 2429 1993 2456 ut
2022 2434 2129 2469 φροι-

1130 2466 1254 2513 μιάζω
1278 2482 1295 2501 a
1325 2468 1396 2516 πρὸ
1420 2471 1483 2506 καὶ
1508 2474 1595 2519 οὶζιιη
1620 2476 1672 2507 vel
1701 2472 1825 2519 οἶμος,
1853 2481 1891 2507 ut
1912 2475 1987 2506 vult
2005 2474 2128 2517 Ulpia-

1131 2533 1216 2559 nus,
1246 2520 1498 2557 Demosthenis
1520 2526 1705 2569 interpres.
1758 2527 1848 2560 Nam
1871 2524 2027 2570 οἶμιάζω
2053 2536 2126 2557 ⁸01·-

1132 2572 1214 2603 bum
1246 2585 1318 2604 non
1351 2581 1412 2608 est.
1483 2576 1747 2622 ἐφροιμίοιζον,
1795 2584 1833 2610 ut
1869 2577 1904 2609 iu
1928 2577 2126 2609 Moralibus

1131 2625 1224 2666 apud
1244 2624 1470 2658 Aristotelem
1492 2626 1796 2674 πεᾳροιμιάσθω.

1164 2707 1193 2738 3)
1214 2708 1268 2731 sed
1287 2709 1330 2731 hic
1349 2722 1381 2725 --
1401 2704 1567 2743 ἧδυνόμην]
1600 2711 1639 2735 sic
1664 2712 1713 2736 Ed.
1736 2711 1826 2741 1542.;
1863 2712 1888 2734 in
1916 2711 2000 2737 Eum.
2022 2710 2126 2735 1522-

1202 2743 1274 2766 15⁴1.
1297 2744 1404 2768 desunt.
