<?xml version="1.0" encoding="UTF-8"?>
<!DOCTYPE html PUBLIC "-//W3C//DTD XHTML 1.0 Transitional//EN"
    "http://www.w3.org/TR/xhtml1/DTD/xhtml1-transitional.dtd">
<html xmlns="http://www.w3.org/1999/xhtml" xml:lang="en" lang="en">
 <head>
  <title>
</title>
<meta http-equiv="Content-Type" content="text/html;charset=utf-8" />
  <meta name='ocr-system' content='tesseract 3.04.00' />
  <meta name='ocr-capabilities' content='ocr_page ocr_carea ocr_par ocr_line ocrx_word'/>
</head>
<body>
  <div class='ocr_page' id='page_1' title='image "./operaquaesupersu20melauoft/operaquaesupersu20melauoft_0188.png"; bbox 0 0 2421 3037; ppageno 0'>
   <div class='ocr_carea' id='block_1_1' title="bbox 271 143 991 183">
    <p class='ocr_par' dir='ltr' id='par_1_1' title="bbox 271 143 991 183">
     <span class='ocr_line' id='line_1_1' title="bbox 271 143 991 183; baseline -0.01 0"><span class='ocrx_word' id='word_1_1' title='bbox 271 147 342 183; x_wconf 83' lang='lat'>351</span> <span class='ocrx_word' id='word_1_2' title='bbox 869 143 991 177; x_wconf 84' lang='lat' dir='ltr'><strong>PHIL.</strong></span> 
     </span>
    </p>
   </div>
   <div class='ocr_carea' id='block_1_2' title="bbox 1121 230 1282 274">
    <p class='ocr_par' dir='ltr' id='par_1_2' title="bbox 1121 230 1282 274">
     <span class='ocr_line' id='line_1_2' title="bbox 1121 230 1282 274; baseline 0 -10"><span class='ocrx_word' id='word_1_3' title='bbox 1121 230 1282 274; x_wconf 83' lang='lat' dir='ltr'>Cupidus</span> 
     </span>
    </p>
   </div>
   <div class='ocr_carea' id='block_1_3' title="bbox 274 229 1050 269">
    <p class='ocr_par' dir='ltr' id='par_1_3' title="bbox 274 229 1050 269">
     <span class='ocr_line' id='line_1_3' title="bbox 274 229 1050 269; baseline -0.008 1"><span class='ocrx_word' id='word_1_4' title='bbox 274 237 421 269; x_wconf 71' lang='lat' dir='ltr'>Referta</span> <span class='ocrx_word' id='word_1_5' title='bbox 455 232 811 267; x_wconf 74' lang='lat' dir='ltr'>sceleratissimorum</span> <span class='ocrx_word' id='word_1_6' title='bbox 847 229 1050 264; x_wconf 89' lang='lat' dir='ltr'>hominum.</span> 
     </span>
    </p>
   </div>
   <div class='ocr_carea' id='block_1_4' title="bbox 271 278 1310 436">
    <p class='ocr_par' dir='ltr' id='par_1_4' title="bbox 271 278 1310 436">
     <span class='ocr_line' id='line_1_4' title="bbox 274 278 1310 342; baseline -0.007 -20"><span class='ocrx_word' id='word_1_7' title='bbox 274 289 375 322; x_wconf 84' lang='lat' dir='ltr'>lucri.</span> <span class='ocrx_word' id='word_1_8' title='bbox 431 286 549 335; x_wconf 83' lang='lat' dir='ltr'>[Virg.</span> <span class='ocrx_word' id='word_1_9' title='bbox 567 281 1046 342; x_wconf 40' lang='lat' dir='ltr'>Aen.1,332.]:·lgn1rus</span> <span class='ocrx_word' id='word_1_10' title='bbox 1073 278 1310 316; x_wconf 88' lang='lat' dir='ltr'>hominum·</span> <span class='ocrx_word' id='word_1_11' title='bbox 1308 304 1310 322; x_wconf 69' lang='lat'><strong>⁴</strong></span> 
     </span>
     <span class='ocr_line' id='line_1_5' title="bbox 273 334 1310 386; baseline -0.008 -12"><span class='ocrx_word' id='word_1_12' title='bbox 273 353 341 386; x_wconf 90' lang='lat' dir='ltr'>que</span> <span class='ocrx_word' id='word_1_13' title='bbox 356 340 605 382; x_wconf 86' lang='lat' dir='ltr'>locorumque</span> <span class='ocrx_word' id='word_1_14' title='bbox 650 336 782 370; x_wconf 85' lang='lat' dir='ltr'>Fidens</span> <span class='ocrx_word' id='word_1_15' title='bbox 803 335 928 370; x_wconf 71' lang='lat' dir='ltr'>inimi.</span> <span class='ocrx_word' id='word_1_16' title='bbox 979 335 1053 370; x_wconf 84' lang='lat' dir='ltr'>Nec</span> <span class='ocrx_word' id='word_1_17' title='bbox 1070 347 1147 369; x_wconf 89' lang='lat' dir='ltr'>sum</span> <span class='ocrx_word' id='word_1_18' title='bbox 1168 334 1281 367; x_wconf 88' lang='lat' dir='ltr'>animi</span> <span class='ocrx_word' id='word_1_19' title='bbox 1308 341 1310 346; x_wconf 71' lang='grc'><em>“</em></span> 
     </span>
     <span class='ocr_line' id='line_1_6' title="bbox 271 385 1309 436; baseline -0.003 -11"><span class='ocrx_word' id='word_1_20' title='bbox 271 392 412 425; x_wconf 87' lang='lat' dir='ltr'>dubius.</span> <span class='ocrx_word' id='word_1_21' title='bbox 480 388 623 422; x_wconf 85' lang='lat' dir='ltr'>Peritus</span> <span class='ocrx_word' id='word_1_22' title='bbox 650 389 746 422; x_wconf 89' lang='lat' dir='ltr'>belli.</span> <span class='ocrx_word' id='word_1_23' title='bbox 819 386 940 436; x_wconf 87' lang='lat' dir='ltr'>[Virg.</span> <span class='ocrx_word' id='word_1_24' title='bbox 967 388 1057 421; x_wconf 89' lang='lat' dir='ltr'>Aen.</span> <span class='ocrx_word' id='word_1_25' title='bbox 1083 388 1126 428; x_wconf 91' lang='lat' dir='ltr'>X,</span> <span class='ocrx_word' id='word_1_26' title='bbox 1152 385 1309 435; x_wconf 80' lang='lat'><strong>843.:]</strong></span> 
     </span>
    </p>
   </div>
   <div class='ocr_carea' id='block_1_5' title="bbox 267 431 1310 1582">
    <p class='ocr_par' dir='ltr' id='par_1_5' title="bbox 269 431 1309 541">
     <span class='ocr_line' id='line_1_7' title="bbox 269 431 1309 489; baseline -0.005 -12"><span class='ocrx_word' id='word_1_27' title='bbox 269 444 447 486; x_wconf 82' lang='lat' dir='ltr'>Praesaga</span> <span class='ocrx_word' id='word_1_28' title='bbox 477 453 578 475; x_wconf 87' lang='lat' dir='ltr'>mens</span> <span class='ocrx_word' id='word_1_29' title='bbox 603 440 701 474; x_wconf 87' lang='lat' dir='ltr'>mali.</span> <span class='ocrx_word' id='word_1_30' title='bbox 758 439 865 489; x_wconf 88' lang='lat' dir='ltr'>[ibid.</span> <span class='ocrx_word' id='word_1_31' title='bbox 881 438 974 479; x_wconf 85' lang='lat' dir='ltr'><strong>VIII,</strong></span> <span class='ocrx_word' id='word_1_32' title='bbox 992 437 1118 488; x_wconf 82' lang='lat'>580.]:</span> <span class='ocrx_word' id='word_1_33' title='bbox 1155 439 1280 473; x_wconf 89' lang='lat' dir='ltr'>Ambi-</span> <span class='ocrx_word' id='word_1_34' title='bbox 1306 431 1309 467; x_wconf 64' lang='lat' dir='ltr'>l</span> 
     </span>
     <span class='ocr_line' id='line_1_8' title="bbox 269 492 972 541; baseline -0.007 -12"><span class='ocrx_word' id='word_1_35' title='bbox 269 508 358 540; x_wconf 82' lang='lat' dir='ltr'>guus</span> <span class='ocrx_word' id='word_1_36' title='bbox 374 494 486 527; x_wconf 83' lang='lat' dir='ltr'>futuri</span> <span class='ocrx_word' id='word_1_37' title='bbox 499 492 556 541; x_wconf 74' lang='grc'>16).</span> <span class='ocrx_word' id='word_1_38' title='bbox 611 492 755 526; x_wconf 86' lang='lat' dir='ltr'>Memor</span> <span class='ocrx_word' id='word_1_39' title='bbox 774 492 972 537; x_wconf 87' lang='lat' dir='ltr'>praeteriti.</span> 
     </span>
    </p>

    <p class='ocr_par' dir='ltr' id='par_1_6' title="bbox 267 545 1307 852">
     <span class='ocr_line' id='line_1_9' title="bbox 372 545 1307 595; baseline -0.003 -16"><span class='ocrx_word' id='word_1_40' title='bbox 372 546 428 580; x_wconf 86' lang='lat' dir='ltr'>Sic</span> <span class='ocrx_word' id='word_1_41' title='bbox 448 553 482 579; x_wconf 88' lang='lat' dir='ltr'>et</span> <span class='ocrx_word' id='word_1_42' title='bbox 504 545 696 590; x_wconf 86' lang='lat' dir='ltr'>participia</span> <span class='ocrx_word' id='word_1_43' title='bbox 722 545 916 591; x_wconf 76' lang='lat' dir='ltr'>pleraque,</span> <span class='ocrx_word' id='word_1_44' title='bbox 952 557 1033 578; x_wconf 86' lang='lat' dir='ltr'>cum</span> <span class='ocrx_word' id='word_1_45' title='bbox 1059 546 1279 588; x_wconf 79' lang='lat' dir='ltr'>degenerant</span> <span class='ocrx_word' id='word_1_46' title='bbox 1305 564 1307 595; x_wconf 32' lang='grc' dir='ltr'><em>Σ</em></span> 
     </span>
     <span class='ocr_line' id='line_1_10' title="bbox 267 595 1307 637; baseline -0.004 -4"><span class='ocrx_word' id='word_1_47' title='bbox 267 601 305 633; x_wconf 88' lang='lat' dir='ltr'>in</span> <span class='ocrx_word' id='word_1_48' title='bbox 325 598 496 637; x_wconf 83' lang='lat' dir='ltr'>nomina,</span> <span class='ocrx_word' id='word_1_49' title='bbox 526 604 559 631; x_wconf 92' lang='lat' dir='ltr'>et</span> <span class='ocrx_word' id='word_1_50' title='bbox 576 598 770 630; x_wconf 88' lang='lat' dir='ltr'>verborum</span> <span class='ocrx_word' id='word_1_51' title='bbox 790 610 891 632; x_wconf 88' lang='lat' dir='ltr'>casus</span> <span class='ocrx_word' id='word_1_52' title='bbox 910 597 1095 636; x_wconf 89' lang='lat' dir='ltr'>amittunt,</span> <span class='ocrx_word' id='word_1_53' title='bbox 1124 603 1178 629; x_wconf 87' lang='lat' dir='ltr'>ut:</span> <span class='ocrx_word' id='word_1_54' title='bbox 1208 595 1278 629; x_wconf 85' lang='lat' dir='ltr'>Fu·</span> <span class='ocrx_word' id='word_1_55' title='bbox 1305 600 1307 630; x_wconf 74' lang='lat' dir='ltr'><strong>j</strong></span> 
     </span>
     <span class='ocr_line' id='line_1_11' title="bbox 268 648 1306 697; baseline -0.005 -12"><span class='ocrx_word' id='word_1_56' title='bbox 268 652 385 697; x_wconf 84' lang='lat' dir='ltr'>gitans</span> <span class='ocrx_word' id='word_1_57' title='bbox 410 650 540 684; x_wconf 88' lang='lat' dir='ltr'>litium.</span> <span class='ocrx_word' id='word_1_58' title='bbox 614 649 771 694; x_wconf 79' lang='lat' dir='ltr'>Cupiens</span> <span class='ocrx_word' id='word_1_59' title='bbox 798 649 985 694; x_wconf 87' lang='lat' dir='ltr'>pecuniae.</span> <span class='ocrx_word' id='word_1_60' title='bbox 1054 648 1199 682; x_wconf 89' lang='lat' dir='ltr'>Patiens</span> <span class='ocrx_word' id='word_1_61' title='bbox 1223 648 1278 681; x_wconf 85' lang='lat' dir='ltr'>in·</span> <span class='ocrx_word' id='word_1_62' title='bbox 1304 668 1306 674; x_wconf 59' lang='grc' dir='ltr'><strong>ι</strong></span> 
     </span>
     <span class='ocr_line' id='line_1_12' title="bbox 267 700 1277 744; baseline -0.004 -7"><span class='ocrx_word' id='word_1_63' title='bbox 267 704 381 738; x_wconf 87' lang='lat' dir='ltr'>ediae.</span> <span class='ocrx_word' id='word_1_64' title='bbox 435 702 626 736; x_wconf 90' lang='lat' dir='ltr'>Pertaesus</span> <span class='ocrx_word' id='word_1_65' title='bbox 651 703 776 735; x_wconf 85' lang='lat' dir='ltr'>taedae</span> <span class='ocrx_word' id='word_1_66' title='bbox 801 708 835 735; x_wconf 88' lang='lat' dir='ltr'>et</span> <span class='ocrx_word' id='word_1_67' title='bbox 860 700 1023 735; x_wconf 88' lang='lat' dir='ltr'>thalami.</span> <span class='ocrx_word' id='word_1_68' title='bbox 1078 700 1170 735; x_wconf 82' lang='lat' dir='ltr'>Nam</span> <span class='ocrx_word' id='word_1_69' title='bbox 1198 712 1277 744; x_wconf 92' lang='lat' dir='ltr'>per-</span> 
     </span>
     <span class='ocr_line' id='line_1_13' title="bbox 267 752 1275 799; baseline -0.006 -9"><span class='ocrx_word' id='word_1_70' title='bbox 267 764 386 790; x_wconf 89' lang='lat' dir='ltr'>taesus</span> <span class='ocrx_word' id='word_1_71' title='bbox 419 752 642 794; x_wconf 72' lang='lat' dir='ltr'>thalamum,</span> <span class='ocrx_word' id='word_1_72' title='bbox 686 755 828 799; x_wconf 90' lang='lat' dir='ltr'>patiens</span> <span class='ocrx_word' id='word_1_73' title='bbox 863 754 1040 793; x_wconf 88' lang='lat' dir='ltr'>inediam,</span> <span class='ocrx_word' id='word_1_74' title='bbox 1084 752 1275 797; x_wconf 85' lang='lat' dir='ltr'>participia</span> 
     </span>
     <span class='ocr_line' id='line_1_14' title="bbox 269 805 794 852; baseline -0.004 -9"><span class='ocrx_word' id='word_1_75' title='bbox 269 815 372 848; x_wconf 88' lang='lat' dir='ltr'>sunt,</span> <span class='ocrx_word' id='word_1_76' title='bbox 400 819 466 840; x_wconf 92' lang='lat' dir='ltr'>nec</span> <span class='ocrx_word' id='word_1_77' title='bbox 484 807 687 852; x_wconf 85' lang='lat' dir='ltr'>significant</span> <span class='ocrx_word' id='word_1_78' title='bbox 707 805 794 847; x_wconf 71' lang='grc' dir='ltr'><strong>ἕξιν.</strong></span> 
     </span>
    </p>

    <p class='ocr_par' dir='ltr' id='par_1_7' title="bbox 372 856 1217 903">
     <span class='ocr_line' id='line_1_15' title="bbox 372 856 1217 903; baseline -0.002 -10"><span class='ocrx_word' id='word_1_79' title='bbox 372 859 470 893; x_wconf 79' lang='lat' dir='ltr'>Reus</span> <span class='ocrx_word' id='word_1_80' title='bbox 489 859 688 903; x_wconf 80' lang='lat' dir='ltr'>genitivum</span> <span class='ocrx_word' id='word_1_81' title='bbox 708 858 892 898; x_wconf 78' lang='lat' dir='ltr'>adsciscit,</span> <span class='ocrx_word' id='word_1_82' title='bbox 921 864 976 891; x_wconf 86' lang='lat' dir='ltr'>ut:</span> <span class='ocrx_word' id='word_1_83' title='bbox 1007 857 1104 891; x_wconf 84' lang='lat' dir='ltr'>Reus</span> <span class='ocrx_word' id='word_1_84' title='bbox 1118 856 1217 891; x_wconf 89' lang='lat' dir='ltr'>furti.</span> 
     </span>
    </p>

    <p class='ocr_par' dir='ltr' id='par_1_8' title="bbox 268 908 1307 1114">
     <span class='ocr_line' id='line_1_16' title="bbox 371 908 1277 957; baseline -0.004 -12"><span class='ocrx_word' id='word_1_85' title='bbox 371 912 439 946; x_wconf 83' lang='lat' dir='ltr'>Sed</span> <span class='ocrx_word' id='word_1_86' title='bbox 464 910 540 951; x_wconf 90' lang='lat' dir='ltr'>his,</span> <span class='ocrx_word' id='word_1_87' title='bbox 570 923 662 957; x_wconf 90' lang='lat' dir='ltr'>quae</span> <span class='ocrx_word' id='word_1_88' title='bbox 690 911 832 956; x_wconf 87' lang='lat' dir='ltr'>copiam</span> <span class='ocrx_word' id='word_1_89' title='bbox 856 910 1078 954; x_wconf 85' lang='lat' dir='ltr'>significant,</span> <span class='ocrx_word' id='word_1_90' title='bbox 1116 908 1277 942; x_wconf 84' lang='lat' dir='ltr'>invenies</span> 
     </span>
     <span class='ocr_line' id='line_1_17' title="bbox 268 962 1279 1007; baseline -0.004 -9"><span class='ocrx_word' id='word_1_91' title='bbox 268 965 377 998; x_wconf 80' lang='lat' dir='ltr'>etiam</span> <span class='ocrx_word' id='word_1_92' title='bbox 409 964 586 997; x_wconf 83' lang='lat' dir='ltr'>ablativos</span> <span class='ocrx_word' id='word_1_93' title='bbox 611 963 737 1003; x_wconf 86' lang='lat' dir='ltr'>adiici,</span> <span class='ocrx_word' id='word_1_94' title='bbox 777 969 815 996; x_wconf 91' lang='lat' dir='ltr'>ut</span> <span class='ocrx_word' id='word_1_95' title='bbox 833 962 978 996; x_wconf 85' lang='lat' dir='ltr'>Cicero:</span> <span class='ocrx_word' id='word_1_96' title='bbox 1017 962 1140 1007; x_wconf 91' lang='lat' dir='ltr'>Copiis</span> <span class='ocrx_word' id='word_1_97' title='bbox 1166 962 1279 995; x_wconf 88' lang='lat' dir='ltr'>abun·</span> 
     </span>
     <span class='ocr_line' id='line_1_18' title="bbox 269 1012 1307 1064; baseline -0.005 -13"><span class='ocrx_word' id='word_1_98' title='bbox 269 1018 370 1051; x_wconf 87' lang='lat' dir='ltr'>dans.</span> <span class='ocrx_word' id='word_1_99' title='bbox 420 1015 592 1061; x_wconf 79' lang='lat' dir='ltr'>Virgilius</span> <span class='ocrx_word' id='word_1_100' title='bbox 612 1013 839 1064; x_wconf 84' lang='lat' dir='ltr'>[Georg.IV‚</span> <span class='ocrx_word' id='word_1_101' title='bbox 862 1013 985 1063; x_wconf 86' lang='lat'>181.]:</span> <span class='ocrx_word' id='word_1_102' title='bbox 1017 1014 1131 1049; x_wconf 87' lang='lat' dir='ltr'>Crura</span> <span class='ocrx_word' id='word_1_103' title='bbox 1152 1012 1278 1060; x_wconf 83' lang='lat' dir='ltr'>thymo</span> <span class='ocrx_word' id='word_1_104' title='bbox 1306 1033 1307 1054; x_wconf 46' lang='grc' dir='ltr'><strong>ι</strong></span> 
     </span>
     <span class='ocr_line' id='line_1_19' title="bbox 268 1070 387 1114; baseline 0 -12"><span class='ocrx_word' id='word_1_105' title='bbox 268 1070 387 1114; x_wconf 88' lang='lat' dir='ltr'>plena.</span> 
     </span>
    </p>

    <p class='ocr_par' dir='ltr' id='par_1_9' title="bbox 587 1138 1309 1199">
     <span class='ocr_line' id='line_1_20' title="bbox 587 1138 1309 1198; baseline -0.001 -10"><span class='ocrx_word' id='word_1_106' title='bbox 587 1153 761 1188; x_wconf 86' lang='lat' dir='ltr'>Octava</span> <span class='ocrx_word' id='word_1_107' title='bbox 791 1153 963 1198; x_wconf 83' lang='lat' dir='ltr'>regula.</span> <span class='ocrx_word' id='word_1_108' title='bbox 1306 1138 1309 1188; x_wconf 62' lang='lat' dir='ltr'>l</span> 
     </span>
    </p>

    <p class='ocr_par' dir='ltr' id='par_1_10' title="bbox 270 1204 1310 1468">
     <span class='ocr_line' id='line_1_21' title="bbox 373 1204 1310 1270; baseline -0.002 -13"><span class='ocrx_word' id='word_1_109' title='bbox 373 1224 527 1258; x_wconf 83' lang='lat' dir='ltr'>Dativos</span> <span class='ocrx_word' id='word_1_110' title='bbox 547 1224 761 1264; x_wconf 86' lang='lat' dir='ltr'>adsciscunt,</span> <span class='ocrx_word' id='word_1_111' title='bbox 789 1236 882 1270; x_wconf 87' lang='lat' dir='ltr'>quae</span> <span class='ocrx_word' id='word_1_112' title='bbox 899 1223 1187 1263; x_wconf 87' lang='lat' dir='ltr'>similitudinem,</span> <span class='ocrx_word' id='word_1_113' title='bbox 1213 1222 1283 1256; x_wconf 90' lang='lat' dir='ltr'>uti-</span> <span class='ocrx_word' id='word_1_114' title='bbox 1307 1204 1310 1251; x_wconf 58' lang='lat' dir='ltr'>l</span> 
     </span>
     <span class='ocr_line' id='line_1_22' title="bbox 272 1275 1283 1321; baseline -0.002 -10"><span class='ocrx_word' id='word_1_115' title='bbox 272 1278 431 1317; x_wconf 87' lang='lat' dir='ltr'>litatem,</span> <span class='ocrx_word' id='word_1_116' title='bbox 458 1276 667 1310; x_wconf 75' lang='lat' dir='ltr'>facilitatem</span> <span class='ocrx_word' id='word_1_117' title='bbox 686 1275 910 1321; x_wconf 86' lang='lat' dir='ltr'>significant,</span> <span class='ocrx_word' id='word_1_118' title='bbox 938 1282 994 1310; x_wconf 83' lang='lat' dir='ltr'>ut:</span> <span class='ocrx_word' id='word_1_119' title='bbox 1024 1275 1134 1310; x_wconf 88' lang='lat' dir='ltr'>Fidus</span> <span class='ocrx_word' id='word_1_120' title='bbox 1153 1275 1283 1309; x_wconf 81' lang='lat' dir='ltr'>amico.</span> 
     </span>
     <span class='ocr_line' id='line_1_23' title="bbox 270 1326 1283 1376; baseline -0.003 -12"><span class='ocrx_word' id='word_1_121' title='bbox 270 1330 419 1365; x_wconf 84' lang='lat' dir='ltr'>Amicus</span> <span class='ocrx_word' id='word_1_122' title='bbox 437 1328 595 1363; x_wconf 82' lang='lat' dir='ltr'>Caesari.</span> <span class='ocrx_word' id='word_1_123' title='bbox 650 1328 723 1362; x_wconf 86' lang='lat' dir='ltr'>Par</span> <span class='ocrx_word' id='word_1_124' title='bbox 741 1328 916 1363; x_wconf 86' lang='lat' dir='ltr'>Homero.</span> <span class='ocrx_word' id='word_1_125' title='bbox 971 1328 1144 1373; x_wconf 80' lang='lat' dir='ltr'>Virgilius</span> <span class='ocrx_word' id='word_1_126' title='bbox 1173 1326 1283 1376; x_wconf 83' lang='lat' dir='ltr'>[Aen.</span> 
     </span>
     <span class='ocr_line' id='line_1_24' title="bbox 273 1379 1284 1429; baseline -0.004 -13"><span class='ocrx_word' id='word_1_127' title='bbox 273 1380 333 1423; x_wconf 91' lang='lat' dir='ltr'>XI,</span> <span class='ocrx_word' id='word_1_128' title='bbox 354 1379 481 1429; x_wconf 86' lang='lat'>541.]:</span> <span class='ocrx_word' id='word_1_129' title='bbox 511 1380 610 1416; x_wconf 87' lang='lat' dir='ltr'>Nulli</span> <span class='ocrx_word' id='word_1_130' title='bbox 637 1387 799 1414; x_wconf 81' lang='lat' dir='ltr'>veterum</span> <span class='ocrx_word' id='word_1_131' title='bbox 823 1382 957 1415; x_wconf 71' lang='lat' dir='ltr'>virtute</span> <span class='ocrx_word' id='word_1_132' title='bbox 986 1382 1175 1416; x_wconf 86' lang='lat' dir='ltr'>secundus.</span> <span class='ocrx_word' id='word_1_133' title='bbox 1230 1379 1284 1414; x_wconf 89' lang='lat' dir='ltr'>Si-</span> 
     </span>
     <span class='ocr_line' id='line_1_25' title="bbox 276 1432 720 1468; baseline 0 0"><span class='ocrx_word' id='word_1_134' title='bbox 276 1435 470 1468; x_wconf 90' lang='lat' dir='ltr'>millimum</span> <span class='ocrx_word' id='word_1_135' title='bbox 488 1432 567 1467; x_wconf 89' lang='lat' dir='ltr'>Deo</span> <span class='ocrx_word' id='word_1_136' title='bbox 588 1433 720 1468; x_wconf 90' lang='lat' dir='ltr'>iudico.</span> 
     </span>
    </p>

    <p class='ocr_par' dir='ltr' id='par_1_11' title="bbox 276 1483 1282 1582">
     <span class='ocr_line' id='line_1_26' title="bbox 379 1483 1282 1531; baseline -0.004 -10"><span class='ocrx_word' id='word_1_137' title='bbox 379 1487 449 1521; x_wconf 83' lang='lat' dir='ltr'>Sed</span> <span class='ocrx_word' id='word_1_138' title='bbox 472 1485 600 1520; x_wconf 85' lang='lat' dir='ltr'>similis</span> <span class='ocrx_word' id='word_1_139' title='bbox 626 1486 734 1518; x_wconf 90' lang='lat' dir='ltr'>etiam</span> <span class='ocrx_word' id='word_1_140' title='bbox 755 1485 933 1530; x_wconf 83' lang='lat' dir='ltr'>genitivos</span> <span class='ocrx_word' id='word_1_141' title='bbox 955 1485 1119 1520; x_wconf 84' lang='lat' dir='ltr'>adsciscit</span> <span class='ocrx_word' id='word_1_142' title='bbox 1129 1483 1197 1531; x_wconf 70' lang='grc' dir='ltr'>Π),</span> <span class='ocrx_word' id='word_1_143' title='bbox 1226 1490 1282 1518; x_wconf 86' lang='lat' dir='ltr'>ut:</span> 
     </span>
     <span class='ocr_line' id='line_1_27' title="bbox 276 1536 1113 1582; baseline -0.004 -9"><span class='ocrx_word' id='word_1_144' title='bbox 276 1538 364 1573; x_wconf 90' lang='lat' dir='ltr'>Eius</span> <span class='ocrx_word' id='word_1_145' title='bbox 383 1538 527 1572; x_wconf 91' lang='lat' dir='ltr'>virtutis</span> <span class='ocrx_word' id='word_1_146' title='bbox 544 1550 676 1572; x_wconf 87' lang='lat' dir='ltr'>munus</span> <span class='ocrx_word' id='word_1_147' title='bbox 691 1536 761 1571; x_wconf 93' lang='lat' dir='ltr'>hoc</span> <span class='ocrx_word' id='word_1_148' title='bbox 779 1544 831 1572; x_wconf 87' lang='lat' dir='ltr'>est</span> <span class='ocrx_word' id='word_1_149' title='bbox 849 1537 1039 1582; x_wconf 88' lang='lat' dir='ltr'>proprium</span> <span class='ocrx_word' id='word_1_150' title='bbox 1055 1536 1113 1582; x_wconf 80' lang='grc'>18).</span> 
     </span>
    </p>
   </div>
   <div class='ocr_carea' id='block_1_6' title="bbox 612 1623 948 1669">
    <p class='ocr_par' dir='ltr' id='par_1_12' title="bbox 612 1623 948 1669">
     <span class='ocr_line' id='line_1_28' title="bbox 612 1623 948 1669; baseline 0 -12"><span class='ocrx_word' id='word_1_151' title='bbox 612 1623 739 1658; x_wconf 91' lang='lat' dir='ltr'>Nona</span> <span class='ocrx_word' id='word_1_152' title='bbox 769 1624 948 1669; x_wconf 84' lang='lat' dir='ltr'>regula.</span> 
     </span>
    </p>
   </div>
   <div class='ocr_carea' id='block_1_7' title="bbox 273 1693 1315 1846">
    <p class='ocr_par' dir='ltr' id='par_1_13' title="bbox 273 1680 1315 1846">
     <span class='ocr_line' id='line_1_29' title="bbox 378 1693 1314 1735; baseline -0.002 -6"><span class='ocrx_word' id='word_1_153' title='bbox 378 1694 581 1735; x_wconf 83' lang='lat' dir='ltr'>Adiectiva,</span> <span class='ocrx_word' id='word_1_154' title='bbox 603 1694 742 1728; x_wconf 86' lang='lat' dir='ltr'>Graeca</span> <span class='ocrx_word' id='word_1_155' title='bbox 762 1693 1037 1733; x_wconf 87' lang='lat' dir='ltr'>consuetudine,</span> <span class='ocrx_word' id='word_1_156' title='bbox 1064 1693 1286 1727; x_wconf 73' lang='lat' dir='ltr'>accusativos</span> <span class='ocrx_word' id='word_1_157' title='bbox 1311 1695 1314 1734; x_wconf 56' lang='grc' dir='ltr'><strong>ἶ</strong></span> 
     </span>
     <span class='ocr_line' id='line_1_30' title="bbox 273 1738 1315 1791; baseline -0.004 -9"><span class='ocrx_word' id='word_1_158' title='bbox 273 1747 583 1782; x_wconf 80' lang='lat' dir='ltr'>substantivorum</span> <span class='ocrx_word' id='word_1_159' title='bbox 602 1747 824 1787; x_wconf 89' lang='lat' dir='ltr'>adsciscunt,</span> <span class='ocrx_word' id='word_1_160' title='bbox 859 1753 916 1781; x_wconf 86' lang='lat' dir='ltr'>ut:</span> <span class='ocrx_word' id='word_1_161' title='bbox 953 1746 1059 1780; x_wconf 86' lang='lat' dir='ltr'>Nuda</span> <span class='ocrx_word' id='word_1_162' title='bbox 1081 1758 1187 1791; x_wconf 86' lang='lat' dir='ltr'>genu.</span> <span class='ocrx_word' id='word_1_163' title='bbox 1241 1744 1288 1779; x_wconf 83' lang='lat' dir='ltr'>Et</span> <span class='ocrx_word' id='word_1_164' title='bbox 1312 1738 1315 1755; x_wconf 78' lang='lat'><strong>¹</strong></span> 
     </span>
     <span class='ocr_line' id='line_1_31' title="bbox 278 1796 1287 1846; baseline -0.001 -13"><span class='ocrx_word' id='word_1_165' title='bbox 278 1799 437 1845; x_wconf 83' lang='lat' dir='ltr'>glacialis</span> <span class='ocrx_word' id='word_1_166' title='bbox 466 1797 593 1844; x_wconf 82' lang='lat' dir='ltr'>hyems</span> <span class='ocrx_word' id='word_1_167' title='bbox 625 1811 733 1834; x_wconf 88' lang='lat' dir='ltr'>canos</span> <span class='ocrx_word' id='word_1_168' title='bbox 765 1797 904 1833; x_wconf 88' lang='lat' dir='ltr'>hirsuta</span> <span class='ocrx_word' id='word_1_169' title='bbox 938 1799 1099 1844; x_wconf 82' lang='lat' dir='ltr'>capillos.</span> <span class='ocrx_word' id='word_1_170' title='bbox 1166 1796 1287 1846; x_wconf 86' lang='lat' dir='ltr'>[Virg.</span> 
     </span>
    </p>
   </div>
   <div class='ocr_carea' id='block_1_8' title="bbox 1159 1955 1276 1989">
    <p class='ocr_par' dir='ltr' id='par_1_14' title="bbox 1159 1955 1276 1989">
     <span class='ocr_line' id='line_1_32' title="bbox 1159 1955 1276 1989; baseline 0.017 -2"><span class='ocrx_word' id='word_1_171' title='bbox 1159 1968 1169 1987; x_wconf 95' lang='lat' dir='ltr'> </span> <span class='ocrx_word' id='word_1_172' title='bbox 1173 1955 1195 1987; x_wconf 95' lang='lat' dir='ltr'>  </span> <span class='ocrx_word' id='word_1_173' title='bbox 1225 1967 1242 1988; x_wconf 95' lang='lat' dir='ltr'> </span> <span class='ocrx_word' id='word_1_174' title='bbox 1246 1968 1260 1989; x_wconf 95' lang='lat' dir='ltr'> </span> <span class='ocrx_word' id='word_1_175' title='bbox 1264 1961 1276 1988; x_wconf 95' lang='lat' dir='ltr'> </span> 
     </span>
    </p>
   </div>
   <div class='ocr_carea' id='block_1_9' title="bbox 277 1953 1291 2314">
    <p class='ocr_par' dir='ltr' id='par_1_15' title="bbox 277 1953 1291 2314">
     <span class='ocr_line' id='line_1_33' title="bbox 380 1953 1116 2002; baseline -0.003 -12"><span class='ocrx_word' id='word_1_176' title='bbox 380 1955 619 1990; x_wconf 88' lang='lat' dir='ltr'>Grammatici</span> <span class='ocrx_word' id='word_1_177' title='bbox 651 1953 886 2002; x_wconf 72' lang='grc' dir='ltr'><em>συνεκδοχὴν</em></span> <span class='ocrx_word' id='word_1_178' title='bbox 916 1961 1116 1995; x_wconf 72' lang='lat' dir='ltr'>vocarunt,</span> 
     </span>
     <span class='ocr_line' id='line_1_34' title="bbox 277 2005 1289 2054; baseline -0.001 -12"><span class='ocrx_word' id='word_1_179' title='bbox 277 2006 653 2054; x_wconf 81' lang='lat' dir='ltr'>comprehensionem.</span> <span class='ocrx_word' id='word_1_180' title='bbox 710 2005 896 2052; x_wconf 86' lang='lat' dir='ltr'>Significat</span> <span class='ocrx_word' id='word_1_181' title='bbox 913 2008 1007 2041; x_wconf 90' lang='lat' dir='ltr'>enim</span> <span class='ocrx_word' id='word_1_182' title='bbox 1025 2020 1161 2041; x_wconf 87' lang='lat' dir='ltr'>nomen</span> <span class='ocrx_word' id='word_1_183' title='bbox 1179 2007 1289 2041; x_wconf 90' lang='lat' dir='ltr'>totius</span> 
     </span>
     <span class='ocr_line' id='line_1_35' title="bbox 278 2058 1290 2106; baseline 0 -12"><span class='ocrx_word' id='word_1_184' title='bbox 278 2062 323 2094; x_wconf 88' lang='lat' dir='ltr'>ad</span> <span class='ocrx_word' id='word_1_185' title='bbox 342 2067 483 2106; x_wconf 88' lang='lat' dir='ltr'>partem</span> <span class='ocrx_word' id='word_1_186' title='bbox 502 2066 642 2094; x_wconf 86' lang='lat' dir='ltr'>tantum</span> <span class='ocrx_word' id='word_1_187' title='bbox 663 2061 803 2094; x_wconf 88' lang='lat' dir='ltr'>referri.</span> <span class='ocrx_word' id='word_1_188' title='bbox 858 2060 949 2094; x_wconf 92' lang='lat' dir='ltr'>Cum</span> <span class='ocrx_word' id='word_1_189' title='bbox 975 2060 1074 2093; x_wconf 88' lang='lat' dir='ltr'>dico:</span> <span class='ocrx_word' id='word_1_190' title='bbox 1112 2058 1290 2104; x_wconf 86' lang='lat' dir='ltr'>Aethiops</span> 
     </span>
     <span class='ocr_line' id='line_1_36' title="bbox 278 2110 1288 2157; baseline -0.002 -10"><span class='ocrx_word' id='word_1_191' title='bbox 278 2113 380 2147; x_wconf 86' lang='lat' dir='ltr'>albus</span> <span class='ocrx_word' id='word_1_192' title='bbox 418 2114 562 2153; x_wconf 87' lang='lat' dir='ltr'>dentes,</span> <span class='ocrx_word' id='word_1_193' title='bbox 608 2125 742 2146; x_wconf 88' lang='lat' dir='ltr'>nomen</span> <span class='ocrx_word' id='word_1_194' title='bbox 780 2113 880 2146; x_wconf 91' lang='lat' dir='ltr'>albus</span> <span class='ocrx_word' id='word_1_195' title='bbox 916 2118 1032 2146; x_wconf 90' lang='lat' dir='ltr'>totum</span> <span class='ocrx_word' id='word_1_196' title='bbox 1070 2110 1288 2157; x_wconf 84' lang='lat' dir='ltr'>Aethiopem</span> 
     </span>
     <span class='ocr_line' id='line_1_37' title="bbox 278 2165 1291 2211; baseline -0.002 -12"><span class='ocrx_word' id='word_1_197' title='bbox 278 2165 474 2210; x_wconf 83' lang='lat' dir='ltr'>significat,</span> <span class='ocrx_word' id='word_1_198' title='bbox 518 2178 643 2199; x_wconf 84' lang='lat' dir='ltr'>verum</span> <span class='ocrx_word' id='word_1_199' title='bbox 679 2165 763 2211; x_wconf 88' lang='lat' dir='ltr'>quia</span> <span class='ocrx_word' id='word_1_200' title='bbox 797 2165 1021 2199; x_wconf 87' lang='lat' dir='ltr'>accusativus</span> <span class='ocrx_word' id='word_1_201' title='bbox 1053 2165 1177 2199; x_wconf 88' lang='lat' dir='ltr'>dentes</span> <span class='ocrx_word' id='word_1_202' title='bbox 1209 2165 1291 2199; x_wconf 89' lang='lat' dir='ltr'>sub-</span> 
     </span>
     <span class='ocr_line' id='line_1_38' title="bbox 279 2217 1291 2264; baseline 0 -14"><span class='ocrx_word' id='word_1_203' title='bbox 279 2217 418 2257; x_wconf 89' lang='lat' dir='ltr'>iicitur,</span> <span class='ocrx_word' id='word_1_204' title='bbox 457 2219 695 2264; x_wconf 83' lang='lat' dir='ltr'>detorquetur</span> <span class='ocrx_word' id='word_1_205' title='bbox 729 2224 763 2251; x_wconf 88' lang='lat' dir='ltr'>et</span> <span class='ocrx_word' id='word_1_206' title='bbox 794 2217 1043 2251; x_wconf 75' lang='lat' dir='ltr'>nominativus</span> <span class='ocrx_word' id='word_1_207' title='bbox 1074 2224 1215 2251; x_wconf 81' lang='lat' dir='ltr'>tantum</span> <span class='ocrx_word' id='word_1_208' title='bbox 1245 2218 1291 2250; x_wconf 89' lang='lat' dir='ltr'>ad</span> 
     </span>
     <span class='ocr_line' id='line_1_39' title="bbox 279 2276 432 2314; baseline 0.007 -11"><span class='ocrx_word' id='word_1_209' title='bbox 279 2276 432 2314; x_wconf 87' lang='lat' dir='ltr'>partem.</span> 
     </span>
    </p>
   </div>
   <div class='ocr_carea' id='block_1_10' title="bbox 589 2356 979 2401">
    <p class='ocr_par' dir='ltr' id='par_1_16' title="bbox 589 2356 979 2401">
     <span class='ocr_line' id='line_1_40' title="bbox 589 2356 979 2401; baseline -0.003 -11"><span class='ocrx_word' id='word_1_210' title='bbox 589 2356 776 2390; x_wconf 79' lang='lat' dir='ltr'>Decima</span> <span class='ocrx_word' id='word_1_211' title='bbox 807 2356 979 2401; x_wconf 86' lang='lat' dir='ltr'>regula.</span> 
     </span>
    </p>
   </div>
   <div class='ocr_carea' id='block_1_11' title="bbox 286 2424 1292 2522">
    <p class='ocr_par' dir='ltr' id='par_1_17' title="bbox 286 2424 1292 2522">
     <span class='ocr_line' id='line_1_41' title="bbox 386 2424 1292 2459; baseline 0 -2"><span class='ocrx_word' id='word_1_212' title='bbox 386 2424 574 2459; x_wconf 80' lang='lat' dir='ltr'>Ablativus</span> <span class='ocrx_word' id='word_1_213' title='bbox 608 2425 839 2459; x_wconf 86' lang='lat' dir='ltr'>instrumenti</span> <span class='ocrx_word' id='word_1_214' title='bbox 869 2425 1057 2459; x_wconf 90' lang='lat' dir='ltr'>subiicitur</span> <span class='ocrx_word' id='word_1_215' title='bbox 1093 2425 1198 2459; x_wconf 89' lang='lat' dir='ltr'>certis</span> <span class='ocrx_word' id='word_1_216' title='bbox 1227 2426 1292 2458; x_wconf 84' lang='lat' dir='ltr'>ad-</span> 
     </span>
     <span class='ocr_line' id='line_1_42' title="bbox 286 2476 1291 2522; baseline 0.001 -12"><span class='ocrx_word' id='word_1_217' title='bbox 286 2477 442 2517; x_wconf 87' lang='lat' dir='ltr'>iectivis‚</span> <span class='ocrx_word' id='word_1_218' title='bbox 471 2484 526 2511; x_wconf 85' lang='lat' dir='ltr'>ut:</span> <span class='ocrx_word' id='word_1_219' title='bbox 563 2477 690 2511; x_wconf 87' lang='lat' dir='ltr'>Clarus</span> <span class='ocrx_word' id='word_1_220' title='bbox 708 2477 875 2522; x_wconf 86' lang='lat' dir='ltr'>ingenio,</span> <span class='ocrx_word' id='word_1_221' title='bbox 906 2478 1028 2512; x_wconf 90' lang='lat' dir='ltr'>armis.</span> <span class='ocrx_word' id='word_1_222' title='bbox 1083 2476 1215 2512; x_wconf 87' lang='lat' dir='ltr'>Lassus</span> <span class='ocrx_word' id='word_1_223' title='bbox 1234 2490 1291 2511; x_wconf 90' lang='lat' dir='ltr'>cu-</span> 
     </span>
    </p>
   </div>
   <div class='ocr_carea' id='block_1_12' title="bbox 284 2559 493 2564">
    <p class='ocr_par' dir='ltr' id='par_1_18' title="bbox 284 2559 493 2564">
     <span class='ocr_line' id='line_1_43' title="bbox 284 2559 493 2564; baseline 0 0"><span class='ocrx_word' id='word_1_224' title='bbox 284 2559 493 2564; x_wconf 95' lang='lat' dir='ltr'> </span> 
     </span>
    </p>
   </div>
   <div class='ocr_carea' id='block_1_13' title="bbox 322 2605 984 2682">
    <p class='ocr_par' dir='ltr' id='par_1_19' title="bbox 322 2605 984 2682">
     <span class='ocr_line' id='line_1_44' title="bbox 322 2605 759 2639; baseline -0.005 -8"><span class='ocrx_word' id='word_1_225' title='bbox 322 2607 368 2639; x_wconf 82' lang='lat'>16)</span> <span class='ocrx_word' id='word_1_226' title='bbox 389 2605 498 2638; x_wconf 67' lang='lat' dir='ltr'>futui-L]</span> <span class='ocrx_word' id='word_1_227' title='bbox 520 2607 568 2630; x_wconf 84' lang='lat' dir='ltr'>Ed.</span> <span class='ocrx_word' id='word_1_228' title='bbox 589 2605 663 2631; x_wconf 77' lang='lat'>1539,</span> <span class='ocrx_word' id='word_1_229' title='bbox 684 2606 759 2630; x_wconf 73' lang='lat' dir='ltr'>furti.</span> 
     </span>
     <span class='ocr_line' id='line_1_45' title="bbox 322 2648 984 2682; baseline -0.005 -7"><span class='ocrx_word' id='word_1_230' title='bbox 322 2651 364 2682; x_wconf 86' lang='grc'>17)</span> <span class='ocrx_word' id='word_1_231' title='bbox 384 2648 543 2682; x_wconf 71' lang='lat' dir='ltr'>adsciscit,]</span> <span class='ocrx_word' id='word_1_232' title='bbox 565 2650 612 2673; x_wconf 82' lang='lat' dir='ltr'>Ed.</span> <span class='ocrx_word' id='word_1_233' title='bbox 631 2650 703 2673; x_wconf 79' lang='lat'>1529.</span> <span class='ocrx_word' id='word_1_234' title='bbox 725 2650 814 2673; x_wconf 82' lang='lat' dir='ltr'>male:</span> <span class='ocrx_word' id='word_1_235' title='bbox 842 2650 984 2681; x_wconf 69' lang='lat' dir='ltr'>absciscit‚</span> 
     </span>
    </p>
   </div>
   <div class='ocr_carea' id='block_1_14' title="bbox 326 2691 1295 2794">
    <p class='ocr_par' dir='ltr' id='par_1_20' title="bbox 326 2691 1295 2794">
     <span class='ocr_line' id='line_1_46' title="bbox 326 2691 1215 2725; baseline 0 -7"><span class='ocrx_word' id='word_1_236' title='bbox 326 2694 370 2725; x_wconf 85' lang='lat'>18)</span> <span class='ocrx_word' id='word_1_237' title='bbox 396 2696 441 2719; x_wconf 84' lang='lat' dir='ltr'>ut:</span> <span class='ocrx_word' id='word_1_238' title='bbox 469 2695 536 2718; x_wconf 82' lang='lat' dir='ltr'>Eius</span> <span class='ocrx_word' id='word_1_239' title='bbox 556 2707 590 2710; x_wconf 97' lang='lat'><strong>—</strong></span> <span class='ocrx_word' id='word_1_240' title='bbox 608 2691 771 2725; x_wconf 74' lang='lat' dir='ltr'>proprium]</span> <span class='ocrx_word' id='word_1_241' title='bbox 800 2699 849 2723; x_wconf 77' lang='lat' dir='ltr'>pro</span> <span class='ocrx_word' id='word_1_242' title='bbox 875 2693 916 2715; x_wconf 86' lang='lat' dir='ltr'>his</span> <span class='ocrx_word' id='word_1_243' title='bbox 943 2694 1023 2717; x_wconf 82' lang='lat' dir='ltr'>habet</span> <span class='ocrx_word' id='word_1_244' title='bbox 1051 2693 1215 2718; x_wconf 76' lang='lat' dir='ltr'>Ed.1539.:</span> 
     </span>
     <span class='ocr_line' id='line_1_47' title="bbox 649 2727 1295 2758; baseline -0.003 -6"><span class='ocrx_word' id='word_1_245' title='bbox 649 2729 682 2752; x_wconf 90' lang='lat' dir='ltr'>Et</span> <span class='ocrx_word' id='word_1_246' title='bbox 711 2728 851 2758; x_wconf 78' lang='lat' dir='ltr'>proprius,</span> <span class='ocrx_word' id='word_1_247' title='bbox 900 2727 1030 2753; x_wconf 78' lang='lat' dir='ltr'>Plautus:</span> <span class='ocrx_word' id='word_1_248' title='bbox 1062 2729 1223 2752; x_wconf 76' lang='lat' dir='ltr'>Amatorem</span> <span class='ocrx_word' id='word_1_249' title='bbox 1247 2728 1295 2751; x_wconf 79' lang='lat' dir='ltr'>tibi</span> 
     </span>
     <span class='ocr_line' id='line_1_48' title="bbox 558 2763 1295 2794; baseline -0.001 -6"><span class='ocrx_word' id='word_1_250' title='bbox 558 2765 591 2788; x_wconf 88' lang='lat' dir='ltr'>Et</span> <span class='ocrx_word' id='word_1_251' title='bbox 612 2763 724 2788; x_wconf 77' lang='lat' dir='ltr'>cicero:</span> <span class='ocrx_word' id='word_1_252' title='bbox 753 2763 819 2786; x_wconf 83' lang='lat' dir='ltr'>Eius</span> <span class='ocrx_word' id='word_1_253' title='bbox 842 2763 955 2787; x_wconf 72' lang='lat' dir='ltr'>virtutis</span> <span class='ocrx_word' id='word_1_254' title='bbox 978 2770 1075 2787; x_wconf 85' lang='lat' dir='ltr'>munus</span> <span class='ocrx_word' id='word_1_255' title='bbox 1095 2764 1144 2787; x_wconf 88' lang='lat' dir='ltr'>hoc</span> <span class='ocrx_word' id='word_1_256' title='bbox 1165 2765 1208 2786; x_wconf 85' lang='lat' dir='ltr'>est</span> <span class='ocrx_word' id='word_1_257' title='bbox 1228 2769 1295 2794; x_wconf 85' lang='lat' dir='ltr'>pro-</span> 
     </span>
    </p>
   </div>
   <div class='ocr_carea' id='block_1_15' title="bbox 357 2693 1295 2829">
    <p class='ocr_par' dir='ltr' id='par_1_21' title="bbox 357 2693 1295 2829">
     <span class='ocr_line' id='line_1_49' title="bbox 1249 2693 1295 2723; baseline 0 -7"><span class='ocrx_word' id='word_1_258' title='bbox 1249 2693 1295 2723; x_wconf 87' lang='lat' dir='ltr'>Ut,</span> 
     </span>
     <span class='ocr_line' id='line_1_50' title="bbox 360 2729 604 2753; baseline -0.008 0"><span class='ocrx_word' id='word_1_259' title='bbox 360 2730 468 2753; x_wconf 86' lang='lat' dir='ltr'>Domini</span> <span class='ocrx_word' id='word_1_260' title='bbox 495 2729 604 2753; x_wconf 78' lang='lat' dir='ltr'>similis.</span> 
     </span>
     <span class='ocr_line' id='line_1_51' title="bbox 360 2765 510 2794; baseline 0.013 -8"><span class='ocrx_word' id='word_1_261' title='bbox 360 2765 510 2794; x_wconf 80' lang='lat' dir='ltr'>proprium.</span> 
     </span>
     <span class='ocr_line' id='line_1_52' title="bbox 357 2800 454 2829; baseline 0.01 -7"><span class='ocrx_word' id='word_1_262' title='bbox 357 2800 454 2829; x_wconf 73' lang='lat' dir='ltr'>prium.</span> 
     </span>
    </p>
   </div>
   <div class='ocr_carea' id='block_1_16' title="bbox 1021 139 1739 176">
    <p class='ocr_par' dir='ltr' id='par_1_22' title="bbox 1021 139 1739 176">
     <span class='ocr_line' id='line_1_53' title="bbox 1021 139 1739 176; baseline -0.004 0"><span class='ocrx_word' id='word_1_263' title='bbox 1021 143 1134 176; x_wconf 86' lang='lat' dir='ltr'><strong>MEL.</strong></span> <span class='ocrx_word' id='word_1_264' title='bbox 1164 141 1368 176; x_wconf 71' lang='lat' dir='ltr'><strong>SCRIPTA</strong></span> <span class='ocrx_word' id='word_1_265' title='bbox 1398 139 1739 174; x_wconf 81' lang='lat' dir='ltr'><strong>PHILOLOGICA.</strong></span> 
     </span>
    </p>
   </div>
   <div class='ocr_carea' id='block_1_17' title="bbox 276 1811 1940 1899">
    <p class='ocr_par' dir='ltr' id='par_1_23' title="bbox 276 1811 1940 1899">
     <span class='ocr_line' id='line_1_54' title="bbox 1313 1811 1940 1845; baseline -0.002 1"><span class='ocrx_word' id='word_1_266' title='bbox 1313 1833 1315 1841; x_wconf 77' lang='lat'>›</span> <span class='ocrx_word' id='word_1_267' title='bbox 1432 1813 1439 1819; x_wconf 82' lang='lat'>&#39;</span> <span class='ocrx_word' id='word_1_268' title='bbox 1511 1825 1527 1845; x_wconf 87' lang='lat' dir='ltr'>a</span> <span class='ocrx_word' id='word_1_269' title='bbox 1597 1811 1675 1844; x_wconf 91' lang='lat' dir='ltr'>icit</span> <span class='ocrx_word' id='word_1_270' title='bbox 1756 1818 1769 1844; x_wconf 89' lang='lat' dir='ltr'>t</span> <span class='ocrx_word' id='word_1_271' title='bbox 1824 1811 1833 1844; x_wconf 92' lang='lat' dir='ltr'>i</span> <span class='ocrx_word' id='word_1_272' title='bbox 1934 1825 1940 1845; x_wconf 90' lang='grc'>;</span> 
     </span>
     <span class='ocr_line' id='line_1_55' title="bbox 276 1811 1919 1899; baseline -0.004 -13"><span class='ocrx_word' id='word_1_273' title='bbox 276 1852 366 1887; x_wconf 87' lang='lat' dir='ltr'>Aen.</span> <span class='ocrx_word' id='word_1_274' title='bbox 384 1850 445 1892; x_wconf 85' lang='lat' dir='ltr'>IV,</span> <span class='ocrx_word' id='word_1_275' title='bbox 463 1849 590 1899; x_wconf 87' lang='lat'>558.]:</span> <span class='ocrx_word' id='word_1_276' title='bbox 629 1851 763 1885; x_wconf 88' lang='lat' dir='ltr'>Omnia</span> <span class='ocrx_word' id='word_1_277' title='bbox 785 1851 968 1885; x_wconf 87' lang='lat' dir='ltr'>Mercurio</span> <span class='ocrx_word' id='word_1_278' title='bbox 993 1851 1120 1885; x_wconf 90' lang='lat' dir='ltr'>similis</span> <span class='ocrx_word' id='word_1_279' title='bbox 1145 1863 1288 1884; x_wconf 88' lang='lat' dir='ltr'>vocem·</span> <span class='ocrx_word' id='word_1_280' title='bbox 1314 1843 1315 1874; x_wconf 54' lang='lat' dir='ltr'>l</span> <span class='ocrx_word' id='word_1_281' title='bbox 1341 1825 1484 1871; x_wconf 49' lang='lat' dir='ltr'>iaepms</span> <span class='ocrx_word' id='word_1_282' title='bbox 1533 1813 1593 1845; x_wconf 53' lang='grc' dir='ltr'>ἃδε</span> <span class='ocrx_word' id='word_1_283' title='bbox 1610 1824 1625 1845; x_wconf 70' lang='lat' dir='ltr'>S</span> <span class='ocrx_word' id='word_1_284' title='bbox 1687 1839 1695 1852; x_wconf 82' lang='grc'><em>’</em></span> <span class='ocrx_word' id='word_1_285' title='bbox 1728 1824 1751 1845; x_wconf 69' lang='lat' dir='ltr'>U</span> <span class='ocrx_word' id='word_1_286' title='bbox 1793 1811 1820 1845; x_wconf 81' lang='lat' dir='ltr'>C</span> <span class='ocrx_word' id='word_1_287' title='bbox 1838 1824 1919 1845; x_wconf 66' lang='lat' dir='ltr'>cero</span> 
     </span>
    </p>
   </div>
   <div class='ocr_carea' id='block_1_18' title="bbox 275 1876 1928 1961">
    <p class='ocr_par' dir='ltr' id='par_1_24' title="bbox 275 1876 1928 1961">
     <span class='ocr_line' id='line_1_56' title="bbox 275 1876 1928 1961; baseline -0.001 -10"><span class='ocrx_word' id='word_1_288' title='bbox 275 1917 344 1951; x_wconf 68' lang='lat' dir='ltr'>que</span> <span class='ocrx_word' id='word_1_289' title='bbox 365 1904 610 1949; x_wconf 64' lang='lat' dir='ltr'>⁶⁰10refflque·</span> <span class='ocrx_word' id='word_1_290' title='bbox 1313 1876 1317 1949; x_wconf 73' lang='lat' dir='ltr'>l</span> <span class='ocrx_word' id='word_1_291' title='bbox 1343 1917 1426 1951; x_wconf 87' lang='lat' dir='ltr'>Dux</span> <span class='ocrx_word' id='word_1_292' title='bbox 1445 1923 1479 1950; x_wconf 90' lang='lat' dir='ltr'>et</span> <span class='ocrx_word' id='word_1_293' title='bbox 1498 1923 1605 1951; x_wconf 91' lang='lat' dir='ltr'>autor</span> <span class='ocrx_word' id='word_1_294' title='bbox 1620 1916 1724 1950; x_wconf 87' lang='lat' dir='ltr'>nobis</span> <span class='ocrx_word' id='word_1_295' title='bbox 1739 1928 1851 1961; x_wconf 79' lang='lat' dir='ltr'>opus</span> <span class='ocrx_word' id='word_1_296' title='bbox 1866 1923 1928 1950; x_wconf 89' lang='lat' dir='ltr'>est.</span> 
     </span>
    </p>
   </div>
   <div class='ocr_carea' id='block_1_19' title="bbox 1314 1953 1318 2024">
    <p class='ocr_par' dir='ltr' id='par_1_25' title="bbox 1314 1953 1318 2024">
     <span class='ocr_line' id='line_1_57' title="bbox 1314 1953 1318 2024; baseline 0 1013"><span class='ocrx_word' id='word_1_297' title='bbox 1314 1953 1318 2024; x_wconf 95' lang='lat' dir='ltr'> </span> 
     </span>
    </p>
   </div>
   <div class='ocr_carea' id='block_1_20' title="bbox 2270 140 2345 180">
    <p class='ocr_par' dir='ltr' id='par_1_26' title="bbox 2270 140 2345 180">
     <span class='ocr_line' id='line_1_58' title="bbox 2270 140 2345 180; baseline 0.053 -4"><span class='ocrx_word' id='word_1_298' title='bbox 2270 140 2345 180; x_wconf 76' lang='lat'>352</span> 
     </span>
    </p>
   </div>
   <div class='ocr_carea' id='block_1_21' title="bbox 1335 225 2348 483">
    <p class='ocr_par' dir='ltr' id='par_1_27' title="bbox 1335 225 2348 483">
     <span class='ocr_line' id='line_1_59' title="bbox 1808 225 2346 286; baseline 0.004 -26"><span class='ocrx_word' id='word_1_299' title='bbox 1808 226 1941 261; x_wconf 85' lang='lat' dir='ltr'>Laetus</span> <span class='ocrx_word' id='word_1_300' title='bbox 1974 225 2136 286; x_wconf 76' lang='lat' dir='ltr'>honore,</span> <span class='ocrx_word' id='word_1_301' title='bbox 2179 228 2346 273; x_wconf 86' lang='lat' dir='ltr'>imperio,</span> 
     </span>
     <span class='ocr_line' id='line_1_60' title="bbox 1738 278 2347 324; baseline 0.003 -12"><span class='ocrx_word' id='word_1_302' title='bbox 1738 278 1939 313; x_wconf 76' lang='lat' dir='ltr'>Contentus</span> <span class='ocrx_word' id='word_1_303' title='bbox 1971 280 2105 324; x_wconf 84' lang='lat' dir='ltr'>paucis.</span> <span class='ocrx_word' id='word_1_304' title='bbox 2168 280 2347 315; x_wconf 85' lang='lat' dir='ltr'>Nonnun-</span> 
     </span>
     <span class='ocr_line' id='line_1_61' title="bbox 1336 330 2345 379; baseline 0 -12"><span class='ocrx_word' id='word_1_305' title='bbox 1336 346 1445 379; x_wconf 86' lang='lat' dir='ltr'>quam</span> <span class='ocrx_word' id='word_1_306' title='bbox 1475 331 1596 377; x_wconf 82' lang='lat' dir='ltr'>gravis</span> <span class='ocrx_word' id='word_1_307' title='bbox 1625 343 1707 364; x_wconf 89' lang='lat' dir='ltr'>aere</span> <span class='ocrx_word' id='word_1_308' title='bbox 1734 332 1885 366; x_wconf 87' lang='lat' dir='ltr'>domum</span> <span class='ocrx_word' id='word_1_309' title='bbox 1917 330 2007 365; x_wconf 88' lang='lat' dir='ltr'>mihi</span> <span class='ocrx_word' id='word_1_310' title='bbox 2038 333 2164 366; x_wconf 83' lang='lat' dir='ltr'>dextra</span> <span class='ocrx_word' id='word_1_311' title='bbox 2192 332 2345 368; x_wconf 75' lang='lat' dir='ltr'>redibat⁴</span> 
     </span>
     <span class='ocr_line' id='line_1_62' title="bbox 1335 382 2347 430; baseline 0 -11"><span class='ocrx_word' id='word_1_312' title='bbox 1335 385 1471 419; x_wconf 89' lang='lat' dir='ltr'>Potens</span> <span class='ocrx_word' id='word_1_313' title='bbox 1497 382 1670 429; x_wconf 88' lang='lat' dir='ltr'>pecunia,</span> <span class='ocrx_word' id='word_1_314' title='bbox 1698 389 1733 416; x_wconf 86' lang='lat' dir='ltr'>et</span> <span class='ocrx_word' id='word_1_315' title='bbox 1750 384 1884 418; x_wconf 85' lang='lat' dir='ltr'>Potens</span> <span class='ocrx_word' id='word_1_316' title='bbox 1908 398 1925 417; x_wconf 88' lang='lat' dir='ltr'>a</span> <span class='ocrx_word' id='word_1_317' title='bbox 1950 384 2115 429; x_wconf 85' lang='lat' dir='ltr'>pecunia.</span> <span class='ocrx_word' id='word_1_318' title='bbox 2169 384 2347 430; x_wconf 83' lang='lat' dir='ltr'>Praeceps</span> 
     </span>
     <span class='ocr_line' id='line_1_63' title="bbox 1336 435 2348 483; baseline 0.001 -12.01"><span class='ocrx_word' id='word_1_319' title='bbox 1336 437 1547 471; x_wconf 85' lang='lat' dir='ltr'>ambitione.</span> <span class='ocrx_word' id='word_1_320' title='bbox 1620 435 1678 469; x_wconf 86' lang='lat' dir='ltr'>Sic</span> <span class='ocrx_word' id='word_1_321' title='bbox 1711 442 1746 469; x_wconf 89' lang='lat' dir='ltr'>et</span> <span class='ocrx_word' id='word_1_322' title='bbox 1781 437 1890 470; x_wconf 89' lang='lat' dir='ltr'>orbus</span> <span class='ocrx_word' id='word_1_323' title='bbox 1924 437 2146 483; x_wconf 85' lang='lat' dir='ltr'>parentibus.</span> <span class='ocrx_word' id='word_1_324' title='bbox 2223 435 2348 472; x_wconf 83' lang='lat' dir='ltr'>Livius</span> 
     </span>
    </p>
   </div>
   <div class='ocr_carea' id='block_1_22' title="bbox 1336 226 1740 325">
    <p class='ocr_par' dir='ltr' id='par_1_28' title="bbox 1339 226 1740 325">
     <span class='ocr_line' id='line_1_64' title="bbox 1339 226 1740 262; baseline -0.007 0"><span class='ocrx_word' id='word_1_325' title='bbox 1339 240 1391 262; x_wconf 81' lang='lat' dir='ltr'>ra</span> <span class='ocrx_word' id='word_1_326' title='bbox 1463 226 1590 261; x_wconf 84' lang='lat' dir='ltr'>Fessus</span> <span class='ocrx_word' id='word_1_327' title='bbox 1624 239 1740 261; x_wconf 85' lang='lat' dir='ltr'>cursu.</span> 
     </span>
     <span class='ocr_line' id='line_1_65' title="bbox 1336 279 1665 325; baseline -0.01 -10.902"><span class='ocrx_word' id='word_1_328' title='bbox 1336 281 1432 325; x_wconf 81' lang='lat' dir='ltr'>apud</span> <span class='ocrx_word' id='word_1_329' title='bbox 1460 279 1665 324; x_wconf 80' lang='lat' dir='ltr'>Virgilium.</span> 
     </span>
    </p>
   </div>
   <div class='ocr_carea' id='block_1_23' title="bbox 1305 487 2348 538">
    <p class='ocr_par' dir='ltr' id='par_1_29' title="bbox 1305 487 2348 538">
     <span class='ocr_line' id='line_1_66' title="bbox 1305 487 2348 538; baseline -0.001 -15"><span class='ocrx_word' id='word_1_330' title='bbox 1305 487 1563 538; x_wconf 66' lang='lat' dir='ltr'>}[XX11,2.:]</span> <span class='ocrx_word' id='word_1_331' title='bbox 1610 488 1769 521; x_wconf 66' lang='grc' dir='ltr'><strong>ΑιιῐιίὴιΙ</strong></span> <span class='ocrx_word' id='word_1_332' title='bbox 1801 500 1907 534; x_wconf 81' lang='lat' dir='ltr'>aeger</span> <span class='ocrx_word' id='word_1_333' title='bbox 1936 489 2048 523; x_wconf 90' lang='lat' dir='ltr'>oculis</span> <span class='ocrx_word' id='word_1_334' title='bbox 2075 501 2117 523; x_wconf 80' lang='lat' dir='ltr'>ex</span> <span class='ocrx_word' id='word_1_335' title='bbox 2152 501 2264 523; x_wconf 77' lang='lat' dir='ltr'>verna</span> <span class='ocrx_word' id='word_1_336' title='bbox 2295 489 2348 522; x_wconf 87' lang='lat' dir='ltr'>in-</span> 
     </span>
    </p>
   </div>
   <div class='ocr_carea' id='block_1_24' title="bbox 1333 539 2349 691">
    <p class='ocr_par' dir='ltr' id='par_1_30' title="bbox 1333 539 2349 691">
     <span class='ocr_line' id='line_1_67' title="bbox 1336 539 2120 587; baseline 0 -12"><span class='ocrx_word' id='word_1_337' title='bbox 1336 542 1526 587; x_wconf 77' lang='lat' dir='ltr'>tempeiie.</span> <span class='ocrx_word' id='word_1_338' title='bbox 1583 540 1728 575; x_wconf 90' lang='lat' dir='ltr'>Cicero·</span> <span class='ocrx_word' id='word_1_339' title='bbox 1762 539 1879 586; x_wconf 82' lang='lat' dir='ltr'>Aeger</span> <span class='ocrx_word' id='word_1_340' title='bbox 1892 540 1937 587; x_wconf 83' lang='lat'>¹⁹)</span> <span class='ocrx_word' id='word_1_341' title='bbox 1956 542 2120 586; x_wconf 89' lang='lat' dir='ltr'>pedibus.</span> 
     </span>
     <span class='ocr_line' id='line_1_68' title="bbox 1439 593 2347 639; baseline 0 -13"><span class='ocrx_word' id='word_1_342' title='bbox 1439 593 1629 634; x_wconf 84' lang='lat' dir='ltr'>Immunis,</span> <span class='ocrx_word' id='word_1_343' title='bbox 1659 593 1797 627; x_wconf 87' lang='lat' dir='ltr'>alienus</span> <span class='ocrx_word' id='word_1_344' title='bbox 1816 594 1955 627; x_wconf 88' lang='lat' dir='ltr'>addunt</span> <span class='ocrx_word' id='word_1_345' title='bbox 1972 594 2274 639; x_wconf 87' lang='lat' dir='ltr'>praepositiones,</span> <span class='ocrx_word' id='word_1_346' title='bbox 2294 599 2347 627; x_wconf 87' lang='lat' dir='ltr'>ut:</span> 
     </span>
     <span class='ocr_line' id='line_1_69' title="bbox 1333 644 2349 691; baseline 0 -13"><span class='ocrx_word' id='word_1_347' title='bbox 1333 644 1510 680; x_wconf 91' lang='lat' dir='ltr'>lmmunis</span> <span class='ocrx_word' id='word_1_348' title='bbox 1528 659 1546 679; x_wconf 90' lang='lat' dir='ltr'>a</span> <span class='ocrx_word' id='word_1_349' title='bbox 1565 647 1673 680; x_wconf 89' lang='lat' dir='ltr'>bello.</span> <span class='ocrx_word' id='word_1_350' title='bbox 1728 645 1878 679; x_wconf 89' lang='lat' dir='ltr'>Alienus</span> <span class='ocrx_word' id='word_1_351' title='bbox 1901 658 1919 677; x_wconf 89' lang='lat' dir='ltr'>a</span> <span class='ocrx_word' id='word_1_352' title='bbox 1947 658 2018 680; x_wconf 88' lang='lat' dir='ltr'>me.</span> <span class='ocrx_word' id='word_1_353' title='bbox 2074 645 2119 680; x_wconf 88' lang='lat' dir='ltr'>Et</span> <span class='ocrx_word' id='word_1_354' title='bbox 2146 647 2244 691; x_wconf 88' lang='lat' dir='ltr'>apud</span> <span class='ocrx_word' id='word_1_355' title='bbox 2257 645 2349 680; x_wconf 87' lang='lat' dir='ltr'>Cor—</span> 
     </span>
    </p>
   </div>
   <div class='ocr_carea' id='block_1_25' title="bbox 1304 694 2349 747">
    <p class='ocr_par' dir='ltr' id='par_1_31' title="bbox 1304 694 2349 747">
     <span class='ocr_line' id='line_1_70' title="bbox 1304 694 2349 747; baseline 0 -16"><span class='ocrx_word' id='word_1_356' title='bbox 1304 719 1305 722; x_wconf 65' lang='lat'><em>=</em></span> <span class='ocrx_word' id='word_1_357' title='bbox 1331 698 1469 731; x_wconf 89' lang='lat' dir='ltr'>nelium</span> <span class='ocrx_word' id='word_1_358' title='bbox 1502 696 1637 747; x_wconf 86' lang='lat' dir='ltr'>[Tacit.</span> <span class='ocrx_word' id='word_1_359' title='bbox 1657 697 1747 732; x_wconf 89' lang='lat' dir='ltr'>Hist.</span> <span class='ocrx_word' id='word_1_360' title='bbox 1768 696 1796 738; x_wconf 91' lang='lat' dir='ltr'>I,</span> <span class='ocrx_word' id='word_1_361' title='bbox 1815 694 1915 745; x_wconf 83' lang='lat'>86.]:</span> <span class='ocrx_word' id='word_1_362' title='bbox 1960 697 2106 733; x_wconf 87' lang='lat' dir='ltr'>Vacuus</span> <span class='ocrx_word' id='word_1_363' title='bbox 2136 710 2155 732; x_wconf 86' lang='lat' dir='ltr'>a</span> <span class='ocrx_word' id='word_1_364' title='bbox 2187 697 2349 744; x_wconf 85' lang='lat' dir='ltr'>periculo</span> 
     </span>
    </p>
   </div>
   <div class='ocr_carea' id='block_1_26' title="bbox 1331 750 2348 1061">
    <p class='ocr_par' dir='ltr' id='par_1_32' title="bbox 1331 750 2348 1061">
     <span class='ocr_line' id='line_1_71' title="bbox 1332 750 2254 791; baseline 0.003 -9"><span class='ocrx_word' id='word_1_365' title='bbox 1332 750 1476 784; x_wconf 90' lang='lat' dir='ltr'>animus</span> <span class='ocrx_word' id='word_1_366' title='bbox 1499 751 1579 785; x_wconf 84' lang='lat' dir='ltr'>fuit.</span> <span class='ocrx_word' id='word_1_367' title='bbox 1616 750 1761 784; x_wconf 88' lang='lat' dir='ltr'>Vacuus</span> <span class='ocrx_word' id='word_1_368' title='bbox 1784 752 1828 784; x_wconf 85' lang='lat' dir='ltr'>ab</span> <span class='ocrx_word' id='word_1_369' title='bbox 1849 750 1954 791; x_wconf 84' lang='lat' dir='ltr'>odio,</span> <span class='ocrx_word' id='word_1_370' title='bbox 1984 757 2019 784; x_wconf 89' lang='lat' dir='ltr'>et</span> <span class='ocrx_word' id='word_1_371' title='bbox 2036 762 2171 785; x_wconf 90' lang='lat' dir='ltr'>vacuus</span> <span class='ocrx_word' id='word_1_372' title='bbox 2187 750 2254 785; x_wconf 86' lang='lat' dir='ltr'>ira.</span> 
     </span>
     <span class='ocr_line' id='line_1_72' title="bbox 1333 814 1434 835; baseline 0 0"><span class='ocrx_word' id='word_1_373' title='bbox 1333 814 1434 835; x_wconf 89' lang='lat' dir='ltr'>cero:</span> 
     </span>
     <span class='ocr_line' id='line_1_73' title="bbox 1331 854 1448 888; baseline 0.009 -2"><span class='ocrx_word' id='word_1_374' title='bbox 1331 854 1448 888; x_wconf 88' lang='lat' dir='ltr'>vacui.</span> 
     </span>
     <span class='ocr_line' id='line_1_74' title="bbox 1332 919 1477 941; baseline 0.021 -3"><span class='ocrx_word' id='word_1_375' title='bbox 1332 919 1477 941; x_wconf 86' lang='lat' dir='ltr'>vacuus.</span> 
     </span>
     <span class='ocr_line' id='line_1_75' title="bbox 1439 959 2348 1004; baseline 0.002 -12"><span class='ocrx_word' id='word_1_376' title='bbox 1439 959 1581 1004; x_wconf 86' lang='lat' dir='ltr'>Dignus</span> <span class='ocrx_word' id='word_1_377' title='bbox 1595 986 1604 1000; x_wconf 91' lang='lat'>,</span> <span class='ocrx_word' id='word_1_378' title='bbox 1634 959 1804 1004; x_wconf 88' lang='lat' dir='ltr'>indignus</span> <span class='ocrx_word' id='word_1_379' title='bbox 1816 986 1825 999; x_wconf 94' lang='lat'>‚</span> <span class='ocrx_word' id='word_1_380' title='bbox 1861 960 2073 1004; x_wconf 88' lang='lat' dir='ltr'>simpliciter</span> <span class='ocrx_word' id='word_1_381' title='bbox 2093 959 2271 994; x_wconf 84' lang='lat' dir='ltr'>ablativos</span> <span class='ocrx_word' id='word_1_382' title='bbox 2288 961 2348 994; x_wconf 81' lang='lat' dir='ltr'>ad-</span> 
     </span>
     <span class='ocr_line' id='line_1_76' title="bbox 1334 1010 2348 1061; baseline 0 -15"><span class='ocrx_word' id='word_1_383' title='bbox 1334 1012 1490 1046; x_wconf 88' lang='lat' dir='ltr'>sciscunt</span> <span class='ocrx_word' id='word_1_384' title='bbox 1508 1010 1657 1060; x_wconf 86' lang='lat' dir='ltr'>[Horat.</span> <span class='ocrx_word' id='word_1_385' title='bbox 1669 1011 1791 1045; x_wconf 86' lang='lat' dir='ltr'>Carm.</span> <span class='ocrx_word' id='word_1_386' title='bbox 1802 1010 1862 1052; x_wconf 89' lang='lat' dir='ltr'>IV,</span> <span class='ocrx_word' id='word_1_387' title='bbox 1878 1013 1913 1053; x_wconf 83' lang='lat'>8,</span> <span class='ocrx_word' id='word_1_388' title='bbox 1929 1011 2033 1061; x_wconf 74' lang='lat'><strong>28.]:</strong></span> <span class='ocrx_word' id='word_1_389' title='bbox 2063 1011 2224 1058; x_wconf 86' lang='lat' dir='ltr'>Dignum</span> <span class='ocrx_word' id='word_1_390' title='bbox 2242 1013 2348 1046; x_wconf 89' lang='lat' dir='ltr'>laude</span> 
     </span>
    </p>
   </div>
   <div class='ocr_carea' id='block_1_27' title="bbox 1479 750 2349 849">
    <p class='ocr_par' dir='ltr' id='par_1_33' title="bbox 1479 750 2349 849">
     <span class='ocr_line' id='line_1_77' title="bbox 2291 750 2349 784; baseline -0.017 0"><span class='ocrx_word' id='word_1_391' title='bbox 2291 750 2349 784; x_wconf 83' lang='lat' dir='ltr'>Ci-</span> 
     </span>
     <span class='ocr_line' id='line_1_78' title="bbox 1479 795 2348 849; baseline 0.002 -14"><span class='ocrx_word' id='word_1_392' title='bbox 1479 801 1570 836; x_wconf 89' lang='lat' dir='ltr'>Cum</span> <span class='ocrx_word' id='word_1_393' title='bbox 1596 815 1719 837; x_wconf 89' lang='lat' dir='ltr'>sumus</span> <span class='ocrx_word' id='word_1_394' title='bbox 1744 803 1954 837; x_wconf 88' lang='lat' dir='ltr'>necessariis</span> <span class='ocrx_word' id='word_1_395' title='bbox 1979 803 2153 847; x_wconf 83' lang='lat' dir='ltr'>negotiis,</span> <span class='ocrx_word' id='word_1_396' title='bbox 2181 795 2348 849; x_wconf 77' lang='lat' dir='ltr'>curisque</span> 
     </span>
    </p>
   </div>
   <div class='ocr_carea' id='block_1_28' title="bbox 1508 853 2346 904">
    <p class='ocr_par' dir='ltr' id='par_1_34' title="bbox 1508 853 2346 904">
     <span class='ocr_line' id='line_1_79' title="bbox 1508 853 2346 904; baseline 0.001 -16"><span class='ocrx_word' id='word_1_397' title='bbox 1508 854 1684 889; x_wconf 88' lang='lat' dir='ltr'>Salustius</span> <span class='ocrx_word' id='word_1_398' title='bbox 1708 853 1892 904; x_wconf 86' lang='lat' dir='ltr'>[lugurth.</span> <span class='ocrx_word' id='word_1_399' title='bbox 1911 869 1940 890; x_wconf 88' lang='lat' dir='ltr'>c.</span> <span class='ocrx_word' id='word_1_400' title='bbox 1959 853 2059 904; x_wconf 87' lang='lat'><strong>95.]:</strong></span> <span class='ocrx_word' id='word_1_401' title='bbox 2087 855 2184 901; x_wconf 85' lang='lat' dir='ltr'>Ager</span> <span class='ocrx_word' id='word_1_402' title='bbox 2203 856 2346 901; x_wconf 82' lang='lat' dir='ltr'>frugum</span> 
     </span>
    </p>
   </div>
   <div class='ocr_carea' id='block_1_29' title="bbox 1306 1063 1822 1099">
    <p class='ocr_par' dir='ltr' id='par_1_35' title="bbox 1306 1063 1822 1099">
     <span class='ocr_line' id='line_1_80' title="bbox 1306 1063 1822 1099; baseline 0.008 -6"><span class='ocrx_word' id='word_1_403' title='bbox 1306 1063 1308 1093; x_wconf 72' lang='grc' dir='ltr'>Ξ</span> <span class='ocrx_word' id='word_1_404' title='bbox 1336 1065 1455 1098; x_wconf 89' lang='lat' dir='ltr'>virum</span> <span class='ocrx_word' id='word_1_405' title='bbox 1476 1064 1579 1099; x_wconf 84' lang='lat' dir='ltr'>Musa</span> <span class='ocrx_word' id='word_1_406' title='bbox 1599 1070 1698 1098; x_wconf 87' lang='lat' dir='ltr'>vetat</span> <span class='ocrx_word' id='word_1_407' title='bbox 1716 1065 1822 1098; x_wconf 91' lang='lat' dir='ltr'>mori.</span> 
     </span>
    </p>
   </div>
   <div class='ocr_carea' id='block_1_30' title="bbox 1612 1158 2073 1204">
    <p class='ocr_par' dir='ltr' id='par_1_36' title="bbox 1612 1158 2073 1204">
     <span class='ocr_line' id='line_1_81' title="bbox 1612 1158 2073 1204; baseline 0.002 -12"><span class='ocrx_word' id='word_1_408' title='bbox 1612 1158 1867 1192; x_wconf 90' lang='lat' dir='ltr'>Undecima</span> <span class='ocrx_word' id='word_1_409' title='bbox 1898 1159 2073 1204; x_wconf 84' lang='lat' dir='ltr'>regula.</span> 
     </span>
    </p>
   </div>
   <div class='ocr_carea' id='block_1_31' title="bbox 1338 1227 2352 1485">
    <p class='ocr_par' dir='ltr' id='par_1_37' title="bbox 1338 1227 2352 1485">
     <span class='ocr_line' id='line_1_82' title="bbox 1442 1227 2351 1274; baseline 0.001 -14"><span class='ocrx_word' id='word_1_410' title='bbox 1442 1227 1577 1262; x_wconf 84' lang='lat' dir='ltr'>Variae</span> <span class='ocrx_word' id='word_1_411' title='bbox 1611 1228 1748 1272; x_wconf 85' lang='lat' dir='ltr'>figurae</span> <span class='ocrx_word' id='word_1_412' title='bbox 1778 1235 1863 1262; x_wconf 90' lang='lat' dir='ltr'>sunt</span> <span class='ocrx_word' id='word_1_413' title='bbox 1886 1228 2140 1274; x_wconf 86' lang='lat' dir='ltr'>descriptionis</span> <span class='ocrx_word' id='word_1_414' title='bbox 2164 1228 2351 1268; x_wconf 84' lang='lat' dir='ltr'>laudandi,</span> 
     </span>
     <span class='ocr_line' id='line_1_83' title="bbox 1338 1280 2351 1326; baseline 0 -12"><span class='ocrx_word' id='word_1_415' title='bbox 1338 1288 1400 1315; x_wconf 87' lang='lat' dir='ltr'>aut</span> <span class='ocrx_word' id='word_1_416' title='bbox 1423 1280 1669 1326; x_wconf 88' lang='lat' dir='ltr'>vituperandi.</span> <span class='ocrx_word' id='word_1_417' title='bbox 1737 1281 1807 1315; x_wconf 93' lang='lat' dir='ltr'>Sed</span> <span class='ocrx_word' id='word_1_418' title='bbox 1838 1281 2005 1315; x_wconf 88' lang='lat' dir='ltr'>ablativis</span> <span class='ocrx_word' id='word_1_419' title='bbox 2029 1280 2153 1315; x_wconf 82' lang='lat' dir='ltr'>Latini</span> <span class='ocrx_word' id='word_1_420' title='bbox 2182 1281 2351 1316; x_wconf 86' lang='lat' dir='ltr'>libentius</span> 
     </span>
     <span class='ocr_line' id='line_1_84' title="bbox 1338 1332 2349 1374; baseline -0.002 -6"><span class='ocrx_word' id='word_1_421' title='bbox 1338 1334 1393 1368; x_wconf 94' lang='lat' dir='ltr'>usi</span> <span class='ocrx_word' id='word_1_422' title='bbox 1410 1340 1512 1374; x_wconf 87' lang='lat' dir='ltr'>sunt,</span> <span class='ocrx_word' id='word_1_423' title='bbox 1542 1340 1597 1367; x_wconf 89' lang='lat' dir='ltr'>ut:</span> <span class='ocrx_word' id='word_1_424' title='bbox 1632 1332 1758 1367; x_wconf 84' lang='lat' dir='ltr'>Puella</span> <span class='ocrx_word' id='word_1_425' title='bbox 1786 1334 1890 1367; x_wconf 85' lang='lat' dir='ltr'>vultu</span> <span class='ocrx_word' id='word_1_426' title='bbox 1914 1334 2092 1368; x_wconf 88' lang='lat' dir='ltr'>modesto.</span> <span class='ocrx_word' id='word_1_427' title='bbox 2145 1332 2229 1368; x_wconf 85' lang='lat' dir='ltr'>Dici</span> <span class='ocrx_word' id='word_1_428' title='bbox 2254 1334 2349 1368; x_wconf 89' lang='lat' dir='ltr'>enim</span> 
     </span>
     <span class='ocr_line' id='line_1_85' title="bbox 1338 1384 2352 1431; baseline 0 -12"><span class='ocrx_word' id='word_1_429' title='bbox 1338 1384 1556 1431; x_wconf 77' lang='lat' dir='ltr'>poterat20):</span> <span class='ocrx_word' id='word_1_430' title='bbox 1586 1385 1711 1419; x_wconf 83' lang='lat' dir='ltr'>Puella</span> <span class='ocrx_word' id='word_1_431' title='bbox 1730 1386 1849 1420; x_wconf 87' lang='lat' dir='ltr'>vultus</span> <span class='ocrx_word' id='word_1_432' title='bbox 1866 1387 2042 1426; x_wconf 86' lang='lat' dir='ltr'>modesti,</span> <span class='ocrx_word' id='word_1_433' title='bbox 2072 1393 2106 1420; x_wconf 86' lang='lat' dir='ltr'>et</span> <span class='ocrx_word' id='word_1_434' title='bbox 2121 1385 2247 1421; x_wconf 87' lang='lat' dir='ltr'>Puella</span> <span class='ocrx_word' id='word_1_435' title='bbox 2274 1398 2352 1420; x_wconf 88' lang='lat' dir='ltr'>mo-</span> 
     </span>
     <span class='ocr_line' id='line_1_86' title="bbox 1339 1437 2352 1485; baseline 0.003 -14"><span class='ocrx_word' id='word_1_436' title='bbox 1339 1440 1437 1472; x_wconf 84' lang='lat' dir='ltr'>desta</span> <span class='ocrx_word' id='word_1_437' title='bbox 1467 1438 1589 1478; x_wconf 89' lang='lat' dir='ltr'>vultu,</span> <span class='ocrx_word' id='word_1_438' title='bbox 1625 1444 1659 1471; x_wconf 88' lang='lat' dir='ltr'>et</span> <span class='ocrx_word' id='word_1_439' title='bbox 1683 1438 1848 1472; x_wconf 86' lang='lat' dir='ltr'>modesta</span> <span class='ocrx_word' id='word_1_440' title='bbox 1876 1438 2036 1478; x_wconf 85' lang='lat' dir='ltr'>vultum,</span> <span class='ocrx_word' id='word_1_441' title='bbox 2065 1437 2352 1485; x_wconf 80' lang='grc' dir='ltr'><strong><em>συνεκδοχικῶς.</em></strong></span> 
     </span>
    </p>
   </div>
   <div class='ocr_carea' id='block_1_32' title="bbox 1310 1482 2353 1649">
    <p class='ocr_par' dir='ltr' id='par_1_38' title="bbox 1310 1482 2353 1649">
     <span class='ocr_line' id='line_1_87' title="bbox 1310 1482 2353 1538; baseline 0 -14"><span class='ocrx_word' id='word_1_442' title='bbox 1310 1482 1311 1486; x_wconf 77' lang='grc'>’</span> <span class='ocrx_word' id='word_1_443' title='bbox 1338 1490 1397 1524; x_wconf 74' lang='lat' dir='ltr'>sic</span> <span class='ocrx_word' id='word_1_444' title='bbox 1415 1490 1615 1524; x_wconf 70' lang='lat' dir='ltr'>columeua</span> <span class='ocrx_word' id='word_1_445' title='bbox 1635 1488 1788 1538; x_wconf 58' lang='lat' dir='ltr'>[liuvr</span> <span class='ocrx_word' id='word_1_446' title='bbox 1808 1503 1837 1525; x_wconf 77' lang='lat' dir='ltr'>e.</span> <span class='ocrx_word' id='word_1_447' title='bbox 1854 1487 1958 1538; x_wconf 77' lang='lat'>37.]:</span> <span class='ocrx_word' id='word_1_448' title='bbox 1986 1491 2118 1525; x_wconf 70' lang='lat' dir='ltr'>Asinus</span> <span class='ocrx_word' id='word_1_449' title='bbox 2139 1491 2353 1536; x_wconf 74' lang='lat' dir='ltr'>amplissimi</span> 
     </span>
     <span class='ocr_line' id='line_1_88' title="bbox 1310 1543 1852 1588; baseline 0.006 -14"><span class='ocrx_word' id='word_1_450' title='bbox 1310 1569 1311 1573; x_wconf 71' lang='grc'>,</span> <span class='ocrx_word' id='word_1_451' title='bbox 1339 1543 1523 1588; x_wconf 80' lang='lat' dir='ltr'>corporis,</span> <span class='ocrx_word' id='word_1_452' title='bbox 1555 1543 1692 1576; x_wconf 87' lang='lat' dir='ltr'>cervice</span> <span class='ocrx_word' id='word_1_453' title='bbox 1720 1543 1852 1577; x_wconf 88' lang='lat' dir='ltr'>valida.</span> 
     </span>
     <span class='ocr_line' id='line_1_89' title="bbox 1312 1593 1722 1649; baseline 0.005 -22"><span class='ocrx_word' id='word_1_454' title='bbox 1312 1645 1313 1649; x_wconf 14' lang='grc' dir='ltr'><strong>Ἰ</strong></span> <span class='ocrx_word' id='word_1_455' title='bbox 1339 1595 1546 1629; x_wconf 90' lang='lat' dir='ltr'>valetudine</span> <span class='ocrx_word' id='word_1_456' title='bbox 1563 1593 1722 1629; x_wconf 85' lang='lat' dir='ltr'>habitus.</span> 
     </span>
    </p>
   </div>
   <div class='ocr_carea' id='block_1_33' title="bbox 1914 1542 2349 1583">
    <p class='ocr_par' dir='ltr' id='par_1_39' title="bbox 1914 1542 2349 1583">
     <span class='ocr_line' id='line_1_90' title="bbox 1914 1542 2349 1583; baseline 0 -6"><span class='ocrx_word' id='word_1_457' title='bbox 1914 1543 2041 1577; x_wconf 89' lang='lat' dir='ltr'>Cicero</span> <span class='ocrx_word' id='word_1_458' title='bbox 2054 1557 2060 1576; x_wconf 88' lang='grc'>;</span> <span class='ocrx_word' id='word_1_459' title='bbox 2095 1542 2185 1577; x_wconf 89' lang='lat' dir='ltr'>Erat</span> <span class='ocrx_word' id='word_1_460' title='bbox 2207 1543 2349 1583; x_wconf 80' lang='lat' dir='ltr'>infirma</span> 
     </span>
    </p>
   </div>
   <div class='ocr_carea' id='block_1_34' title="bbox 1602 1689 2088 1735">
    <p class='ocr_par' dir='ltr' id='par_1_40' title="bbox 1602 1689 2088 1735">
     <span class='ocr_line' id='line_1_91' title="bbox 1602 1689 2088 1735; baseline -0.002 -11"><span class='ocrx_word' id='word_1_461' title='bbox 1602 1689 1887 1724; x_wconf 87' lang='lat' dir='ltr'>Duodecima</span> <span class='ocrx_word' id='word_1_462' title='bbox 1916 1691 2088 1735; x_wconf 82' lang='lat' dir='ltr'>regula.</span> 
     </span>
    </p>
   </div>
   <div class='ocr_carea' id='block_1_35' title="bbox 1447 1759 2356 2067">
    <p class='ocr_par' dir='ltr' id='par_1_41' title="bbox 1447 1759 2356 2067">
     <span class='ocr_line' id='line_1_92' title="bbox 1447 1759 2351 1805; baseline 0.002 -13"><span class='ocrx_word' id='word_1_463' title='bbox 1447 1759 1559 1793; x_wconf 87' lang='lat' dir='ltr'>Varia</span> <span class='ocrx_word' id='word_1_464' title='bbox 1578 1765 1630 1794; x_wconf 88' lang='lat' dir='ltr'>est</span> <span class='ocrx_word' id='word_1_465' title='bbox 1648 1759 1808 1805; x_wconf 83' lang='lat' dir='ltr'>syntaxis</span> <span class='ocrx_word' id='word_1_466' title='bbox 1825 1760 1922 1794; x_wconf 89' lang='lat' dir='ltr'>vocis</span> <span class='ocrx_word' id='word_1_467' title='bbox 1940 1771 2043 1803; x_wconf 79' lang='lat' dir='ltr'>opus,</span> <span class='ocrx_word' id='word_1_468' title='bbox 2072 1760 2135 1794; x_wconf 88' lang='lat' dir='ltr'>sed</span> <span class='ocrx_word' id='word_1_469' title='bbox 2154 1760 2351 1794; x_wconf 82' lang='lat' dir='ltr'>ablativum</span> 
     </span>
     <span class='ocr_line' id='line_1_93' title="bbox 1978 1810 2353 1857; baseline 0 -11"><span class='ocrx_word' id='word_1_470' title='bbox 1978 1812 2081 1857; x_wconf 93' lang='lat' dir='ltr'>Opus</span> <span class='ocrx_word' id='word_1_471' title='bbox 2107 1819 2160 1847; x_wconf 90' lang='lat' dir='ltr'>est</span> <span class='ocrx_word' id='word_1_472' title='bbox 2182 1810 2267 1847; x_wconf 91' lang='lat' dir='ltr'>huic</span> <span class='ocrx_word' id='word_1_473' title='bbox 2291 1819 2353 1846; x_wconf 90' lang='lat' dir='ltr'>tuo</span> 
     </span>
     <span class='ocr_line' id='line_1_94' title="bbox 1564 1864 2355 1910; baseline 0 -12"><span class='ocrx_word' id='word_1_474' title='bbox 1564 1864 1841 1910; x_wconf 87' lang='lat' dir='ltr'>Nonnunquam</span> <span class='ocrx_word' id='word_1_475' title='bbox 1878 1864 2061 1909; x_wconf 83' lang='lat' dir='ltr'>praecedit</span> <span class='ocrx_word' id='word_1_476' title='bbox 2094 1865 2355 1905; x_wconf 87' lang='lat' dir='ltr'>nominativus,</span> 
     </span>
     <span class='ocr_line' id='line_1_95' title="bbox 1986 1916 2356 1962; baseline 0.011 -14"><span class='ocrx_word' id='word_1_477' title='bbox 1986 1916 2125 1950; x_wconf 82' lang='lat' dir='ltr'>Rarum</span> <span class='ocrx_word' id='word_1_478' title='bbox 2148 1923 2220 1958; x_wconf 89' lang='lat' dir='ltr'>est,</span> <span class='ocrx_word' id='word_1_479' title='bbox 2253 1917 2356 1962; x_wconf 87' lang='lat' dir='ltr'>Opus</span> 
     </span>
     <span class='ocr_line' id='line_1_96' title="bbox 1824 1968 2355 2014; baseline 0 -12"><span class='ocrx_word' id='word_1_480' title='bbox 1824 1968 1869 2002; x_wconf 88' lang='lat' dir='ltr'>Et</span> <span class='ocrx_word' id='word_1_481' title='bbox 1896 1980 1977 2003; x_wconf 73' lang='lat' dir='ltr'>usus</span> <span class='ocrx_word' id='word_1_482' title='bbox 2004 1970 2099 2014; x_wconf 89' lang='lat' dir='ltr'>apud</span> <span class='ocrx_word' id='word_1_483' title='bbox 2122 1969 2293 2004; x_wconf 87' lang='lat' dir='ltr'>Plautum</span> <span class='ocrx_word' id='word_1_484' title='bbox 2318 1970 2355 2002; x_wconf 89' lang='lat' dir='ltr'>in</span> 
     </span>
     <span class='ocr_line' id='line_1_97' title="bbox 1565 2020 2355 2067; baseline 0.004 -14"><span class='ocrx_word' id='word_1_485' title='bbox 1565 2020 1704 2066; x_wconf 84' lang='lat' dir='ltr'>Viginti</span> <span class='ocrx_word' id='word_1_486' title='bbox 1726 2021 1797 2053; x_wconf 88' lang='lat' dir='ltr'>iam</span> <span class='ocrx_word' id='word_1_487' title='bbox 1816 2034 1900 2055; x_wconf 89' lang='lat' dir='ltr'>usus</span> <span class='ocrx_word' id='word_1_488' title='bbox 1919 2027 1970 2054; x_wconf 87' lang='lat' dir='ltr'>est</span> <span class='ocrx_word' id='word_1_489' title='bbox 1987 2021 2062 2055; x_wconf 86' lang='lat' dir='ltr'>filio</span> <span class='ocrx_word' id='word_1_490' title='bbox 2078 2022 2220 2067; x_wconf 85' lang='lat' dir='ltr'>argenti</span> <span class='ocrx_word' id='word_1_491' title='bbox 2236 2022 2355 2057; x_wconf 90' lang='lat' dir='ltr'>minis.</span> 
     </span>
    </p>
   </div>
   <div class='ocr_carea' id='block_1_36' title="bbox 1343 1865 1491 1900">
    <p class='ocr_par' dir='ltr' id='par_1_42' title="bbox 1343 1865 1491 1900">
     <span class='ocr_line' id='line_1_98' title="bbox 1343 1865 1491 1900; baseline 0.02 -3"><span class='ocrx_word' id='word_1_492' title='bbox 1343 1865 1491 1900; x_wconf 83' lang='lat' dir='ltr'>ludiciO.</span> 
     </span>
    </p>
   </div>
   <div class='ocr_carea' id='block_1_37' title="bbox 1344 1966 1758 2057">
    <p class='ocr_par' dir='ltr' id='par_1_43' title="bbox 1344 1966 1758 2057">
     <span class='ocr_line' id='line_1_99' title="bbox 1345 1966 1758 2004; baseline -0.007 0"><span class='ocrx_word' id='word_1_493' title='bbox 1345 1976 1398 2004; x_wconf 88' lang='lat' dir='ltr'>est</span> <span class='ocrx_word' id='word_1_494' title='bbox 1420 1969 1525 2003; x_wconf 88' lang='lat' dir='ltr'>nobis</span> <span class='ocrx_word' id='word_1_495' title='bbox 1553 1966 1646 2002; x_wconf 90' lang='lat' dir='ltr'>hanc</span> <span class='ocrx_word' id='word_1_496' title='bbox 1669 1981 1758 2002; x_wconf 90' lang='lat' dir='ltr'>rem.</span> 
     </span>
     <span class='ocr_line' id='line_1_100' title="bbox 1344 2022 1530 2057; baseline -0.005 -2"><span class='ocrx_word' id='word_1_497' title='bbox 1344 2022 1530 2057; x_wconf 86' lang='lat' dir='ltr'>Asinaria:</span> 
     </span>
    </p>
   </div>
   <div class='ocr_carea' id='block_1_38' title="bbox 1569 2116 2133 2164">
    <p class='ocr_par' dir='ltr' id='par_1_44' title="bbox 1569 2116 2133 2164">
     <span class='ocr_line' id='line_1_101' title="bbox 1569 2116 2133 2164; baseline 0.005 -14"><span class='ocrx_word' id='word_1_498' title='bbox 1569 2116 1758 2151; x_wconf 86' lang='lat' dir='ltr'>Decima</span> <span class='ocrx_word' id='word_1_499' title='bbox 1790 2118 1928 2151; x_wconf 71' lang='lat' dir='ltr'>tertia</span> <span class='ocrx_word' id='word_1_500' title='bbox 1960 2119 2133 2164; x_wconf 82' lang='lat' dir='ltr'>regula.</span> 
     </span>
    </p>
   </div>
   <div class='ocr_carea' id='block_1_39' title="bbox 1345 2186 2358 2602">
    <p class='ocr_par' dir='ltr' id='par_1_45' title="bbox 1345 2186 2358 2549">
     <span class='ocr_line' id='line_1_102' title="bbox 1448 2186 2355 2235; baseline -0.001 -13"><span class='ocrx_word' id='word_1_501' title='bbox 1448 2188 1620 2233; x_wconf 89' lang='lat' dir='ltr'>Figuram</span> <span class='ocrx_word' id='word_1_502' title='bbox 1654 2186 1840 2235; x_wconf 77' lang='grc' dir='ltr'>πρόθεσιν</span> <span class='ocrx_word' id='word_1_503' title='bbox 1855 2188 1902 2233; x_wconf 77' lang='lat'>²¹)</span> <span class='ocrx_word' id='word_1_504' title='bbox 1941 2188 2129 2231; x_wconf 83' lang='lat' dir='ltr'>dixerunt,</span> <span class='ocrx_word' id='word_1_505' title='bbox 2174 2192 2254 2223; x_wconf 73' lang='lat' dir='ltr'>cum</span> <span class='ocrx_word' id='word_1_506' title='bbox 2284 2189 2355 2222; x_wconf 88' lang='lat' dir='ltr'>duo</span> 
     </span>
     <span class='ocr_line' id='line_1_103' title="bbox 1345 2239 2354 2286; baseline -0.004 -10"><span class='ocrx_word' id='word_1_507' title='bbox 1345 2241 1569 2276; x_wconf 86' lang='lat' dir='ltr'>substantiva</span> <span class='ocrx_word' id='word_1_508' title='bbox 1587 2241 1713 2273; x_wconf 91' lang='lat' dir='ltr'>eodem</span> <span class='ocrx_word' id='word_1_509' title='bbox 1732 2252 1816 2274; x_wconf 86' lang='lat' dir='ltr'>casu</span> <span class='ocrx_word' id='word_1_510' title='bbox 1832 2242 2116 2286; x_wconf 84' lang='lat' dir='ltr'>coniunguntur,</span> <span class='ocrx_word' id='word_1_511' title='bbox 2142 2239 2354 2276; x_wconf 83' lang='lat' dir='ltr'>hoe-modo:</span> 
     </span>
     <span class='ocr_line' id='line_1_104' title="bbox 1346 2293 2356 2337; baseline -0.001 -10"><span class='ocrx_word' id='word_1_512' title='bbox 1346 2293 1584 2337; x_wconf 84' lang='lat' dir='ltr'>Effodiuntur</span> <span class='ocrx_word' id='word_1_513' title='bbox 1608 2305 1706 2337; x_wconf 87' lang='lat' dir='ltr'>opes,</span> <span class='ocrx_word' id='word_1_514' title='bbox 1736 2293 1962 2327; x_wconf 85' lang='lat' dir='ltr'>irritamenta</span> <span class='ocrx_word' id='word_1_515' title='bbox 1984 2294 2179 2329; x_wconf 87' lang='lat' dir='ltr'>malorum.</span> <span class='ocrx_word' id='word_1_516' title='bbox 2232 2294 2356 2328; x_wconf 83' lang='lat' dir='ltr'>Poste-</span> 
     </span>
     <span class='ocr_line' id='line_1_105' title="bbox 1346 2345 2358 2387; baseline -0.002 -7"><span class='ocrx_word' id='word_1_517' title='bbox 1346 2346 1421 2380; x_wconf 87' lang='lat' dir='ltr'>rius</span> <span class='ocrx_word' id='word_1_518' title='bbox 1438 2345 1702 2379; x_wconf 78' lang='lat' dir='ltr'>substantivum</span> <span class='ocrx_word' id='word_1_519' title='bbox 1721 2346 1931 2379; x_wconf 83' lang='lat' dir='ltr'>declarandi</span> <span class='ocrx_word' id='word_1_520' title='bbox 1949 2358 2054 2380; x_wconf 87' lang='lat' dir='ltr'>causa</span> <span class='ocrx_word' id='word_1_521' title='bbox 2072 2345 2231 2387; x_wconf 84' lang='lat' dir='ltr'>accessit,</span> <span class='ocrx_word' id='word_1_522' title='bbox 2259 2347 2358 2380; x_wconf 87' lang='lat' dir='ltr'>ideo-</span> 
     </span>
     <span class='ocr_line' id='line_1_106' title="bbox 1347 2397 2358 2445; baseline -0.002 -13"><span class='ocrx_word' id='word_1_523' title='bbox 1347 2411 1416 2445; x_wconf 89' lang='lat' dir='ltr'>que</span> <span class='ocrx_word' id='word_1_524' title='bbox 1432 2398 1698 2442; x_wconf 87' lang='lat' dir='ltr'>propemodum</span> <span class='ocrx_word' id='word_1_525' title='bbox 1720 2397 1837 2431; x_wconf 90' lang='lat' dir='ltr'>induit</span> <span class='ocrx_word' id='word_1_526' title='bbox 1865 2398 2033 2432; x_wconf 81' lang='lat' dir='ltr'>adiectivi</span> <span class='ocrx_word' id='word_1_527' title='bbox 2056 2405 2239 2434; x_wconf 89' lang='lat' dir='ltr'>naturam.</span> <span class='ocrx_word' id='word_1_528' title='bbox 2301 2397 2358 2431; x_wconf 87' lang='lat' dir='ltr'>Sic</span> 
     </span>
     <span class='ocr_line' id='line_1_107' title="bbox 1347 2449 2354 2499; baseline -0.001 -15"><span class='ocrx_word' id='word_1_529' title='bbox 1347 2449 1521 2484; x_wconf 89' lang='lat' dir='ltr'>Horatius</span> <span class='ocrx_word' id='word_1_530' title='bbox 1547 2449 1680 2499; x_wconf 87' lang='lat' dir='ltr'>[Epist.</span> <span class='ocrx_word' id='word_1_531' title='bbox 1698 2449 1724 2490; x_wconf 93' lang='lat' dir='ltr'>l,</span> <span class='ocrx_word' id='word_1_532' title='bbox 1746 2450 1780 2490; x_wconf 84' lang='lat'>6,</span> <span class='ocrx_word' id='word_1_533' title='bbox 1798 2449 1899 2499; x_wconf 86' lang='lat'><strong>37.]:</strong></span> <span class='ocrx_word' id='word_1_534' title='bbox 1935 2450 1981 2484; x_wconf 87' lang='lat' dir='ltr'>Et</span> <span class='ocrx_word' id='word_1_535' title='bbox 2004 2463 2116 2496; x_wconf 86' lang='lat' dir='ltr'>genus</span> <span class='ocrx_word' id='word_1_536' title='bbox 2142 2457 2177 2485; x_wconf 86' lang='lat' dir='ltr'>et</span> <span class='ocrx_word' id='word_1_537' title='bbox 2202 2451 2354 2486; x_wconf 85' lang='lat' dir='ltr'>formam</span> 
     </span>
     <span class='ocr_line' id='line_1_108' title="bbox 1347 2503 2248 2549; baseline 0.001 -12"><span class='ocrx_word' id='word_1_538' title='bbox 1347 2503 1471 2548; x_wconf 84' lang='lat' dir='ltr'>regina</span> <span class='ocrx_word' id='word_1_539' title='bbox 1494 2503 1646 2547; x_wconf 87' lang='lat' dir='ltr'>pecunia</span> <span class='ocrx_word' id='word_1_540' title='bbox 1669 2504 1800 2545; x_wconf 86' lang='lat' dir='ltr'>donat,</span> <span class='ocrx_word' id='word_1_541' title='bbox 1831 2504 1865 2536; x_wconf 83' lang='lat' dir='ltr'>id</span> <span class='ocrx_word' id='word_1_542' title='bbox 1888 2510 1960 2544; x_wconf 87' lang='lat' dir='ltr'>est,</span> <span class='ocrx_word' id='word_1_543' title='bbox 1988 2516 2156 2549; x_wconf 84' lang='lat' dir='ltr'>regnans.</span> <span class='ocrx_word' id='word_1_544' title='bbox 2245 2519 2248 2521; x_wconf 93' lang='lat'>·</span> 
     </span>
    </p>

    <p class='ocr_par' dir='ltr' id='par_1_46' title="bbox 1457 2554 2026 2602">
     <span class='ocr_line' id='line_1_109' title="bbox 1457 2554 2026 2602; baseline 0.002 -13"><span class='ocrx_word' id='word_1_545' title='bbox 1457 2554 1567 2595; x_wconf 78' lang='grc' dir='ltr'><em>Τέλος</em></span> <span class='ocrx_word' id='word_1_546' title='bbox 1588 2555 1787 2589; x_wconf 68' lang='lat' dir='ltr'>Nominum</span> <span class='ocrx_word' id='word_1_547' title='bbox 1815 2555 2026 2602; x_wconf 76' lang='lat' dir='ltr'>Syntaxeos.</span> 
     </span>
    </p>
   </div>
   <div class='ocr_carea' id='block_1_40' title="bbox 1385 2706 1991 2827">
    <p class='ocr_par' dir='ltr' id='par_1_47' title="bbox 1385 2706 1991 2827">
     <span class='ocr_line' id='line_1_110' title="bbox 1385 2706 1847 2738; baseline 0 -7"><span class='ocrx_word' id='word_1_548' title='bbox 1385 2706 1431 2736; x_wconf 76' lang='lat'>19)</span> <span class='ocrx_word' id='word_1_549' title='bbox 1452 2708 1560 2737; x_wconf 77' lang='lat' dir='ltr'>Aeger]</span> <span class='ocrx_word' id='word_1_550' title='bbox 1582 2707 1631 2731; x_wconf 86' lang='lat' dir='ltr'>Ed.</span> <span class='ocrx_word' id='word_1_551' title='bbox 1648 2707 1725 2733; x_wconf 75' lang='lat'>1526.</span> <span class='ocrx_word' id='word_1_552' title='bbox 1744 2707 1847 2738; x_wconf 73' lang='lat' dir='ltr'>Aegi-is</span> 
     </span>
     <span class='ocr_line' id='line_1_111' title="bbox 1385 2751 1876 2781; baseline 0 -6"><span class='ocrx_word' id='word_1_553' title='bbox 1385 2751 1434 2779; x_wconf 80' lang='lat'>20)</span> <span class='ocrx_word' id='word_1_554' title='bbox 1456 2752 1591 2780; x_wconf 80' lang='lat' dir='ltr'>poterat,]</span> <span class='ocrx_word' id='word_1_555' title='bbox 1613 2751 1660 2777; x_wconf 83' lang='lat' dir='ltr'>Ed.</span> <span class='ocrx_word' id='word_1_556' title='bbox 1679 2751 1753 2777; x_wconf 80' lang='grc'><strong>1539.</strong></span> <span class='ocrx_word' id='word_1_557' title='bbox 1774 2753 1876 2781; x_wconf 82' lang='lat' dir='ltr'>potest,</span> 
     </span>
     <span class='ocr_line' id='line_1_112' title="bbox 1385 2793 1991 2827; baseline 0 -7"><span class='ocrx_word' id='word_1_558' title='bbox 1385 2794 1435 2826; x_wconf 79' lang='lat'>21)</span> <span class='ocrx_word' id='word_1_559' title='bbox 1455 2793 1604 2827; x_wconf 73' lang='grc' dir='ltr'><strong>πρόθεσιν]</strong></span> <span class='ocrx_word' id='word_1_560' title='bbox 1627 2796 1674 2820; x_wconf 83' lang='lat' dir='ltr'>Ed.</span> <span class='ocrx_word' id='word_1_561' title='bbox 1693 2796 1768 2819; x_wconf 82' lang='lat'>1539.</span> <span class='ocrx_word' id='word_1_562' title='bbox 1789 2795 1991 2827; x_wconf 78' lang='lat' dir='ltr'>appositionem</span> 
     </span>
    </p>
   </div>
  </div>
 </body>
</html>
