2421 3037
267 125 342 160 719

314 211 428 249 Cave,
464 220 508 240 ne
534 206 621 238 alias
645 202 779 248 species
806 202 1039 238 adnumeres;
1070 197 1264 232 relationes

365 261 459 293 enim
481 263 563 292 sunt
582 255 724 294 Motus,
752 254 931 297 Tempus,
958 251 1094 290 Locus,
1122 248 1264 283 Oratio.

538 340 825 387 Qualitatum
864 339 988 371 ordo.

364 404 539 449 Reliquae
564 414 685 435 rerum
710 401 868 439 formae,
905 409 996 443 quae
1020 409 1037 428 a
1065 395 1266 441 quantitate

261 470 336 491 non
365 452 744 499 comprehenduntur,
782 450 973 496 qualitates
992 454 1085 482 sunt.
1133 446 1265 489 Magna

263 509 408 556 quidem
436 519 518 551 pars
543 505 759 550 qualitatum
785 504 1022 535 instrumenta
1050 505 1153 537 sunt,
1190 497 1267 542 qui-

263 563 330 595 bus
361 565 512 593 utuntur
545 557 582 589 in
614 556 753 600 agendo
781 553 1010 598 operandove
1036 550 1268 587 substantiae,

263 624 381 658 neque
407 611 520 644 ullum
547 620 667 641 rerum
695 606 858 639 ordinem
884 611 955 637 tam
976 603 1085 636 refert
1106 600 1268 644 expedite

264 672 399 703 tenere,
428 674 535 708 quam
554 659 668 699 hunc,
697 670 839 702 nempe,
869 657 929 702 qui
947 654 1116 688 latissime
1137 657 1269 696 pateat.

265 716 371 751 Nulla
390 721 441 748 est
458 713 551 746 enim
572 710 784 750 substantia,
812 721 919 754 quam
938 719 1012 739 non
1034 705 1167 737 multae
1184 715 1271 749 qua—

265 768 383 801 litates
416 770 601 799 exornent.
663 762 736 795 lam
768 774 809 794 cx
836 759 902 793 hoc
930 760 1008 791 loco
1035 763 1068 789 et
1094 754 1271 788 Rhetores

266 819 440 853 formulas
472 817 617 849 laudum
655 827 694 846 ac
729 811 1058 856 vituperationum,
1105 807 1272 840 consilio-

269 882 423 916 rumque
452 867 640 900 materiam
669 871 814 909 petunt;
858 861 939 895 liinc
965 862 1059 894 enim
1092 859 1272 892 finitiones

268 923 443 955 virtutum
471 932 510 952 ac
535 918 705 951 vitiorum
733 916 951 958 colliguntur
970 912 1084 945 multo
1103 911 1273 943 certiores

270 974 499 1019 aptioresque
519 971 576 1010 iis,
607 981 694 1014 quas
711 966 963 1011 praescribunt
980 962 1171 996 Rhetores.

375 1031 608 1065 Differentiae
653 1027 889 1073 qualitatum,
933 1024 1080 1069 quando
1117 1020 1275 1066 propriis

271 1084 451 1127 designari
470 1081 677 1115 nominibus
695 1091 768 1111 non
786 1082 954 1121 possunt,
984 1073 1275 1107 commodissime

271 1148 335 1181 per
353 1135 509 1169 subiecta
531 1139 592 1165 aut
607 1131 721 1164 officia
741 1129 990 1173 signabuntur.

636 1215 915 1261 Qualitates.

325 1307 449 1342 Animi
869 1297 1075 1332 Voluntatis

327 1359 530 1393 Intellectus
972 1348 978 1396 Ι

327 1411 525 1445 Prudentia
538 1435 547 1449 ,
575 1406 730 1441 Scientia
896 1401 1054 1434 Affectus

761 1451 1165 1473 W

748 1482 872 1515 Bonus
1080 1477 1198 1510 Malus

748 1533 871 1565 Virtus
1079 1527 1217 1560 Vitium

749 1584 887 1618 lustitia
1080 1577 1270 1612 Iniustitia.

383 1649 448 1682 His

280 1703 379 1735 vitia.

490 1649 686 1680 adnumera
732 1651 765 1676 et
803 1643 890 1675 alias
928 1641 1095 1678 virtutes,
1139 1638 1281 1681 aliaque

502 1775 769 1822 Qualitates
807 1781 1062 1814 corporum.

334 1840 436 1885 Quae
454 1837 531 1871 visu
550 1834 811 1880 percipiuntur.
854 1830 1015 1867 Colores,
1044 1828 1196 1866 Albedo,
1218 1825 1285 1860 Ni-

829 1883 959 1926 gredo,
988 1880 1154 1914 Rubedo.

336 1942 439 1986 Quae
465 1939 602 1977 auditu,
773 1934 872 1968 Soni.

337 1993 439 2038 Quae
463 1991 607 2030 olfactu,
774 1986 928 2019 Odores.

336 2045 440 2090 Quae
466 2049 582 2087 gustu,
773 2038 940 2082 Sapores.

338 2098 440 2142 Quae
465 2101 578 2135 tactu,
628 2089 834 2136 calm-¹⁴²),
862 2089 1004 2132 Frigus,
1032 2086 1186 2125 Siccum,
1214 2084 1289 2117 Hu-

391 2148 550 2185 midum,
578 2151 611 2178 et
632 2156 722 2190 quae
742 2155 783 2176 ex
799 2141 852 2175 his
871 2145 1081 2174 nascuntur.

674 2228 908 2262 Relativa.

392 2291 523 2326 Graeci
546 2290 693 2323 nomina
719 2289 897 2334 quaedam
925 2291 1055 2319 vocant
1079 2285 1122 2317 ad
1142 2283 1292 2329 aliquid,

291 2357 382 2391 quae
399 2343 512 2377 nostri
531 2344 641 2375 ferme
660 2341 808 2373 relativa
829 2339 1023 2384 appellant.
1064 2336 1155 2370 Sunt
1173 2342 1291 2369 autem

290 2396 485 2434 vocabula,
513 2406 603 2439 quae
622 2406 695 2425 non
717 2399 787 2425 tam
813 2404 888 2430 res,
916 2403 1023 2436 quam
1049 2394 1213 2421 mutuum
1241 2388 1293 2419 in-

291 2455 346 2481 ter
374 2459 410 2480 se
440 2446 603 2479 ordinem
634 2457 753 2477 rerum
784 2443 997 2487 significant.
1049 2441 1167 2486 Atque
1192 2441 1294 2478 adeo,

293 2499 424 2545 quibus
458 2498 552 2529 inter
587 2509 622 2530 se
650 2509 705 2530 res
735 2496 887 2528 aliorum
920 2493 1294 2538 praedicamentorum

294 2555 553 2594 comparantur
573 2548 681 2580 variis
700 2547 837 2586 modis,
867 2546 1015 2589 agendi,
1044 2543 1225 2589 patiendi,
1252 2542 1296 2576 si-

294 2601 526 2639 militudinis,
555 2598 866 2637 dissimilittulinis‚
896 2596 1133 2643 aequalitatis,
1163 2601 1226 2629 aut
1245 2595 1297 2627 in-

296 2652 534 2699 aequalitatis.

336 2755 406 2783 142)
427 2751 540 2784 Calor,]
570 2751 611 2775 sic
629 2752 707 2775 recte
723 2750 775 2774 Ed.
789 2749 832 2779 ³.;
859 2748 942 2772 Editt.
962 2749 983 2772 1.
999 2747 1025 2772 2.
1044 2747 1140 2779 Color,

793 115 913 150 PHlL.
943 113 1055 148 MEL.
1085 109 1290 146 SCRIPTA

1309 1719 1313 1822 ἰ

1310 1839 1313 1871 l

1313 2003 1315 2014 ,
1342 1973 1456 2018 repeti
1475 1984 1548 2004 non
1568 1970 1684 2003 debet.

1313 2019 1315 2038 ³
1342 2038 1428 2060 nera
1447 2023 1651 2058 finitionum
1672 2025 1841 2065 quatuor,
1860 2017 1898 2050 in
1915 2016 2043 2062 quibus
2062 2013 2230 2047 omnibus
2242 2022 2346 2056 prae-

1317 107 1449 142 VARI!
1476 104 1784 142 ARGUMENTI.
2245 99 2320 136 720

1652 192 1830 226 Primus
1865 190 1987 223 ordo.

1476 262 1592 305 Agere
2020 254 2103 289 Pati

1475 313 1624 346 Movere
2020 304 2161 339 Moveri

1478 365 1633 408 Gignere
2021 357 2130 401 Gigni

1478 417 1587 449 Pater
2023 409 2136 442 Filius

1480 468 1681 502 Calesacere
2022 459 2186 494 Calefieri

1477 520 1628 553 Asficere
2022 511 2137 546 Affici.

1427 580 1491 614 His
1520 581 1741 617 adnumera,
1777 585 2012 621 quaecunque
2041 572 2218 605 actionem
2248 581 2327 614 pas-

1325 632 1509 666 sionemve
1543 633 1705 675 signant,
1754 627 1883 673 quibus
1917 638 1997 658 cum
2033 622 2328 660 substantiarum,

1326 690 1401 717 tum
1429 683 1643 729 qualitatum
1671 678 1896 724 comparatio
1921 682 2071 710 constat.

1633 766 1865 800 Secundus
1895 763 2020 796 ordo.

1484 836 1692 870 Similitudo
2027 827 2304 863 Dissimilitudo.

1432 898 1550 944 Atque
1584 897 1621 929 in
1654 894 1708 928 bis
1740 892 1886 938 proprie
1913 898 1964 925 est
1994 889 2210 937 qualitatum
2236 898 2332 920 com-

1329 951 1484 997 paratio.

1657 1005 1848 1040 Tertius
1884 1004 2009 1036 ordo.

1485 1075 1695 1122 Aequalitas
2029 1066 2282 1113 Inaequalitas.

1435 1137 1499 1171 His
1518 1142 1776 1180 comparantur
1792 1131 2021 1179 quantitates.

1437 1198 1706 1241 Comparantur
1734 1195 1817 1227 item
1844 1192 2031 1225 continens
2056 1196 2090 1222 et
2114 1192 2336 1225 contentum,

1334 1262 1441 1295 quam
1468 1247 1776 1292 comparationem
1809 1245 1928 1278 locum
1952 1242 2115 1275 dicimus.
2182 1238 2337 1281 Compa-

1333 1307 1462 1334 rantur
1495 1306 1529 1332 et
1557 1300 1655 1343 prius
1680 1311 1719 1331 ac
1742 1296 1941 1342 posterius,
1982 1294 2079 1339 quod
2109 1298 2251 1334 tempus
2275 1301 2337 1321 vo-

1334 1359 1436 1393 cant,
1466 1363 1590 1390 mane,
1619 1362 1757 1394 vesper,
1785 1348 1879 1387 dies,
1908 1345 2051 1385 mensis,
2079 1354 2206 1376 annus.
2260 1340 2338 1373 Huc

1335 1412 1369 1438 et
1393 1403 1666 1447 magistratuum
1696 1400 1844 1433 nomina
1870 1398 2071 1442 pertinent,
2098 1400 2138 1428 ut
2162 1393 2339 1430 Dictator,

1336 1455 1490 1494 Consul,
1519 1455 1691 1492 Senatus,
1721 1451 1867 1484 Civitas.

1438 1505 1477 1538 ln
1504 1504 1569 1538 hos
1595 1510 1750 1549 quatuor
1768 1501 1932 1539 ordines,
1962 1497 2083 1531 omnia
2103 1496 2266 1529 omnium
2285 1506 2340 1527 re-

1335 1571 1414 1591 rum
1446 1557 1619 1590 vocabula
1644 1555 1787 1597 colliges
1799 1552 1866 1598 l¹⁵),
1901 1563 1942 1583 ex
1968 1549 2118 1595 quibus,
2146 1546 2175 1580 si
2198 1546 2284 1592 quid
2301 1546 2340 1578 fi-

1336 1610 1508 1643 niendum
1530 1606 1715 1645 inciderit,
1745 1611 1853 1649 petes.
1888 1601 2048 1636 Proinde
2064 1599 2243 1632 rationem
2262 1609 2340 1630 mo—

1337 1663 1473 1707 dosque
1490 1659 1695 1693 finitionum
1715 1656 1822 1690 latius
1839 1663 2111 1700 persequemur.

1544 1743 1824 1779 Discrimina
1854 1740 2138 1775 finitionum.

1443 1816 1497 1850 De
1515 1814 1678 1849 finitione
1698 1811 1856 1845 nominis
1873 1822 1980 1854 supra
2007 1814 2124 1841 actum
2151 1811 2222 1847 est,
2250 1816 2342 1851 quae

1341 1884 1420 1905 cum
1449 1868 1569 1913 potius
1594 1863 1811 1911 etymologia
1832 1861 2022 1908 quaepiam
2035 1859 2081 1905 ¹⁸)
2107 1856 2342 1903 grammatica

1340 1924 1386 1958 sit
1409 1927 1542 1955 certam
1566 1917 1664 1951 vocis
1690 1913 1987 1960 significationem
2018 1910 2258 1949 constituens,
2285 1905 2344 1940 hic

1739 1967 1831 2000 Sunt
1848 1971 1966 1998 autem
1987 1968 2130 2008 praeter
2147 1959 2257 2000 hanc,
2286 1971 2344 2003 ge-

1343 2078 1510 2113 standum
1533 2080 1602 2113 est,
1630 2078 1669 2105 ut
1690 2070 1805 2103 finitio
1825 2069 1897 2101 vim
1922 2068 2015 2107 eius,
2044 2067 2140 2112 quod
2164 2062 2346 2102 definitur,

1344 2128 1490 2175 proprie
1509 2139 1548 2159 ac
1565 2123 1726 2168 adposite
1746 2122 1916 2166 explicet,
1941 2120 2010 2160 ita,
2038 2124 2078 2151 ut
2094 2129 2139 2150 ne
2157 2116 2243 2162 quid
2262 2113 2347 2147 alie-

1344 2195 1431 2215 num
1452 2181 1495 2212 ab
1515 2190 1570 2216 ρο,
1593 2176 1690 2221 quod
1710 2175 1845 2213 finitur,
1868 2171 2021 2206 describi
2037 2176 2099 2203 aut
2113 2168 2210 2202 finiri
2227 2166 2348 2199 videa-

1345 2241 1423 2271 tur;
1443 2229 1592 2264 amussis
1608 2228 1701 2261 enim
1718 2224 1950 2271 proprietatis
1967 2229 2018 2257 est
2033 2221 2161 2255 finitio.
2187 2218 2348 2253 Proinde

1346 2286 1375 2320 si
1394 2283 1479 2330 quid
1501 2295 1538 2315 ea
1558 2279 1744 2313 admiserit
1763 2277 2023 2323 improprium,
2057 2279 2131 2307 tota
2156 2271 2249 2305 ratio
2273 2269 2349 2302 dia·-

1347 2336 1461 2371 lectici
1483 2332 1621 2367 artificii
1642 2337 1741 2371 ruet,
1769 2337 1826 2371 ut,
1854 2329 1973 2373 inepta
1992 2324 2153 2360 definitio
2171 2329 2238 2357 est:
2274 2320 2349 2354 Ho-

1349 2401 1408 2423 mo
1433 2393 1483 2420 est
1509 2384 1643 2418 animal
1669 2383 1780 2428 bipes.
1834 2381 1926 2416 Nam
1954 2386 1988 2413 et
2013 2378 2127 2423 gallus
2145 2373 2280 2408 animal
2297 2372 2350 2405 bi-

1349 2454 1410 2486 pes
1429 2446 1491 2473 est.

1454 2489 1618 2524 Primum
1644 2485 1791 2521 finiendi
1816 2497 1946 2529 genus,
1974 2480 2134 2515 definitio
2153 2475 2350 2512 essentialis

1352 2544 1542 2590 (utendum
1563 2540 1656 2574 enim
1678 2545 1729 2573 est
1750 2537 1888 2582 vulgari
1909 2532 2114 2578 vocabulo),
2139 2542 2231 2577 quae
2248 2529 2351 2561 abso-

1351 2597 1464 2629 lutam
1489 2595 1539 2627 rei
1559 2599 1723 2625 naturam
1743 2590 1914 2634 explicat,
1941 2588 1979 2620 fit
1996 2598 2037 2619 ex
2053 2594 2182 2630 genere
2200 2579 2351 2614 et-diffe-

1391 2697 1436 2729 15)
1457 2699 1558 2721 Annot.
1579 2701 1685 2725 marg:
1712 2694 1784 2717 Usus
1802 2689 2096 2722 praedicamentorum.

1391 2740 1437 2772 16)
1458 2740 1616 2771 quaepiam]
1636 2739 1677 2762 sic
1695 2737 1744 2762 Ed.
1757 2736 1801 2765 2.;
1830 2733 1914 2758 Editt.
1938 2734 1958 2756 Ι.
1971 2731 1997 2757 3.
2016 2729 2150 2761 quaedam
