2389 3037
95 98 169 136 521

95 186 209 220 linum
235 183 429 228 confregit,
466 184 562 229 quod
589 194 668 215 cum
693 181 862 216 dominus
886 182 1103 221 rescisceret,
1129 219 1131 236 Ι

96 237 199 270 valde
219 237 331 270 iratus
348 237 426 275 suit,
454 242 488 268 et
504 231 779 278 apprehendens
797 246 961 274 servum,
984 234 1101 278 ipsum
1129 252 1131 265 ‹

96 290 135 322 in
154 289 326 333 piscinam
346 287 530 320 muraenis
541 287 573 331 ·)
597 286 723 330 proiici
745 299 792 319 m.
787 287 952 323 ἐιῃά1ν11;
979 297 1103 319 servus
1130 292 1131 315 3

98 347 217 374 autem
244 340 383 383 fugiens
407 339 563 372 occurrit
584 339 746 382 Augusto
774 338 844 370 iam
872 337 1031 370 venienti
1056 338 1102 369 ad

99 392 326 431 convivium,
369 391 574 435 supplicans
606 391 820 435 deprecatur
856 390 1019 434 culpam,
1063 400 1103 421 ac

95 444 199 489 petit,
225 450 262 476 ut
277 441 480 487 Imperator
497 443 621 477 saltem
640 443 769 476 efficiat
787 442 882 486 apud
899 441 1103 481 dominum,
1130 467 1132 510 ἲ

98 503 138 529 ut
155 496 221 529 sibi
251 495 436 539 mitigetur
457 507 585 539 poena.
638 497 818 538 Augustus
841 506 919 525 cum
947 492 1103 526 audivis-

98 554 150 581 set
175 547 361 580 saevitiam
390 559 470 590 erga
498 559 661 585 servum,
696 551 868 590 properat
891 546 936 578 ad
963 545 1103 578 domini

98 600 224 637 aedes,
260 598 420 643 postulat
442 599 508 632 sibi
538 599 734 632 monstrari
762 599 934 635 abacum,
969 597 1007 629 in
1031 609 1103 642 quo

99 651 395 684 custodiebantur
431 650 622 684 cristallina
661 662 765 689 vasa,
816 656 850 682 et
884 649 990 693 fregit
1028 649 1104 693 ipse

99 703 244 742 omnia,
295 716 334 735 ac
366 703 473 736 simul
507 702 707 746 increpavit
736 702 871 741 civem,
919 701 1104 747 inquiens:

97 754 337 800 Nequaquam
356 752 467 787 homo
486 754 752 788 interficiendus
780 760 831 788 cst
859 760 1005 798 propter
1031 759 1104 786 tarn

99 813 205 839 tenue
223 812 422 850 peccatum.

169 916 350 950 Alienis
377 915 612 962 quaesitis
642 915 836 960 propria
867 915 1031 949 amitti.

204 992 263 1028 ΙΙΙ.
305 992 517 1027 Franciscus
555 999 656 1037 pater
689 990 794 1027 huius
827 993 920 1037 regis
953 993 1106 1033 Galliae,

100 1059 180 1079 cum
212 1045 334 1090 inopia
360 1046 532 1090 pecuniae
566 1044 768 1085 laboraret,
812 1051 846 1078 et
873 1045 994 1089 copias
1022 1057 1105 1077 con-

99 1098 255 1132 scribere
279 1109 344 1142 per
369 1109 452 1131 suos
476 1096 683 1142 capitaneos
706 1097 876 1137 iusserat,
913 1097 1104 1130 consilium

99 1149 357 1183 inveniendum
383 1162 456 1183 esse
480 1148 624 1189 statuit,
666 1155 706 1181 ut
730 1149 830 1182 brevi
854 1156 1017 1193 tempore
1042 1149 1106 1181 ali-

279 97 323 134 V.
374 94 637 131 HISTORIAE
665 93 909 141 QUAEDAM
938 93 1219 129 RECITATAE
1249 92 1401 129 INTER
1429 94 1666 130 PUBLICAS
1693 93 1976 131 LECTIONES.

1133 1158 1135 1182 ξ
1160 1151 1233 1183 set,

100 1214 209 1248 quam
227 1213 405 1235 summam
424 1201 597 1245 pecuniae
614 1201 810 1244 colligeret.
866 1201 1012 1234 Postam
1042 1201 1107 1245 igi·
1133 1236 1134 1242 ἵ

99 1260 159 1286 tur
178 1253 275 1287 misit
291 1254 334 1285 ad
354 1252 606 1285 cancellarium
626 1265 750 1293 suum,
784 1253 844 1299 qui
864 1253 899 1286 in
920 1265 1000 1286 arce
1019 1266 1107 1298 qua-
1133 1275 1135 1293 ,

936 1312 975 1338 ut
1003 1311 1106 1349 posta

964 1356 1106 1390 Romae
1133 1353 1135 1382 ἶ

101 1306 182 1337 dam
208 1305 301 1349 regis
326 1311 469 1349 satrapa
497 1310 592 1344 erat,
627 1302 693 1337 bac
719 1304 898 1346 iussione,

100 1357 254 1396 diceret,
296 1369 332 1390 se
358 1356 437 1390 illas
460 1356 600 1396 literas,
635 1369 724 1401 quas
753 1358 930 1397 adferret,

100 1408 294 1453 accepisse,
340 1408 376 1440 in
408 1408 538 1454 quibus
562 1408 734 1453 scriptum
770 1415 865 1449 erat,
908 1410 1009 1455 quasi
1043 1421 1107 1453 per

101 1460 256 1494 amicum
294 1461 474 1506 quendam
514 1460 615 1494 istius
651 1461 875 1499 cancellarii,
919 1467 1105 1494 mortuum

101 1524 175 1546 esse
189 1512 326 1556 Papam
340 1538 348 1551 ‚
378 1519 412 1545 et
427 1524 594 1557 magnam
614 1525 712 1556 spem
731 1520 804 1546 esse
823 1513 922 1545 illum
943 1513 1105 1546 futurum

100 1576 281 1597 summum
307 1563 540 1604 Pontificem,
568 1565 678 1597 modo
705 1564 855 1608 gratiam
881 1565 973 1609 regis
997 1561 1106 1597 habe-

100 1622 166 1650 ret.
236 1615 354 1649 Lectis
381 1615 515 1656 literis,
550 1616 669 1649 statim
696 1616 930 1650 cancellarius
956 1617 1107 1661 cupidus

100 1665 252 1701 honoris
271 1668 315 1700 ad
334 1679 452 1711 regem
472 1667 588 1707 venit,
617 1667 800 1714 inquiens.
831 1667 863 1701 Ο
881 1680 954 1708 rex,
975 1681 1104 1712 magna

102 1726 136 1752 et
161 1720 274 1752 nova!
330 1720 407 1752 Rex
431 1720 604 1753 simulans
631 1732 666 1753 se
695 1717 786 1752 1111111
813 1721 855 1752 de
879 1733 916 1752 ea
942 1733 979 1752 re
1004 1721 1107 1761 scire,

102 1771 301 1816 quaesivit,
336 1771 509 1816 quidnam
541 1777 641 1804 esset.
703 1770 948 1805 Cancellarius
971 1771 1104 1816 inquit:

103 1823 136 1856 O
151 1835 233 1863 rex,
262 1823 290 1856 si
310 1822 479 1856 Maiestas
500 1829 560 1855 tua
580 1820 668 1855 mibi
691 1823 726 1855 iu
755 1835 823 1856 una
850 1836 888 1856 re
913 1823 1106 1867 gratificari

100 1874 228 1915 vellet,
271 1880 508 1920 posteaquam
543 1874 686 1920 quidem
719 1875 887 1908 Pontifex
918 1875 1107 1909 Romanus

101 1933 266 1960 mortuus
284 1932 356 1966 est,
386 1939 526 1970 possem
555 1939 619 1970 ego
646 1927 721 1959 fieri
739 1926 924 1965 Pontifex,
952 1928 1049 1973 quod
1073 1934 1107 1960 et

101 1985 184 2012 tuae
209 1978 330 2023 regiae
349 1977 530 2012 Maiestati
556 1984 589 2012 et
612 1979 678 2012 toti
706 1991 817 2023 regno
836 1979 975 2013 Gallico
1002 1980 1106 2012 valde

100 2030 188 2064 utile
213 2037 313 2065 esset.
380 2030 583 2075 Respondit
607 2044 685 2064 rex:
720 2030 863 2064 Bonum
890 2038 957 2070 est;
993 2044 1106 2078 quan-

101 2089 178 2116 tum
197 2082 233 2115 in
250 2095 308 2115 me
327 2089 397 2123 est,
422 2083 572 2122 saciam;
606 2084 667 2117 sed
687 2096 777 2127 opus
792 2091 842 2118 est
859 2096 987 2128 magna
1011 2097 1106 2118 sum-

101 2147 159 2167 ma
179 2134 372 2179 pecuniae,
401 2132 558 2168 habesne
576 2135 736 2181 aliquid'?
763 2142 797 2169 et
823 2149 887 2179 ego
912 2142 945 2168 te
973 2136 1105 2169 iuvabo

102 2198 180 2219 mea
210 2186 376 2231 pecunia.
439 2185 560 2232 lnquit
586 2187 836 2221 cancellarius:
881 2187 958 2231 Ego
987 2185 1104 2221 habeo

102 2235 219 2271 adhuc
245 2240 333 2272 duas
356 2250 514 2272 summas
541 2239 631 2273 auri.
685 2239 761 2272 Rex
787 2240 853 2273 ait:
889 2240 965 2284 Ego
994 2253 1103 2273 unam

102 2291 254 2330 addam,
283 2296 334 2329 et,
364 2303 471 2335 quam
497 2290 652 2334 primum
675 2298 796 2335 potes,
830 2293 951 2336 profer
976 2294 1019 2325 ad
1049 2306 1104 2325 me

102 2342 305 2387 pecuniam.
361 2341 604 2376 Cancellarius
630 2344 882 2388 obtemperans
906 2344 1000 2389 regi,
1027 2357 1104 2388 spe-

102 2407 187 2428 rans
212 2407 248 2428 se
275 2394 434 2427 futurum
466 2394 698 2435 Pontificem,
739 2409 897 2430 summas
923 2397 1000 2429 auri
1031 2397 1104 2440 regi

104 2445 211 2479 misit.
253 2445 343 2486 Rex,
361 2453 504 2490 accepta
525 2446 689 2491 pecunia,
711 2448 806 2481 misit
823 2448 929 2481 aliam
950 2455 1104 2493 postam,

105 2510 174 2542 qua
206 2498 396 2531 nuntiabat
427 2499 563 2543 Papam
599 2496 714 2531 adlmc
750 2499 881 2534 vivere.
957 2499 1003 2533 Et
1038 2498 1103 2533 liac

104 2550 229 2581 fraude
252 2562 312 2583 rex
344 2565 360 2582 a
387 2564 451 2584 suo
484 2551 698 2583 cancellario
734 2552 922 2595 pecuniam
956 2553 1105 2586 extorsit

104 2601 199 2634 iuxta
219 2601 322 2634 illud:
353 2602 447 2636 Dum
469 2603 578 2637 altera
599 2603 731 2643 ambit,
762 2605 906 2649 propria
926 2605 1070 2638 amittit.

140 2737 170 2761 2)
191 2737 346 2763 muraenis}
367 2738 451 2761 (¹0d,:
481 2738 636 2768 Murrinqnis

2083 94 2160 133 522

1311 181 1580 226 Exemplum
1610 183 2004 217 mansuetudinis.

1259 257 1334 293 IIII.
1370 259 1642 295 Maximilianus
1658 260 1688 306 ³)
1705 259 1832 295 habuit
1858 261 1894 294 in
1919 261 1999 294 aula
2026 273 2087 294 sua
2110 273 2162 294 se-

1156 312 1370 351 cretarium,
1411 311 1474 357 qui
1511 312 1628 356 potuit
1658 313 1814 347 cuiusvis
1845 312 2060 358 elegantiam
2088 325 2163 345 ma-

1156 374 1270 399 nuum
1297 363 1453 401 imitari;
1481 361 1637 396 habebat
1662 365 1756 397 enim
1784 377 1932 399 manum
1962 366 2161 409 elegantem

1157 415 1201 447 ad
1234 415 1484 454 scribendum,
1524 416 1677 460 sumpsit
1702 423 1820 450 autem
1850 418 1956 450 talem
1986 415 2164 457 chartam,

1158 467 1300 512 qualem
1320 466 1496 500 Maximili
1502 480 1591 501 anus
1616 469 1753 501 solebat
1777 466 1928 505 habere
1963 470 1990 501 si
2016 481 2074 514 qu
2068 469 2162 500 ando

1131 535 1132 538 =
1158 519 1350 558 scriberet,
1378 520 1439 554 mie
1457 522 1518 555 bag
1537 520 1664 565 §papiu-
1684 519 1739 563 ist„
1771 525 1812 556 ba
1830 532 1908 556 man
1929 522 1977 556 bie
2003 521 2163 556 atberun:

1158 570 1280 617 Dlsdssn
1297 572 1411 607 {arten
1431 570 1493 615 auf
1507 572 1620 607 malet.
1676 572 1724 604 Μ·
1727 573 1850 605 1111111111
1857 586 1945 606 anus
1966 573 2059 605 enim
2081 585 2163 605 euin

1159 624 1262 657 valde
1287 624 1459 668 diligebat
1484 630 1633 668 propter
1660 625 1873 668 elegantiam
1900 638 2040 658 manus.
2094 623 2164 657 Ve-

1159 676 1210 709 nit
1230 677 1273 708 ad
1291 674 1459 709 Iacobum
1479 675 1683 720 Fuggarum
1697 703 1704 715 ‚
1734 683 1766 709 et
1785 677 1903 709 attulit
1925 676 1955 709 ei
1982 675 2164 720 chirogra-

1159 725 1294 772 phum,
1329 734 1362 761 et
1388 728 1536 760 nomine
1565 726 1798 772 Imperatoris
1826 729 2014 773 pecuniam
2049 729 2093 760 ab
2121 740 2163 760 eo

1159 781 1268 824 petit,
1314 786 1348 813 et
1372 792 1450 813 cum
1475 792 1580 824 saepe
1605 780 1771 819 iteraret,
1814 787 1848 813 et
1870 781 1986 825 ipsum
2012 780 2166 819 falleret,

1159 831 1346 876 Fuggarus
1376 831 1533 865 sentiens
1566 832 1688 865 dolum
1712 830 1972 876 Imperatorem
2007 833 2165 872 accessit,

1159 896 1292 927 rogans
1325 895 1371 916 an
1403 883 1462 916 illa
1497 884 1543 916 ita
1582 896 1617 917 se
1652 882 1847 928 haberent,
1890 884 1996 917 simul
2024 890 2164 917 ostensa

1160 948 1272 969 manu
1306 948 1390 975 sua,
1443 948 1550 980 quam
1589 936 1801 970 secretarius
1837 936 1997 970 imitatus
2031 935 2165 969 suisset.

1159 986 1362 1032 Imperator
1389 985 1478 1020 haec
1506 987 1648 1021 videns:
1685 987 1816 1022 Manus
1841 988 1985 1033 quidem
2012 986 2166 1033 (inquit)

1160 1047 1212 1074 est
1229 1052 1328 1080 mea,
1357 1041 1416 1073 sed
1436 1041 1479 1073 de
1497 1040 1647 1084 pecunia
1673 1038 1762 1073 nihil
1787 1039 1872 1074 scio.
1926 1039 2029 1074 lussit
2057 1039 2166 1083 igitur

1161 1093 1230 1125 cito
1248 1092 1481 1126 secretarium
1498 1093 1542 1124 ad
1560 1105 1595 1125 se
1617 1092 1768 1131 accersi,
1805 1091 1865 1138 qui
1893 1105 1972 1125 cum
1999 1091 2164 1125 advenis-

1264 1144 1362 1177 illum
1391 1144 1621 1178 examinavit.
1677 1143 1737 1177 llle
1761 1144 1891 1178 statim.
1911 1145 2091 1178 consessus
2115 1149 2167 1177 est

1161 1209 1196 1230 se
1213 1197 1354 1236 fecisse,
1385 1209 1424 1229 ac
1442 1196 1478 1228 in
1496 1208 1610 1240 genua
1630 1196 1820 1241 procidens
1836 1196 1979 1229 veniam
1998 1196 2165 1240 depreca-

1161 1255 1217 1282 tus
1235 1255 1297 1281 est.
1352 1247 1554 1293 Imperator
1573 1248 1822 1282 misericordia
1847 1255 1966 1282 motus
1983 1249 2166 1281 condona-

1160 1300 1211 1333 vit
1229 1300 1278 1333 illi
1297 1300 1417 1333 omnia
1432 1328 1441 1341 ‚
1468 1301 1527 1334 sed
1548 1301 1650 1335 iussit
1669 1300 1767 1334 illum
1789 1313 1829 1334 ex
1847 1313 1911 1334 suo
1929 1312 2040 1344 reguo
2057 1300 2167 1333 disce-

1161 1353 1263 1393 dere,
1310 1352 1392 1398 quia
1426 1365 1500 1385 nou
1531 1353 1599 1386 fuit
1620 1351 1732 1386 homo
1759 1352 1933 1393 crudelis,
1974 1352 2036 1386 sed
2066 1364 2167 1384 man-

1161 1410 1292 1438 suetus.

1267 1463 1309 1498 V.
1348 1464 1436 1498 Cum
1456 1465 1584 1498 doctor
1603 1464 1749 1510 quidam
1770 1464 1941 1498 Carolum
1968 1463 2166 1509 Imperato-

1162 1529 1236 1550 rem
1271 1517 1544 1549 decumbentem
1573 1517 1694 1550 multis
1720 1518 1888 1550 inanibus
1913 1517 2016 1561 nugis
2041 1529 2166 1549 conso-

1160 1569 1315 1608 laretur,
1368 1575 1402 1601 et
1435 1570 1478 1601 de
1512 1569 1696 1609 remedio,
1749 1582 1821 1613 quo
1855 1570 2027 1601 utendum
2065 1575 2166 1607 esset,

1161 1621 1311 1654 diceret:
1340 1620 1524 1664 respondit
1545 1620 1712 1655 Carolus:
1743 1620 1869 1658 &ebult
1886 1624 1950 1657 vnb
1971 1619 2165 1666 &dyrelpben

1161 1672 1199 1716 1·st
1215 1672 1308 1715 nutet
1325 1671 1393 1715 bssst
1409 1672 1618 1708 memmium.

1265 1733 1325 1766 Vl.
1363 1733 1451 1766 Cum
1470 1733 1681 1767 Franciscus
1698 1746 1758 1766 rex
1773 1733 1911 1766 Galliae
1931 1733 2073 1767 vidisset
2092 1733 2166 1777 pal-

1160 1785 1246 1818 lium
1273 1784 1527 1828 Imperatoris,
1557 1785 1691 1831 inquit:
1728 1785 1901 1829 scriptum
1933 1792 2009 1817 erat
2037 1786 2167 1819 PLUS

1164 1839 1348 1878 ULTRA,
1376 1837 1565 1881 adscripsit
1585 1838 1658 1881 ipse
1679 1839 1786 1871 Hodie
1803 1838 1906 1878 mihi,
1936 1850 2015 1871 cras
2031 1839 2105 1871 tibi.

1264 1896 1339 1931 Vll.
1381 1896 1420 1930 ln
1449 1910 1562 1942 agone
1587 1898 1714 1931 mortis
1747 1898 1909 1942 coniugis
1933 1897 2166 1942 Imperatoris

1161 1956 1237 1983 erat
1253 1948 1454 1983 Monachus
1471 1950 1616 1995 quidam
1644 1950 1853 1989 ordinatus,
1881 1956 1920 1983 ut
1942 1949 2055 1994 ipsam
2081 1962 2165 1982 con-

1161 2002 1349 2035 solaretur.
1402 2000 1606 2046 Imperator
1624 2014 1709 2035 vero
1735 2002 1883 2035 audiens
1907 2002 2065 2046 ineptam
2090 2001 2165 2034 eius

1161 2054 1466 2095 consolationem,
1508 2055 1608 2088 iussit
1639 2054 1754 2099 ipsum
1786 2054 1884 2087 abire
1913 2060 1946 2086 et
1979 2053 2166 2087 accersivit

1160 2107 1409 2151 paedagogum
1439 2106 1501 2139 filii
1529 2107 1603 2146 sui,
1649 2113 1688 2139 ut
1715 2106 1772 2139 ille
1796 2106 1875 2139 loco
1903 2103 2075 2139 Monaclii
2104 2106 2165 2138 ad-

1160 2166 1262 2193 esset.

1262 2209 1354 2243 VIII.
1398 2210 1550 2243 Carolus
1582 2209 1805 2254 Imperator,
1848 2222 1927 2243 cum
1965 2209 2115 2254 cepisset
2132 2209 2164 2256 ⁴)

1159 2275 1279 2306 regem
1299 2262 1458 2302 Galliae,
1487 2262 1646 2296 discessit
1671 2262 1708 2295 in
1726 2262 2010 2300 Monasterium;
2047 2261 2096 2294 ibi
2120 2263 2163 2293 ad

1160 2327 1239 2348 eum
1259 2321 1435 2348 venerunt
1453 2314 1657 2358 Principes,
1688 2314 1748 2360 qui
1767 2321 1869 2347 antea
1888 2315 1932 2347 ab
1951 2314 2011 2346 illo
2030 2314 2164 2347 desece—

1159 2374 1251 2400 rant.
1306 2365 1507 2411 Imperator
1524 2379 1609 2399 vero
1626 2366 1743 2399 noluit
1761 2366 1839 2400 illos
1857 2366 2046 2399 admittere
2059 2393 2067 2406 ‚
2103 2366 2162 2411 sed

1159 2419 1364 2458 mandavit,
1407 2425 1446 2451 ut
1471 2418 1548 2451 Deo
1581 2431 1649 2451 una
1687 2431 1804 2452 secum
1836 2418 1969 2461 gratias
1999 2424 2163 2462 agerent;

1158 2483 1241 2503 nam
1270 2471 1420 2503 victoria
1450 2471 1506 2503 illa
1536 2484 1610 2503 nou
1640 2483 1701 2504 sua
1732 2477 1908 2514 potestate
1936 2477 1997 2503 aut
2020 2470 2163 2508 virtute,

1159 2524 1219 2556 sed
1251 2522 1317 2555 Dei
1355 2522 1488 2556 auxilio
1523 2529 1555 2556 et
1594 2523 1821 2567 providentia
1859 2522 1925 2555 sibi
1963 2521 2163 2565 contigisse.

1159 2574 1250 2609 Nam
1276 2575 1332 2607 ille
1358 2587 1432 2607 non
1456 2575 1669 2608 interfuerat
1696 2587 1848 2619 pugnae.

1193 2696 1224 2721 3)
1244 2694 1464 2721 maximilianus]
1484 2694 1550 2717 sod.
1573 2695 1595 2717 11.
1617 2694 1648 2716 L:
1684 2693 1850 2716 Manlianus:

1194 2742 1223 2761 4)
1245 2735 1376 2768 nevisset]
1398 2737 1483 2759 Cod:
1513 2737 1652 2765 voe-picam
