2389 3037
91 95 169 133 505
367 92 426 128 ΙΙΙ.

94 181 284 218 consilium
305 181 349 214 ad
368 179 630 214 defendendam
651 178 807 222 patriam
831 184 865 211 et
882 175 1032 223 Imperii
1051 176 1108 209 di-

93 235 281 281 gnitatem.
319 232 397 267 Etsi
415 238 534 266 autem
553 230 727 264 divinitus
745 230 885 275 potius,
914 242 1023 275 quam
1040 226 1106 262 hu-

92 299 201 322 mana
219 285 411 331 prudentia
431 284 628 329 perfectum
647 289 718 323 est,
742 289 783 316 ut
809 282 1015 316 voluntates
1040 293 1106 313 no-

93 346 190 375 strae
210 342 472 383 congruerent:
502 342 625 369 tamen
649 332 717 369 hac
742 334 779 368 in
803 347 841 368 re
859 334 967 368 etiam
986 339 1104 367 vestra

93 392 209 425 virtus
227 403 267 423 ac
284 388 459 434 sapientia
473 415 482 427 ,
510 386 705 428 Hectores,
734 387 931 420 maximam
950 385 1103 430 gloriam

93 443 197 477 vobis
230 443 327 487 apud
351 447 492 475 exteros
514 440 630 485 Reges
654 439 788 485 pariet;
838 437 1046 472 conciliabit
1071 443 1106 469 et

92 494 385 529 benevolentiam
410 499 620 527 nostrorum
643 491 873 537 principum,
915 489 977 536 qui
1002 488 1105 522 vobis

93 554 218 582 tantae
242 546 295 580 rei
322 545 513 579 arbitrium
540 545 625 579 solis
651 543 931 583 commiserunt,
967 548 1007 575 ut
1030 540 1105 574 Do-

92 599 234 634 minum
262 598 370 644 ipsis,
411 604 451 632 ut
475 598 659 631 custodem
688 595 853 641 publicae
878 594 1025 635 salutis,
1066 600 1106 626 ut

93 651 293 691 Ecclesiae,
344 649 442 684 orbis
477 656 655 683 terrarum
692 653 1005 693 propugnatorem
1044 645 1106 680 eli-

95 703 238 750 geretis.

199 755 307 800 Apud
326 753 392 789 hos
415 766 457 788 eo
484 753 564 798 plus
593 752 848 786 admirationis
872 750 962 786 haec
988 755 1105 784 vestra

95 807 283 853 diligentia
314 806 544 851 gravitasque
573 802 701 846 habet,
745 805 843 851 quod
871 804 939 849 ipsi
970 808 1107 836 norunt

96 861 274 907 quosdam
306 871 382 892 non
412 859 524 891 modo
558 857 667 891 variis
691 856 871 897 artificiis,
906 856 967 890 sed
997 855 1105 888 etiam

94 911 294 959 propositis
318 910 427 945 minis
454 922 494 943 ac
518 910 737 951 terroribus,
776 908 980 952 conscripto
1009 918 1108 940 exer-

96 965 170 999 citu
196 962 267 998 hoc
290 963 410 1008 ipsum
437 968 587 997 conatos
614 974 707 1003 esse,
741 968 781 996 ut
803 967 947 995 nostras
969 965 1108 992 mentes

96 1014 342 1051 distraherent
373 1028 413 1049 ac
450 1014 699 1049 dissociarent.
766 1013 917 1047 Utinam
940 1017 1106 1046 nostrum

97 1069 302 1114 exemplum
329 1074 364 1101 et
386 1066 540 1113 posteris
564 1067 699 1112 prosit,
735 1066 797 1113 qui
822 1065 967 1112 quantis
993 1063 1109 1097 laudi-

97 1122 165 1156 bus
182 1127 340 1155 vestram
362 1119 596 1154 celebrabunt
619 1119 834 1165 sapientiam
861 1124 895 1152 et
919 1115 1108 1150 virtutem!

100 1173 199 1220 quod
219 1172 382 1214 cavistis,
409 1184 454 1205 ne
471 1171 651 1206 discordia
671 1172 765 1205 inter
780 1184 844 1205 vos
870 1177 947 1203 orta
973 1169 1107 1203 bellum

100 1232 289 1260 aeternum
306 1231 340 1258 et
356 1224 498 1258 exitiale
518 1223 658 1269 patriae
684 1223 913 1257 excitaretur.
974 1221 1043 1255 Sed
1071 1227 1111 1254 ut

100 1285 183 1312 ante
200 1277 294 1318 dixi,
320 1276 439 1311 Deum
459 1288 697 1321 agnoscamus
721 1282 886 1310 autorem
909 1286 983 1308 esse
1003 1271 1110 1308 huius

100 1342 314 1371 consenSUS,
357 1340 512 1374 eumque
542 1329 752 1363 ardentibus
783 1328 877 1362 votis
907 1338 1111 1372 precemur,

98 1388 140 1416 ut
164 1382 210 1417 sit
233 1388 440 1427 perpetuus.
515 1380 657 1414 Deinde
681 1387 874 1427 postquam
901 1380 1033 1413 electus
1060 1384 1112 1412 est

100 1434 274 1475 Carolus,
318 1445 393 1467 non
418 1433 645 1474 dubitemus,
687 1433 775 1480 quin
802 1432 870 1466 Dei
897 1431 1048 1466 consilio
1078 1437 1113 1464 et

99 1487 289 1521 voluntate
320 1486 365 1519 ad
394 1483 465 1520 hoc
497 1491 637 1519 tantum
670 1485 853 1529 fastigium
884 1491 1027 1518 evectus
1056 1483 1112 1518 sit.

98 1538 195 1574 Nam
221 1536 319 1572 haud
344 1538 452 1572 dubie
483 1539 557 1572 sato
593 1544 627 1572 et
651 1539 838 1571 voluntate
860 1536 929 1571 Dei
959 1536 1111 1581 imperia

102 1592 248 1626 dantur.

207 1644 367 1687 Agamus
387 1641 497 1686 igitur
514 1641 592 1676 Deo
610 1642 742 1686 gratias
755 1668 764 1681 ,
792 1641 890 1687 quod
910 1639 1113 1685 principem

101 1695 208 1730 nobis
233 1696 393 1740 optimae
422 1701 531 1744 atqpe
560 1693 804 1739 amplissimae
830 1693 904 1738 spei
926 1692 1045 1732 dedit,
1075 1704 1114 1725 ac

102 1754 288 1794 petamus,
314 1753 354 1781 ut
370 1746 527 1792 auspicia
546 1745 694 1792 Imperii
711 1745 783 1780 sint
800 1746 914 1779 fausta
934 1751 969 1778 et
984 1744 1114 1785 felicia,

104 1807 140 1835 et
161 1806 202 1834 ut
220 1799 317 1834 Deus
343 1800 519 1844 gubernet
539 1799 645 1843 Regis
666 1798 787 1832 Caroli
816 1798 977 1831 animum
992 1824 1001 1838 ,
1030 1808 1115 1830 con-

103 1852 204 1894 silia,
238 1852 417 1893 actiones,
450 1853 494 1885 ad
521 1851 673 1896 gloriam
692 1848 827 1885 Christi
848 1850 1115 1890 illustrandam,

104 1906 152 1939 ad
175 1904 355 1939 Ecclesiae
386 1904 688 1950 tranquillitatem
715 1903 1028 1943 constituendam,
1070 1902 1114 1935 ad

103 1957 245 2004 patriae
272 1964 381 2004 atque
404 1955 553 2002 Imperii
585 1969 711 2001 pacem
740 1956 1023 1997 defendendam,
1071 1955 1115 1988 ad

103 2010 310 2055 religionis,
344 2010 486 2054 legum,
519 2009 696 2049 iustitiae,
734 2008 945 2054 disciplinae
974 2019 1116 2041 conser-

104 2063 304 2097 vationem.
372 2062 472 2096 Haec
495 2061 655 2106 ingentia
686 2061 781 2095 bona
808 2061 1007 2105 cogitemus
1032 2071 1116 2093 vere

106 2127 181 2149 esse
199 2114 364 2148 coelestia
381 2114 574 2154 beneficia,
603 2126 696 2160 quae
713 2114 836 2158 generi
862 2112 1024 2147 humano
1052 2123 1117 2156 per

104 2167 222 2201 bonos
256 2166 439 2212 principes
468 2165 566 2200 Deus
602 2166 785 2211 impertit,
836 2178 948 2212 quare
984 2177 1002 2198 a
1037 2164 1116 2197 Deo

106 2219 178 2265 piis
194 2225 228 2252 et
247 2219 398 2253 assiduis
417 2219 584 2263 precibus
602 2219 756 2263 petenda
782 2225 876 2253 sunt.
932 2218 1117 2264 Quemad-

105 2273 257 2305 modum
278 2271 357 2312 ille,
383 2283 461 2305 cum
479 2270 600 2317 inquit
619 2271 662 2304 de
680 2270 778 2312 Deo,
807 2271 869 2317 qui
887 2271 949 2303 dat
964 2270 1116 2304 salutem

104 2323 286 2369 Regibus,
331 2324 504 2357 admonet
536 2323 585 2356 ita
617 2335 690 2357 esse
719 2323 835 2357 felicia
869 2323 1044 2368 imperia,
1089 2322 1118 2355 si

106 2375 205 2411 Deus
221 2377 281 2410 det
299 2376 449 2410 salutem
462 2403 471 2417 ,
501 2375 530 2410 si
549 2376 725 2420 gubernet
741 2383 849 2422 atque
874 2375 1022 2410 adiuvet
1045 2387 1118 2415 eos,

110 2429 173 2474 qui
189 2429 409 2474 respublicas
428 2428 697 2463 administrant.

213 2480 350 2516 Omnes
383 2481 493 2526 igitur
523 2481 688 2513 invocate
711 2479 828 2513 Deum
855 2486 889 2513 et
915 2480 1117 2513 Dominum

108 2538 273 2566 nostrum
293 2532 408 2568 Iesum
428 2531 610 2567 Christum
625 2559 633 2573 ,
663 2538 698 2566 et
719 2530 811 2565 hanc
829 2532 966 2566 Psalmi
994 2545 1117 2566 vocem

109 2584 172 2629 pio
201 2592 346 2629 pectore
376 2585 617 2630 ingeminate‚
662 2597 754 2631 quae
779 2586 1024 2629 precationem
1051 2597 1118 2629 pro

110 2649 194 2681 rege
219 2637 394 2671 continet:
435 2638 557 2671 Mittat
581 2638 645 2671 tibi
670 2636 841 2670 auxilium
868 2638 911 2671 de
934 2644 1058 2672 sancto
1086 2643 1121 2670 et

110 2690 154 2722 de
175 2688 263 2723 Sion
282 2696 424 2724 tueatur
444 2697 490 2724 te.
536 2690 688 2724 Publico
706 2690 812 2723 etiam
831 2690 979 2723 nomine
998 2696 1120 2735 postu-

111 2740 247 2783 lamus,
289 2748 329 2776 ut
352 2741 483 2776 Carolo
513 2742 602 2788 Regi
632 2743 906 2783 Romanorum,
949 2749 984 2776 et
1008 2743 1120 2776 electo

480 91 546 125 DE
575 89 855 125 ELECTIONE
883 88 950 124 ET
981 86 1339 123 CORONATIONE
1368 83 1549 120 CAROLI
1577 82 1620 118 V.
1651 80 1891 116 CAESARIS.

2090 78 2168 116 506

1155 174 1393 219 Imperatori,
1423 186 1463 206 ac
1482 171 1632 205 domino
1652 175 1793 209 vestro,
1821 167 2010 202 obediatis.
2058 166 2169 213 Quod

1158 227 1303 273 quidem
1329 239 1393 259 vos
1413 237 1479 270 pro
1497 225 1585 264 fide,
1620 222 1754 255 virtute
1779 234 1820 254 ac
1845 220 2022 266 sapientia
2050 225 2169 253 vestra

1157 280 1317 312 facturos
1341 290 1435 318 esse,
1476 288 1552 309 non
1579 274 1804 308 dubitamus:
1848 272 2061 318 praesertim
2088 283 2169 305 cum

1159 332 1218 364 ille
1235 336 1334 364 tanta
1352 329 1529 362 modestia
1548 326 1721 361 iudicium
1740 332 1905 359 nostrum
1934 337 1974 358 ac
1998 324 2169 368 suffragia

1161 381 1414 428 expectas-erit.
1469 379 1515 413 Et
1531 379 1839 425 quemadmodum
1858 390 1924 411 nos
1940 377 1977 410 in
1995 376 2170 410 electione

1132 434 1134 437 ’
1160 434 1427 480 praestitimus,
1464 444 1509 465 ne
1536 444 1605 477 qua
1635 431 1728 464 inter
1753 442 1820 464 nos
1847 429 2027 464 discordia
2053 428 2171 461 orire-

1160 494 1236 521 tur:
1267 487 1315 520 ita
1335 498 1399 519 vos
1418 490 1569 529 propter
1595 483 1776 528 publicam
1794 481 1943 527 Imperii
1966 480 2172 526 tranquilli-

1161 546 1270 573 tatem
1290 536 1487 571 imitamini
1507 541 1673 570 nostrum
1694 534 1898 579 exemplum
1926 540 1961 567 et
1985 532 2172 566 communi

1161 591 1285 626 animo
1303 591 1414 624 electo
1432 588 1650 633 Imperatori
1669 588 1937 632 obtemperate,
1965 598 2071 631 quem
2095 585 2173 618 iure

1162 658 1202 678 ac
1240 644 1378 688 legibus
1413 641 1509 675 scitis
1544 640 1616 673 iam
1655 652 1728 674 esse
1764 645 1929 673 nostrum
1969 637 2173 671 dominum.

1161 697 1254 732 Nam
1289 694 1415 729 electio
1446 695 1524 728 iure
1549 705 1589 725 ac
1615 692 1753 736 legibus
1778 692 1869 724 sacta
1898 696 1960 724 est.
2030 689 2174 724 Nullius

1162 749 1249 783 novi
1268 746 1421 792 exempli
1441 752 1586 780 autores
1607 756 1731 778 sumus
1752 750 1877 776 contra
1896 743 2002 786 leges.

1267 800 1332 835 Est
1349 805 1468 832 autem
1491 797 1647 831 officium
1673 795 1935 835 necessarium,
1963 801 1997 827 et
2013 805 2176 839 praeser-

1163 854 1226 887 tim
1249 851 1472 898 sapientibus
1491 862 1531 883 ac
1555 849 1697 894 magnis
1722 847 1808 882 viris
1834 847 2005 891 dignum,
2042 845 2111 879 iuri
2136 857 2175 878 ac

1162 906 1301 949 legibus
1338 904 1611 948 obtemperare,
1661 912 1790 946 parere
1826 898 2006 939 dominis,
2050 909 2176 930 cavere

1164 958 1264 992 omni
1281 956 1421 995 studio,
1449 968 1493 988 ne
1515 953 1742 988 contumacia
1767 951 1988 997 dissipentur
2008 948 2177 994 Imperia.

1162 1013 1214 1046 Ac
1232 1017 1354 1043 tamen
1373 1015 1413 1042 ut
1429 1007 1600 1041 libentius
1618 1004 1702 1039 huic
1722 1004 1872 1038 domino
1892 1002 2050 1048 pareatis
2063 1030 2072 1043 ‚
2101 1013 2179 1034 eae-

1164 1065 1244 1098 dem
1264 1075 1328 1096 vos
1344 1061 1504 1094 rationes
1521 1057 1735 1098 hortentur,
1764 1069 1857 1103 quae
1873 1056 2015 1089 animos
2033 1060 2179 1088 nostros

1164 1117 1201 1149 in
1219 1114 1394 1149 electione
1412 1117 1618 1146 moverunt.
1672 1109 1819 1144 Etenim
1839 1121 1913 1142 non
1941 1108 2057 1142 solum
2084 1103 2177 1139 nihil

1165 1175 1289 1202 contra
1315 1168 1409 1211 leges
1436 1165 1609 1205 fecimus,
1639 1164 1700 1197 sed
1726 1163 1856 1201 etiam,
1892 1166 2069 1206 quantum
2095 1170 2179 1203 pro-

1165 1221 1254 1266 spici
1287 1232 1306 1252 a
1342 1217 1448 1252 nobis
1484 1216 1624 1262 potuit,
1668 1214 1748 1248 Deo
1778 1214 2005 1259 gubernante
2036 1217 2180 1245 nostras

1166 1279 1302 1307 mentes
1328 1271 1365 1303 in
1392 1270 1615 1314 designando
1639 1267 1824 1313 principe,
1858 1263 2045 1299 communi
2071 1261 2180 1298 saluti

1167 1326 1264 1360 orbis
1283 1331 1463 1358 terrarum
1484 1321 1670 1356 consulere
1689 1319 1810 1353 conati
1826 1330 1962 1353 sumus.

1272 1376 1415 1422 Quare,
1444 1381 1484 1409 ut
1504 1373 1684 1409 sancitum
1704 1378 1774 1412 est,
1800 1369 2061 1405 Germanicum
2080 1368 2181 1413 prin-

1167 1430 1281 1475 cipem
1296 1457 1304 1469 ‚
1334 1435 1369 1462 et
1387 1428 1535 1474 quidem
1562 1427 1601 1459 in
1624 1424 1762 1459 familia
1782 1421 2022 1469 Imperatoria
2052 1426 2180 1454 natum

1167 1482 1361 1526 elegimus,
1390 1493 1498 1527 quem
1516 1479 1638 1512 indole
1657 1479 1702 1511 ad
1720 1476 1891 1510 virtutem
1914 1473 2055 1519 egregia
2076 1484 2181 1517 prae-

1168 1535 1283 1568 ditum
1309 1546 1383 1567 esse
1408 1531 1658 1577 cognovimus.
1720 1528 1896 1562 Eminent
1920 1533 2040 1560 autem
2069 1525 2107 1557 in
2138 1537 2180 1558 eo

1168 1588 1260 1621 duae
1285 1586 1456 1626 virtutes,
1493 1596 1586 1630 quae
1611 1583 1649 1616 in
1677 1593 1820 1616 summo
1840 1579 2004 1626 principe
2024 1577 2182 1611 maxime

1168 1638 1415 1678 necessariae,
1458 1637 1620 1670 salubres
1653 1641 1687 1668 et
1714 1640 1837 1679 gratae
1870 1638 1974 1672 sunt,
2016 1629 2184 1663 videlicet

1169 1704 1273 1725 amor
1292 1689 1477 1735 religionis
1495 1695 1528 1722 et
1544 1687 1689 1721 bonitas
1706 1685 1848 1720 eximia.
1885 1685 2050 1730 Quarum
2069 1682 2181 1715 altera

1170 1757 1251 1777 eum
1273 1744 1318 1776 ad
1336 1742 1525 1787 fugiendas
1540 1740 1730 1779 libidines,
1767 1739 1810 1771 ad
1836 1737 2003 1770 vitandas
2030 1742 2183 1768 temera-

1169 1796 1241 1830 rias
1258 1795 1479 1828 mutationes
1499 1793 1535 1826 in
1547 1792 1705 1826 Ecclesia
1725 1789 1983 1835 etRepublica‚
2010 1789 2055 1821 ad
2073 1787 2181 1820 fidem

1170 1848 1406 1887 servandam,
1434 1845 1749 1890 constantiamque
1765 1843 1802 1875 in
1822 1840 2030 1888 promissis,
2059 1841 2103 1872 ad
2123 1840 2182 1872 de-

1170 1901 1369 1935 fensionem
1387 1898 1590 1942 Religionis
1616 1903 1650 1930 et
1667 1895 1815 1941 Imperii
1840 1894 2026 1928 exuscitat.
2072 1891 2183 1925 Utra—

1171 1966 1240 2000 que
1268 1965 1354 1986 vero
1382 1949 1551 1997 probibet
1575 1949 1785 1989 saevitiam,
1822 1946 2094 1984 crudelitatem,
2128 1943 2182 1976 in-

1170 2007 1301 2040 iustam
1322 2004 1556 2050 cupiditatem
1577 2002 1770 2035 vindictae.
1827 1999 1903 2033 Etsi
1923 1998 2018 2032 enim
2047 1996 2183 2030 iudica-

1171 2059 1289 2092 vimus
1317 2071 1408 2102 opus
1436 2070 1508 2090 esse
1532 2061 1679 2101 potente
1704 2052 1888 2099 principe,
1918 2051 1979 2097 qui
2008 2048 2184 2083 autorita—

1171 2118 1242 2145 tem
1283 2110 1389 2143 etiam
1434 2109 1570 2142 viribus
1606 2107 1699 2141 tueri
1738 2111 1876 2151 posset:
1927 2110 2049 2136 tamen
2082 2100 2184 2146 prius

1172 2163 1357 2208 ingenium
1397 2168 1429 2196 et
1466 2173 1584 2194 mores
1622 2158 1944 2193 consideravimus.
2011 2153 2182 2188 Potentia

1173 2217 1268 2250 enim
1286 2228 1361 2248 non
1379 2214 1568 2253 salutaris,
1597 2213 1657 2246 sed
1683 2210 1885 2257 perniciosa
1911 2214 2001 2242 esset
2026 2207 2126 2247 orbi,
2155 2204 2183 2239 si

1172 2268 1358 2313 ingenium
1386 2268 1462 2300 leve
1488 2272 1550 2299 aut
1576 2265 1712 2298 malum
1741 2269 1842 2298 esset.
1903 2260 1966 2295 Est
1993 2266 2113 2293 autem
2141 2269 2182 2290 ea

1173 2322 1244 2355 iam
1262 2327 1381 2360 aetas,
1408 2331 1524 2364 paene
1547 2330 1640 2364 quae
1665 2317 1733 2351 fuit
1751 2313 1951 2349 Alexandri
1976 2311 2102 2357 Magni
2127 2322 2183 2343 ca-

1172 2374 1348 2419 pessentis
1370 2371 1591 2416 Imperium,
1629 2370 1666 2403 in
1692 2381 1762 2415 qua
1789 2368 1883 2401 vires
1907 2365 2071 2410 corporis
2100 2375 2185 2408 pro-

1173 2426 1369 2472 pemodum
1399 2429 1674 2463 maturuerunt,
1708 2428 1742 2455 et
1767 2419 1905 2465 ingenii
1926 2418 2050 2463 vigor,
2079 2416 2184 2448 indu-

1174 2479 1281 2520 stria,
1311 2477 1504 2522 sagacitas,
1535 2482 1568 2509 et
1586 2487 1705 2509 mores
1726 2486 1762 2508 se
1788 2472 2001 2518 proferunt,
2030 2475 2070 2503 ut
2092 2466 2184 2501 iudi-

1175 2531 1268 2572 cari,
1296 2529 1413 2576 qualis
1430 2529 1475 2563 sit
1491 2534 1644 2569 natura,
1675 2526 1799 2572 possit.
1861 2523 1986 2569 ltaque
2014 2534 2093 2555 cum
2119 2518 2184 2553 sci-

1173 2596 1316 2623 remus,
1343 2582 1478 2626 Regem
1498 2580 1669 2614 Carolum
1687 2592 1751 2613 suo
1773 2577 1907 2612 iudicio
1934 2575 2045 2609 multa
2072 2570 2183 2605 bone-

1174 2643 1225 2670 ste
1245 2642 1278 2669 et
1298 2635 1456 2680 graviter
1475 2634 1715 2679 respondere,
1745 2638 1779 2665 et
1797 2642 1872 2664 non
1892 2629 2007 2663 solum
2029 2636 2101 2658 nou
2121 2621 2183 2656 he-

1174 2690 1291 2722 betem
1305 2715 1315 2729 ,
1342 2688 1400 2721 sed
1422 2686 1530 2720 etiam
1550 2685 1724 2730 singulari
1743 2682 1919 2716 industria
1940 2685 1974 2713 et
1997 2675 2182 2721 diligentia

1175 2742 1212 2774 in
1233 2740 1408 2774 obeundis
1428 2740 1603 2784 negotiis,
1633 2743 1695 2771 aut
1721 2732 1957 2782 providendis
2006 2736 2068 2764 aut
2093 2727 2184 2762 iudi-
