<?xml version="1.0" encoding="UTF-8"?>
<!DOCTYPE html PUBLIC "-//W3C//DTD XHTML 1.0 Transitional//EN"
    "http://www.w3.org/TR/xhtml1/DTD/xhtml1-transitional.dtd">
<html xmlns="http://www.w3.org/1999/xhtml" xml:lang="en" lang="en">
 <head>
  <title>
</title>
<meta http-equiv="Content-Type" content="text/html;charset=utf-8" />
  <meta name='ocr-system' content='tesseract 3.04.00' />
  <meta name='ocr-capabilities' content='ocr_page ocr_carea ocr_par ocr_line ocrx_word'/>
</head>
<body>
  <div class='ocr_page' id='page_1' title='image "./operaquaesupersu20melauoft/operaquaesupersu20melauoft_0153.png"; bbox 0 0 2389 3037; ppageno 0'>
   <div class='ocr_carea' id='block_1_1' title="bbox 73 107 869 152">
    <p class='ocr_par' dir='ltr' id='par_1_1' title="bbox 73 107 869 152">
     <span class='ocr_line' id='line_1_1' title="bbox 73 107 869 152; baseline -0.008 -2"><span class='ocrx_word' id='word_1_1' title='bbox 73 114 146 152; x_wconf 78' lang='lat'>281</span> <span class='ocrx_word' id='word_1_2' title='bbox 745 107 869 144; x_wconf 90' lang='lat' dir='ltr'>XCVI.</span> 
     </span>
    </p>
   </div>
   <div class='ocr_carea' id='block_1_2' title="bbox 176 193 678 244">
    <p class='ocr_par' dir='ltr' id='par_1_2' title="bbox 176 193 678 244">
     <span class='ocr_line' id='line_1_2' title="bbox 176 193 678 244; baseline -0.006 -13"><span class='ocrx_word' id='word_1_3' title='bbox 176 197 392 242; x_wconf 85' lang='lat' dir='ltr'>Propertius</span> <span class='ocrx_word' id='word_1_4' title='bbox 419 195 482 244; x_wconf 75' lang='lat' dir='ltr'>[lL</span> <span class='ocrx_word' id='word_1_5' title='bbox 496 194 559 235; x_wconf 74' lang='lat'>25,</span> <span class='ocrx_word' id='word_1_6' title='bbox 578 193 678 243; x_wconf 81' lang='lat'><strong>45‚]:</strong></span> 
     </span>
    </p>
   </div>
   <div class='ocr_carea' id='block_1_3' title="bbox 75 249 499 297">
    <p class='ocr_par' dir='ltr' id='par_1_3' title="bbox 75 249 499 297">
     <span class='ocr_line' id='line_1_3' title="bbox 75 249 499 297; baseline -0.007 -12"><span class='ocrx_word' id='word_1_7' title='bbox 75 251 104 286; x_wconf 90' lang='lat' dir='ltr'>si</span> <span class='ocrx_word' id='word_1_8' title='bbox 115 249 161 297; x_wconf 75' lang='lat'>¹⁴)</span> <span class='ocrx_word' id='word_1_9' title='bbox 178 249 334 284; x_wconf 80' lang='lat' dir='ltr'>sandicis</span> <span class='ocrx_word' id='word_1_10' title='bbox 353 249 499 282; x_wconf 88' lang='lat' dir='ltr'>amictu.</span> 
     </span>
    </p>
   </div>
   <div class='ocr_carea' id='block_1_4' title="bbox 229 307 478 352">
    <p class='ocr_par' dir='ltr' id='par_1_4' title="bbox 229 307 478 352">
     <span class='ocr_line' id='line_1_4' title="bbox 229 307 478 352; baseline -0.008 -10"><span class='ocrx_word' id='word_1_11' title='bbox 229 309 298 342; x_wconf 86' lang='lat' dir='ltr'>Hic</span> <span class='ocrx_word' id='word_1_12' title='bbox 351 307 478 352; x_wconf 81' lang='lat' dir='ltr'>spadix</span> 
     </span>
    </p>
   </div>
   <div class='ocr_carea' id='block_1_5' title="bbox 716 194 1082 242">
    <p class='ocr_par' dir='ltr' id='par_1_5' title="bbox 716 194 1082 242">
     <span class='ocr_line' id='line_1_5' title="bbox 716 194 1082 242; baseline -0.003 -13"><span class='ocrx_word' id='word_1_13' title='bbox 716 194 776 229; x_wconf 88' lang='lat' dir='ltr'>Illa</span> <span class='ocrx_word' id='word_1_14' title='bbox 783 209 851 242; x_wconf 90' lang='lat' dir='ltr'>que</span> <span class='ocrx_word' id='word_1_15' title='bbox 868 196 1008 240; x_wconf 90' lang='lat' dir='ltr'>plebeio</span> <span class='ocrx_word' id='word_1_16' title='bbox 1027 196 1082 229; x_wconf 84' lang='lat' dir='ltr'>vel</span> 
     </span>
    </p>
   </div>
   <div class='ocr_carea' id='block_1_6' title="bbox 1105 212 1115 357">
    <p class='ocr_par' dir='ltr' id='par_1_6' title="bbox 1105 212 1115 357">
     <span class='ocr_line' id='line_1_6' title="bbox 1105 212 1115 357; baseline 0 2680"><span class='ocrx_word' id='word_1_17' title='bbox 1105 212 1115 357; x_wconf 95' lang='lat' dir='ltr'> </span> 
     </span>
    </p>
   </div>
   <div class='ocr_carea' id='block_1_7' title="bbox 73 307 1084 462">
    <p class='ocr_par' dir='ltr' id='par_1_7' title="bbox 73 307 1084 462">
     <span class='ocr_line' id='line_1_7' title="bbox 585 307 750 352; baseline 0.006 -11"><span class='ocrx_word' id='word_1_18' title='bbox 585 307 750 352; x_wconf 85' lang='lat' dir='ltr'>spadicis.</span> 
     </span>
     <span class='ocr_line' id='line_1_8' title="bbox 177 367 1084 413; baseline -0.002 -10"><span class='ocrx_word' id='word_1_19' title='bbox 177 369 327 403; x_wconf 69' lang='lat' dir='ltr'>Folium</span> <span class='ocrx_word' id='word_1_20' title='bbox 354 368 497 413; x_wconf 89' lang='lat' dir='ltr'>palmae</span> <span class='ocrx_word' id='word_1_21' title='bbox 526 367 722 412; x_wconf 81' lang='lat' dir='ltr'>significat,</span> <span class='ocrx_word' id='word_1_22' title='bbox 760 375 793 401; x_wconf 89' lang='lat' dir='ltr'>et</span> <span class='ocrx_word' id='word_1_23' title='bbox 824 368 982 401; x_wconf 92' lang='lat' dir='ltr'>colorem</span> <span class='ocrx_word' id='word_1_24' title='bbox 1008 367 1084 401; x_wconf 89' lang='lat' dir='ltr'>eius</span> 
     </span>
     <span class='ocr_line' id='line_1_9' title="bbox 73 420 528 462; baseline -0.007 -6"><span class='ocrx_word' id='word_1_25' title='bbox 73 421 171 462; x_wconf 83' lang='lat' dir='ltr'>folii,</span> <span class='ocrx_word' id='word_1_26' title='bbox 199 420 528 455; x_wconf 87' lang='lat' dir='ltr'>kastaneenbraun.</span> 
     </span>
    </p>
   </div>
   <div class='ocr_carea' id='block_1_8' title="bbox 177 469 727 519">
    <p class='ocr_par' dir='ltr' id='par_1_8' title="bbox 177 469 727 519">
     <span class='ocr_line' id='line_1_10' title="bbox 177 469 727 519; baseline -0.002 -14"><span class='ocrx_word' id='word_1_27' title='bbox 177 472 352 517; x_wconf 84' lang='lat' dir='ltr'>Virgilius</span> <span class='ocrx_word' id='word_1_28' title='bbox 379 469 532 519; x_wconf 83' lang='lat' dir='ltr'>[Georg.</span> <span class='ocrx_word' id='word_1_29' title='bbox 551 469 611 511; x_wconf 84' lang='lat' dir='ltr'>Ill,</span> <span class='ocrx_word' id='word_1_30' title='bbox 627 469 727 519; x_wconf 75' lang='lat'>82.]:</span> 
     </span>
    </p>
   </div>
   <div class='ocr_carea' id='block_1_9' title="bbox 75 523 679 571">
    <p class='ocr_par' dir='ltr' id='par_1_9' title="bbox 75 523 679 571">
     <span class='ocr_line' id='line_1_11' title="bbox 75 523 679 571; baseline -0.003 -12"><span class='ocrx_word' id='word_1_31' title='bbox 75 525 197 571; x_wconf 89' lang='lat' dir='ltr'>cique,</span> <span class='ocrx_word' id='word_1_32' title='bbox 225 524 325 558; x_wconf 91' lang='lat' dir='ltr'>color</span> <span class='ocrx_word' id='word_1_33' title='bbox 343 523 560 557; x_wconf 90' lang='lat' dir='ltr'>deterrimus</span> <span class='ocrx_word' id='word_1_34' title='bbox 579 523 679 557; x_wconf 87' lang='lat' dir='ltr'>albis.</span> 
     </span>
    </p>
   </div>
   <div class='ocr_carea' id='block_1_10' title="bbox 1109 366 1114 532">
    <p class='ocr_par' dir='ltr' id='par_1_10' title="bbox 1109 366 1114 532">
     <span class='ocr_line' id='line_1_12' title="bbox 1109 366 1114 532; baseline 0 2505"><span class='ocrx_word' id='word_1_35' title='bbox 1109 366 1114 532; x_wconf 95' lang='lat' dir='ltr'> </span> 
     </span>
    </p>
   </div>
   <div class='ocr_carea' id='block_1_11' title="bbox 770 470 1085 515">
    <p class='ocr_par' dir='ltr' id='par_1_11' title="bbox 770 470 1085 515">
     <span class='ocr_line' id='line_1_13' title="bbox 770 470 1085 515; baseline -0.006 -11"><span class='ocrx_word' id='word_1_36' title='bbox 770 471 958 515; x_wconf 74' lang='lat' dir='ltr'>spadices,</span> <span class='ocrx_word' id='word_1_37' title='bbox 986 470 1085 514; x_wconf 86' lang='lat' dir='ltr'>glau-</span> 
     </span>
    </p>
   </div>
   <div class='ocr_carea' id='block_1_12' title="bbox 157 579 1116 800">
    <p class='ocr_par' dir='ltr' id='par_1_12' title="bbox 157 579 1116 800">
     <span class='ocr_line' id='line_1_14' title="bbox 157 579 1116 724; baseline -0.006 -104"><span class='ocrx_word' id='word_1_38' title='bbox 157 583 206 620; x_wconf 83' lang='lat' dir='ltr'>Et</span> <span class='ocrx_word' id='word_1_39' title='bbox 231 584 367 618; x_wconf 85' lang='lat' dir='ltr'>Pernix</span> <span class='ocrx_word' id='word_1_40' title='bbox 585 582 739 628; x_wconf 87' lang='lat' dir='ltr'>pernicis</span> <span class='ocrx_word' id='word_1_41' title='bbox 1111 579 1116 724; x_wconf 90' lang='grc'>1</span> 
     </span>
     <span class='ocr_line' id='line_1_15' title="bbox 229 634 731 670; baseline -0.008 0"><span class='ocrx_word' id='word_1_42' title='bbox 229 636 355 670; x_wconf 86' lang='lat' dir='ltr'>Foelix</span> <span class='ocrx_word' id='word_1_43' title='bbox 585 634 731 667; x_wconf 83' lang='lat' dir='ltr'>foelicis.</span> 
     </span>
     <span class='ocr_line' id='line_1_16' title="bbox 355 704 603 738; baseline -0.004 0"><span class='ocrx_word' id='word_1_44' title='bbox 355 704 401 738; x_wconf 90' lang='lat' dir='ltr'>Et</span> <span class='ocrx_word' id='word_1_45' title='bbox 429 704 603 738; x_wconf 75' lang='lat' dir='ltr'>verbalia.</span> 
     </span>
     <span class='ocr_line' id='line_1_17' title="bbox 229 761 747 800; baseline -0.008 -1"><span class='ocrx_word' id='word_1_46' title='bbox 229 764 362 800; x_wconf 86' lang='lat' dir='ltr'>Nutrix</span> <span class='ocrx_word' id='word_1_47' title='bbox 584 761 747 795; x_wconf 89' lang='lat' dir='ltr'>nutricis.</span> 
     </span>
    </p>
   </div>
   <div class='ocr_carea' id='block_1_13' title="bbox 1111 730 1115 899">
    <p class='ocr_par' dir='ltr' id='par_1_13' title="bbox 1111 730 1115 899">
     <span class='ocr_line' id='line_1_18' title="bbox 1111 730 1115 899; baseline 0 2138"><span class='ocrx_word' id='word_1_48' title='bbox 1111 730 1115 899; x_wconf 95' lang='lat' dir='ltr'> </span> 
     </span>
    </p>
   </div>
   <div class='ocr_carea' id='block_1_14' title="bbox 74 820 1085 922">
    <p class='ocr_par' dir='ltr' id='par_1_14' title="bbox 74 820 1085 922">
     <span class='ocr_line' id='line_1_19' title="bbox 179 820 1085 867; baseline -0.004 -8"><span class='ocrx_word' id='word_1_49' title='bbox 179 825 403 860; x_wconf 86' lang='lat' dir='ltr'>Graecorum</span> <span class='ocrx_word' id='word_1_50' title='bbox 436 830 488 858; x_wconf 87' lang='lat' dir='ltr'>est</span> <span class='ocrx_word' id='word_1_51' title='bbox 514 834 646 867; x_wconf 84' lang='lat' dir='ltr'>magna</span> <span class='ocrx_word' id='word_1_52' title='bbox 672 821 849 861; x_wconf 79' lang='lat' dir='ltr'>varietas,</span> <span class='ocrx_word' id='word_1_53' title='bbox 884 822 927 854; x_wconf 88' lang='lat' dir='ltr'>de</span> <span class='ocrx_word' id='word_1_54' title='bbox 955 820 1085 866; x_wconf 87' lang='lat' dir='ltr'>quibus</span> 
     </span>
     <span class='ocr_line' id='line_1_20' title="bbox 74 874 699 922; baseline -0.005 -12"><span class='ocrx_word' id='word_1_55' title='bbox 74 877 238 922; x_wconf 88' lang='lat' dir='ltr'>ipsorum</span> <span class='ocrx_word' id='word_1_56' title='bbox 255 875 523 910; x_wconf 80' lang='lat' dir='ltr'>Grammaticos</span> <span class='ocrx_word' id='word_1_57' title='bbox 542 874 699 908; x_wconf 88' lang='lat' dir='ltr'>consule.</span> 
     </span>
    </p>
   </div>
   <div class='ocr_carea' id='block_1_15' title="bbox 230 933 896 979">
    <p class='ocr_par' dir='ltr' id='par_1_15' title="bbox 230 933 896 979">
     <span class='ocr_line' id='line_1_21' title="bbox 230 933 896 979; baseline -0.011 -8"><span class='ocrx_word' id='word_1_58' title='bbox 230 934 325 976; x_wconf 78' lang='grc' dir='ltr'><strong><em>ὄνυξ</em></strong></span> <span class='ocrx_word' id='word_1_59' title='bbox 481 933 617 979; x_wconf 82' lang='grc' dir='ltr'><em>ὄνυχος</em></span> <span class='ocrx_word' id='word_1_60' title='bbox 775 933 896 966; x_wconf 87' lang='lat' dir='ltr'>breve.</span> 
     </span>
    </p>
   </div>
   <div class='ocr_carea' id='block_1_16' title="bbox 73 988 1115 1092">
    <p class='ocr_par' dir='ltr' id='par_1_16' title="bbox 73 988 1115 1092">
     <span class='ocr_line' id='line_1_22' title="bbox 177 988 1115 1040; baseline -0.004 -11"><span class='ocrx_word' id='word_1_61' title='bbox 177 995 265 1029; x_wconf 86' lang='lat' dir='ltr'>Inde</span> <span class='ocrx_word' id='word_1_62' title='bbox 283 992 545 1040; x_wconf 80' lang='lat' dir='ltr'>sardonychen</span> <span class='ocrx_word' id='word_1_63' title='bbox 563 993 653 1027; x_wconf 80' lang='lat' dir='ltr'>dixit</span> <span class='ocrx_word' id='word_1_64' title='bbox 669 992 812 1027; x_wconf 87' lang='lat' dir='ltr'>Persius</span> <span class='ocrx_word' id='word_1_65' title='bbox 836 990 928 1040; x_wconf 85' lang='lat' dir='ltr'>[Sat.</span> <span class='ocrx_word' id='word_1_66' title='bbox 950 993 966 1025; x_wconf 93' lang='lat'>1</span> <span class='ocrx_word' id='word_1_67' title='bbox 973 988 1115 1039; x_wconf 80' lang='lat'>,.‚?16]</span> 
     </span>
     <span class='ocr_line' id='line_1_23' title="bbox 73 1046 408 1092; baseline -0.006 -10"><span class='ocrx_word' id='word_1_68' title='bbox 73 1046 176 1082; x_wconf 86' lang='lat' dir='ltr'>brevi</span> <span class='ocrx_word' id='word_1_69' title='bbox 194 1047 408 1092; x_wconf 89' lang='lat' dir='ltr'>penultima.</span> 
     </span>
    </p>
   </div>
   <div class='ocr_carea' id='block_1_17' title="bbox 231 1059 1116 1254">
    <p class='ocr_par' dir='ltr' id='par_1_17' title="bbox 231 1059 1116 1254">
     <span class='ocr_line' id='line_1_24' title="bbox 231 1059 1116 1149; baseline -0.005 -9"><span class='ocrx_word' id='word_1_70' title='bbox 231 1105 397 1140; x_wconf 84' lang='lat' dir='ltr'>Phoenix</span> <span class='ocrx_word' id='word_1_71' title='bbox 584 1102 776 1138; x_wconf 88' lang='lat' dir='ltr'>Phoenicis</span> <span class='ocrx_word' id='word_1_72' title='bbox 804 1104 924 1149; x_wconf 85' lang='lat' dir='ltr'>longa.</span> <span class='ocrx_word' id='word_1_73' title='bbox 1112 1059 1116 1148; x_wconf 79' lang='grc'>1</span> 
     </span>
     <span class='ocr_line' id='line_1_25' title="bbox 231 1155 1115 1205; baseline -0.006 -13"><span class='ocrx_word' id='word_1_74' title='bbox 231 1157 344 1205; x_wconf 80' lang='lat' dir='ltr'>Iapyx</span> <span class='ocrx_word' id='word_1_75' title='bbox 585 1155 727 1202; x_wconf 82' lang='lat' dir='ltr'>Iapygis</span> <span class='ocrx_word' id='word_1_76' title='bbox 754 1156 868 1189; x_wconf 84' lang='lat' dir='ltr'>brevi.</span> <span class='ocrx_word' id='word_1_77' title='bbox 1114 1156 1115 1202; x_wconf 60' lang='lat' dir='ltr'>J</span> 
     </span>
     <span class='ocr_line' id='line_1_26' title="bbox 232 1205 1115 1254; baseline -0.008 -8"><span class='ocrx_word' id='word_1_78' title='bbox 232 1208 369 1254; x_wconf 78' lang='grc' dir='ltr'><em>μάστιξ</em></span> <span class='ocrx_word' id='word_1_79' title='bbox 587 1205 770 1254; x_wconf 77' lang='grc' dir='ltr'><em>μάστιγος</em></span> <span class='ocrx_word' id='word_1_80' title='bbox 798 1208 906 1239; x_wconf 75' lang='lat' dir='ltr'>breve</span> <span class='ocrx_word' id='word_1_81' title='bbox 941 1214 991 1240; x_wconf 85' lang='lat' dir='ltr'>est</span> <span class='ocrx_word' id='word_1_82' title='bbox 1021 1207 1087 1240; x_wconf 84' lang='lat' dir='ltr'>fla-</span> <span class='ocrx_word' id='word_1_83' title='bbox 1113 1213 1115 1244; x_wconf 73' lang='grc'>1</span> 
     </span>
    </p>
   </div>
   <div class='ocr_carea' id='block_1_18' title="bbox 75 1257 1115 1674">
    <p class='ocr_par' dir='ltr' id='par_1_18' title="bbox 75 1257 1115 1674">
     <span class='ocr_line' id='line_1_27' title="bbox 766 1257 1114 1304; baseline -0.003 -13"><span class='ocrx_word' id='word_1_84' title='bbox 766 1257 935 1301; x_wconf 86' lang='lat' dir='ltr'>gellum¹</span> <span class='ocrx_word' id='word_1_85' title='bbox 929 1258 965 1304; x_wconf 90' lang='lat'>).</span> <span class='ocrx_word' id='word_1_86' title='bbox 1113 1280 1114 1294; x_wconf 50' lang='grc'>1</span> 
     </span>
     <span class='ocr_line' id='line_1_28' title="bbox 180 1303 1115 1370; baseline -0.002 -18"><span class='ocrx_word' id='word_1_87' title='bbox 180 1319 286 1352; x_wconf 86' lang='lat' dir='ltr'>Unde</span> <span class='ocrx_word' id='word_1_88' title='bbox 304 1318 617 1358; x_wconf 80' lang='lat' dir='ltr'>Homeromastix,</span> <span class='ocrx_word' id='word_1_89' title='bbox 646 1317 682 1351; x_wconf 86' lang='lat' dir='ltr'>id</span> <span class='ocrx_word' id='word_1_90' title='bbox 702 1324 772 1358; x_wconf 81' lang='lat' dir='ltr'>est,</span> <span class='ocrx_word' id='word_1_91' title='bbox 798 1317 994 1351; x_wconf 78' lang='lat' dir='ltr'>insectator</span> <span class='ocrx_word' id='word_1_92' title='bbox 1011 1317 1085 1351; x_wconf 91' lang='lat' dir='ltr'>Ho-</span> <span class='ocrx_word' id='word_1_93' title='bbox 1112 1303 1115 1370; x_wconf 58' lang='grc'>1</span> 
     </span>
     <span class='ocr_line' id='line_1_29' title="bbox 76 1369 1114 1415; baseline 0.001 -12"><span class='ocrx_word' id='word_1_94' title='bbox 76 1369 180 1405; x_wconf 84' lang='lat' dir='ltr'>meri.</span> <span class='ocrx_word' id='word_1_95' title='bbox 234 1371 292 1404; x_wconf 91' lang='lat' dir='ltr'>Sic</span> <span class='ocrx_word' id='word_1_96' title='bbox 316 1370 439 1405; x_wconf 86' lang='lat' dir='ltr'>Zoilus</span> <span class='ocrx_word' id='word_1_97' title='bbox 462 1370 680 1410; x_wconf 64' lang='lat' dir='ltr'>vzocabstur,</span> <span class='ocrx_word' id='word_1_98' title='bbox 715 1382 822 1415; x_wconf 89' lang='lat' dir='ltr'>quem</span> <span class='ocrx_word' id='word_1_99' title='bbox 848 1370 885 1402; x_wconf 90' lang='lat' dir='ltr'>in</span> <span class='ocrx_word' id='word_1_100' title='bbox 905 1369 1086 1415; x_wconf 88' lang='lat' dir='ltr'>Olympiis</span> <span class='ocrx_word' id='word_1_101' title='bbox 1110 1373 1114 1409; x_wconf 91' lang='grc'>1</span> 
     </span>
     <span class='ocr_line' id='line_1_30' title="bbox 75 1416 1114 1468; baseline -0.002 -12"><span class='ocrx_word' id='word_1_102' title='bbox 75 1423 121 1456; x_wconf 89' lang='lat' dir='ltr'>de</span> <span class='ocrx_word' id='word_1_103' title='bbox 137 1428 261 1456; x_wconf 89' lang='lat' dir='ltr'>monte</span> <span class='ocrx_word' id='word_1_104' title='bbox 278 1422 513 1468; x_wconf 86' lang='lat' dir='ltr'>praecipitem</span> <span class='ocrx_word' id='word_1_105' title='bbox 532 1422 740 1455; x_wconf 89' lang='lat' dir='ltr'>deiecerunt</span> <span class='ocrx_word' id='word_1_106' title='bbox 757 1421 900 1461; x_wconf 83' lang='lat' dir='ltr'>Graeci,</span> <span class='ocrx_word' id='word_1_107' title='bbox 918 1428 1086 1466; x_wconf 84' lang='lat' dir='ltr'>propter·</span> <span class='ocrx_word' id='word_1_108' title='bbox 1111 1416 1114 1466; x_wconf 73' lang='grc'>1</span> 
     </span>
     <span class='ocr_line' id='line_1_31' title="bbox 76 1469 1113 1521; baseline -0.001 -13"><span class='ocrx_word' id='word_1_109' title='bbox 76 1486 118 1508; x_wconf 81' lang='lat' dir='ltr'>ea</span> <span class='ocrx_word' id='word_1_110' title='bbox 144 1476 242 1521; x_wconf 92' lang='lat' dir='ltr'>quod</span> <span class='ocrx_word' id='word_1_111' title='bbox 263 1474 425 1508; x_wconf 83' lang='lat' dir='ltr'>Homero</span> <span class='ocrx_word' id='word_1_112' title='bbox 450 1474 697 1508; x_wconf 81' lang='lat' dir='ltr'>maledixerat.</span> <span class='ocrx_word' id='word_1_113' title='bbox 739 1473 904 1519; x_wconf 83' lang='grc' dir='ltr'><em>ιιαστίχη</em></span> <span class='ocrx_word' id='word_1_114' title='bbox 926 1475 990 1519; x_wconf 81' lang='grc' dir='ltr'>τῆς</span> <span class='ocrx_word' id='word_1_115' title='bbox 1011 1486 1087 1518; x_wconf 82' lang='grc' dir='ltr'>μα·</span> <span class='ocrx_word' id='word_1_116' title='bbox 1112 1469 1113 1517; x_wconf 64' lang='grc'>1</span> 
     </span>
     <span class='ocr_line' id='line_1_32' title="bbox 77 1505 1114 1573; baseline -0.004 -12"><span class='ocrx_word' id='word_1_117' title='bbox 77 1523 225 1572; x_wconf 80' lang='grc' dir='ltr'><strong><em>στίχης,</em></strong></span> <span class='ocrx_word' id='word_1_118' title='bbox 252 1527 410 1571; x_wconf 83' lang='lat' dir='ltr'>gummi,</span> <span class='ocrx_word' id='word_1_119' title='bbox 440 1528 538 1573; x_wconf 90' lang='lat' dir='ltr'>quod</span> <span class='ocrx_word' id='word_1_120' title='bbox 558 1526 602 1559; x_wconf 77' lang='lat' dir='ltr'>ab</span> <span class='ocrx_word' id='word_1_121' title='bbox 620 1525 829 1572; x_wconf 70' lang='lat' dir='ltr'>indoctisffl)</span> <span class='ocrx_word' id='word_1_122' title='bbox 852 1526 981 1558; x_wconf 78' lang='lat' dir='ltr'>mastix</span> <span class='ocrx_word' id='word_1_123' title='bbox 999 1505 1086 1558; x_wconf 86' lang='lat' dir='ltr'>dici·</span> <span class='ocrx_word' id='word_1_124' title='bbox 1111 1525 1114 1567; x_wconf 80' lang='grc'>1</span> 
     </span>
     <span class='ocr_line' id='line_1_33' title="bbox 77 1574 1114 1622; baseline -0.002 -11"><span class='ocrx_word' id='word_1_125' title='bbox 77 1584 149 1612; x_wconf 85' lang='lat' dir='ltr'>tur.</span> <span class='ocrx_word' id='word_1_126' title='bbox 204 1579 273 1612; x_wconf 91' lang='lat' dir='ltr'>Sed</span> <span class='ocrx_word' id='word_1_127' title='bbox 289 1579 430 1613; x_wconf 89' lang='lat' dir='ltr'>Plinius</span> <span class='ocrx_word' id='word_1_128' title='bbox 456 1585 491 1612; x_wconf 90' lang='lat' dir='ltr'>et</span> <span class='ocrx_word' id='word_1_129' title='bbox 507 1578 740 1612; x_wconf 88' lang='lat' dir='ltr'>Dioscorides</span> <span class='ocrx_word' id='word_1_130' title='bbox 767 1574 941 1611; x_wconf 85' lang='lat' dir='ltr'>mastiche</span> <span class='ocrx_word' id='word_1_131' title='bbox 968 1577 1085 1610; x_wconf 88' lang='lat' dir='ltr'>nomi-</span> <span class='ocrx_word' id='word_1_132' title='bbox 1112 1574 1114 1622; x_wconf 76' lang='grc'>1</span> 
     </span>
     <span class='ocr_line' id='line_1_34' title="bbox 77 1627 1086 1674; baseline -0.001 -11"><span class='ocrx_word' id='word_1_133' title='bbox 77 1630 202 1664; x_wconf 87' lang='lat' dir='ltr'>nativo</span> <span class='ocrx_word' id='word_1_134' title='bbox 228 1643 312 1665; x_wconf 87' lang='lat' dir='ltr'>casu</span> <span class='ocrx_word' id='word_1_135' title='bbox 338 1631 526 1671; x_wconf 82' lang='lat' dir='ltr'>dixerunt,</span> <span class='ocrx_word' id='word_1_136' title='bbox 560 1637 594 1663; x_wconf 90' lang='lat' dir='ltr'>et</span> <span class='ocrx_word' id='word_1_137' title='bbox 615 1627 724 1663; x_wconf 86' lang='lat' dir='ltr'>habet</span> <span class='ocrx_word' id='word_1_138' title='bbox 746 1629 985 1674; x_wconf 83' lang='lat' dir='ltr'>penultimam</span> <span class='ocrx_word' id='word_1_139' title='bbox 1006 1630 1086 1662; x_wconf 85' lang='lat' dir='ltr'>hre-</span> 
     </span>
    </p>
   </div>
   <div class='ocr_carea' id='block_1_19' title="bbox 78 1679 1116 1738">
    <p class='ocr_par' dir='ltr' id='par_1_19' title="bbox 78 1679 1116 1738">
     <span class='ocr_line' id='line_1_35' title="bbox 78 1679 1116 1738; baseline 0 -23"><span class='ocrx_word' id='word_1_140' title='bbox 78 1694 158 1716; x_wconf 85' lang='lat' dir='ltr'>vem</span> <span class='ocrx_word' id='word_1_141' title='bbox 171 1709 180 1723; x_wconf 89' lang='lat'>‚</span> <span class='ocrx_word' id='word_1_142' title='bbox 208 1695 273 1716; x_wconf 88' lang='lat' dir='ltr'>nec</span> <span class='ocrx_word' id='word_1_143' title='bbox 289 1683 447 1727; x_wconf 84' lang='lat' dir='ltr'>pertinet</span> <span class='ocrx_word' id='word_1_144' title='bbox 464 1684 507 1715; x_wconf 84' lang='lat' dir='ltr'>ad</span> <span class='ocrx_word' id='word_1_145' title='bbox 527 1680 621 1715; x_wconf 88' lang='lat' dir='ltr'>hauc</span> <span class='ocrx_word' id='word_1_146' title='bbox 637 1681 930 1715; x_wconf 88' lang='lat' dir='ltr'>declinationem.</span> <span class='ocrx_word' id='word_1_147' title='bbox 1113 1679 1116 1738; x_wconf 91' lang='grc'>1</span> 
     </span>
    </p>
   </div>
   <div class='ocr_carea' id='block_1_20' title="bbox 543 1744 1115 1791">
    <p class='ocr_par' dir='ltr' id='par_1_20' title="bbox 543 1744 1115 1791">
     <span class='ocr_line' id='line_1_36' title="bbox 543 1744 1115 1791; baseline 0 -11"><span class='ocrx_word' id='word_1_148' title='bbox 543 1746 620 1781; x_wconf 80' lang='lat' dir='ltr'>ox.</span> <span class='ocrx_word' id='word_1_149' title='bbox 1114 1744 1115 1791; x_wconf 69' lang='lat'>;</span> 
     </span>
    </p>
   </div>
   <div class='ocr_carea' id='block_1_21' title="bbox 78 1793 1116 1935">
    <p class='ocr_par' dir='ltr' id='par_1_21' title="bbox 78 1793 1116 1935">
     <span class='ocr_line' id='line_1_37' title="bbox 183 1793 1116 1845; baseline 0 -13"><span class='ocrx_word' id='word_1_150' title='bbox 183 1798 373 1832; x_wconf 80' lang='lat' dir='ltr'>Genitivos</span> <span class='ocrx_word' id='word_1_151' title='bbox 391 1798 528 1832; x_wconf 84' lang='lat' dir='ltr'>faciunt</span> <span class='ocrx_word' id='word_1_152' title='bbox 547 1811 610 1843; x_wconf 88' lang='lat' dir='ltr'>per</span> <span class='ocrx_word' id='word_1_153' title='bbox 632 1799 718 1839; x_wconf 79' lang='lat' dir='ltr'>ocis,</span> <span class='ocrx_word' id='word_1_154' title='bbox 749 1799 946 1843; x_wconf 87' lang='lat' dir='ltr'>penultima</span> <span class='ocrx_word' id='word_1_155' title='bbox 969 1801 1089 1845; x_wconf 83' lang='lat' dir='ltr'>longa,</span> <span class='ocrx_word' id='word_1_156' title='bbox 1114 1793 1116 1806; x_wconf 79' lang='lat'><strong>¹</strong></span> 
     </span>
     <span class='ocr_line' id='line_1_38' title="bbox 78 1856 119 1883; baseline 0 0"><span class='ocrx_word' id='word_1_157' title='bbox 78 1856 119 1883; x_wconf 70' lang='lat' dir='ltr'>ut</span> 
     </span>
     <span class='ocr_line' id='line_1_39' title="bbox 235 1901 352 1935; baseline 0.009 -1"><span class='ocrx_word' id='word_1_158' title='bbox 235 1901 352 1935; x_wconf 87' lang='lat' dir='ltr'>Ferox</span> 
     </span>
    </p>
   </div>
   <div class='ocr_carea' id='block_1_22' title="bbox 235 1904 1117 1987">
    <p class='ocr_par' dir='ltr' id='par_1_22' title="bbox 235 1904 1117 1987">
     <span class='ocr_line' id='line_1_40' title="bbox 589 1904 1117 1936; baseline 0.002 -2"><span class='ocrx_word' id='word_1_159' title='bbox 589 1904 717 1936; x_wconf 77' lang='lat' dir='ltr'>ferocis</span> <span class='ocrx_word' id='word_1_160' title='bbox 1115 1907 1117 1926; x_wconf 62' lang='lat'><em>³</em></span> 
     </span>
     <span class='ocr_line' id='line_1_41' title="bbox 235 1939 1117 1987; baseline -0.001 -1"><span class='ocrx_word' id='word_1_161' title='bbox 235 1951 323 1986; x_wconf 87' lang='lat' dir='ltr'>haec</span> <span class='ocrx_word' id='word_1_162' title='bbox 341 1952 452 1987; x_wconf 85' lang='lat' dir='ltr'>Celox</span> <span class='ocrx_word' id='word_1_163' title='bbox 1116 1939 1117 1959; x_wconf 46' lang='lat'>¹</span> 
     </span>
    </p>
   </div>
   <div class='ocr_carea' id='block_1_23' title="bbox 182 1954 1117 2058">
    <p class='ocr_par' dir='ltr' id='par_1_23' title="bbox 182 1954 1117 2058">
     <span class='ocr_line' id='line_1_42' title="bbox 591 1954 1117 2001; baseline 0.004 -14"><span class='ocrx_word' id='word_1_164' title='bbox 591 1955 730 1993; x_wconf 79' lang='lat' dir='ltr'>celocis,</span> <span class='ocrx_word' id='word_1_165' title='bbox 754 1954 951 1999; x_wconf 86' lang='lat' dir='ltr'>penultima</span> <span class='ocrx_word' id='word_1_166' title='bbox 968 1955 1088 2000; x_wconf 82' lang='lat' dir='ltr'>longa.</span> <span class='ocrx_word' id='word_1_167' title='bbox 1115 1981 1117 2001; x_wconf 50' lang='grc'>1</span> 
     </span>
     <span class='ocr_line' id='line_1_43' title="bbox 182 2012 1117 2058; baseline 0.004 -13"><span class='ocrx_word' id='word_1_168' title='bbox 182 2012 317 2046; x_wconf 86' lang='lat' dir='ltr'>Varro:</span> <span class='ocrx_word' id='word_1_169' title='bbox 352 2012 492 2046; x_wconf 90' lang='lat' dir='ltr'>Nautae</span> <span class='ocrx_word' id='word_1_170' title='bbox 511 2013 733 2058; x_wconf 84' lang='lat' dir='ltr'>remivagam</span> <span class='ocrx_word' id='word_1_171' title='bbox 753 2021 902 2048; x_wconf 85' lang='lat' dir='ltr'>movent</span> <span class='ocrx_word' id='word_1_172' title='bbox 920 2015 1088 2049; x_wconf 86' lang='lat' dir='ltr'>celocem.</span> <span class='ocrx_word' id='word_1_173' title='bbox 1114 2028 1117 2052; x_wconf 68' lang='lat' dir='ltr'>j</span> 
     </span>
    </p>
   </div>
   <div class='ocr_carea' id='block_1_24' title="bbox 78 2118 1117 2496">
    <p class='ocr_par' dir='ltr' id='par_1_24' title="bbox 78 2118 1117 2496">
     <span class='ocr_line' id='line_1_44' title="bbox 1115 2118 1117 2137; baseline 0 0"><span class='ocrx_word' id='word_1_174' title='bbox 1115 2118 1117 2137; x_wconf 65' lang='grc'>1</span> 
     </span>
     <span class='ocr_line' id='line_1_45' title="bbox 182 2142 1117 2203; baseline 0 -19"><span class='ocrx_word' id='word_1_175' title='bbox 182 2150 343 2184; x_wconf 71' lang='lat' dir='ltr'>Praecox</span> <span class='ocrx_word' id='word_1_176' title='bbox 375 2151 580 2194; x_wconf 82' lang='lat' dir='ltr'>praecocis,</span> <span class='ocrx_word' id='word_1_177' title='bbox 621 2151 819 2196; x_wconf 86' lang='lat' dir='ltr'>penultima</span> <span class='ocrx_word' id='word_1_178' title='bbox 852 2151 965 2185; x_wconf 84' lang='lat' dir='ltr'>brevi.</span> <span class='ocrx_word' id='word_1_179' title='bbox 1026 2142 1117 2203; x_wconf 46' lang='lat' dir='ltr'>Est}</span> 
     </span>
     <span class='ocr_line' id='line_1_46' title="bbox 81 2203 1117 2276; baseline -0.001 -40"><span class='ocrx_word' id='word_1_180' title='bbox 81 2203 176 2236; x_wconf 88' lang='lat' dir='ltr'>enim</span> <span class='ocrx_word' id='word_1_181' title='bbox 204 2214 222 2235; x_wconf 87' lang='lat' dir='ltr'>a</span> <span class='ocrx_word' id='word_1_182' title='bbox 246 2213 465 2247; x_wconf 89' lang='lat' dir='ltr'>praecoquo.</span> <span class='ocrx_word' id='word_1_183' title='bbox 1114 2210 1117 2276; x_wconf 90' lang='grc'>1</span> 
     </span>
     <span class='ocr_line' id='line_1_47' title="bbox 183 2253 1117 2299; baseline -0.001 -11"><span class='ocrx_word' id='word_1_184' title='bbox 183 2253 382 2298; x_wconf 87' lang='lat' dir='ltr'>Cappadox</span> <span class='ocrx_word' id='word_1_185' title='bbox 426 2253 670 2298; x_wconf 89' lang='lat' dir='ltr'>Cappadocis</span> <span class='ocrx_word' id='word_1_186' title='bbox 734 2254 932 2299; x_wconf 82' lang='lat' dir='ltr'>penultima</span> <span class='ocrx_word' id='word_1_187' title='bbox 975 2255 1088 2289; x_wconf 86' lang='lat' dir='ltr'>brevi.</span> <span class='ocrx_word' id='word_1_188' title='bbox 1114 2277 1117 2293; x_wconf 77' lang='grc'>,</span> 
     </span>
     <span class='ocr_line' id='line_1_48' title="bbox 78 2297 1117 2354; baseline 0 -13"><span class='ocrx_word' id='word_1_189' title='bbox 78 2306 224 2341; x_wconf 89' lang='lat' dir='ltr'>Persius</span> <span class='ocrx_word' id='word_1_190' title='bbox 249 2303 341 2354; x_wconf 91' lang='lat' dir='ltr'>[Sat.</span> <span class='ocrx_word' id='word_1_191' title='bbox 361 2304 397 2346; x_wconf 86' lang='lat'>6,</span> <span class='ocrx_word' id='word_1_192' title='bbox 417 2303 611 2351; x_wconf 82' lang='lat'>75—77.]</span> <span class='ocrx_word' id='word_1_193' title='bbox 640 2307 675 2339; x_wconf 89' lang='lat' dir='ltr'>in</span> <span class='ocrx_word' id='word_1_194' title='bbox 695 2313 934 2340; x_wconf 84' lang='lat' dir='ltr'>mercatorem</span> <span class='ocrx_word' id='word_1_195' title='bbox 954 2307 1088 2341; x_wconf 85' lang='lat' dir='ltr'>multos</span> <span class='ocrx_word' id='word_1_196' title='bbox 1114 2297 1117 2336; x_wconf 75' lang='grc'>1</span> 
     </span>
     <span class='ocr_line' id='line_1_49' title="bbox 79 2358 459 2393; baseline -0.008 0"><span class='ocrx_word' id='word_1_197' title='bbox 79 2371 203 2393; x_wconf 89' lang='lat' dir='ltr'>servos</span> <span class='ocrx_word' id='word_1_198' title='bbox 225 2358 459 2391; x_wconf 86' lang='lat' dir='ltr'>vendentem:</span> 
     </span>
     <span class='ocr_line' id='line_1_50' title="bbox 181 2409 1116 2461; baseline 0.002 -20"><span class='ocrx_word' id='word_1_199' title='bbox 181 2409 307 2444; x_wconf 85' lang='lat' dir='ltr'>Vende</span> <span class='ocrx_word' id='word_1_200' title='bbox 334 2409 493 2442; x_wconf 85' lang='lat' dir='ltr'>animam</span> <span class='ocrx_word' id='word_1_201' title='bbox 521 2410 641 2449; x_wconf 80' lang='lat' dir='ltr'>lucro,</span> <span class='ocrx_word' id='word_1_202' title='bbox 678 2423 858 2450; x_wconf 81' lang='lat' dir='ltr'>mercare,</span> <span class='ocrx_word' id='word_1_203' title='bbox 896 2416 1004 2456; x_wconf 85' lang='lat' dir='ltr'>atque</span> <span class='ocrx_word' id='word_1_204' title='bbox 1030 2423 1086 2443; x_wconf 82' lang='lat' dir='ltr'>ex·</span> <span class='ocrx_word' id='word_1_205' title='bbox 1114 2438 1116 2461; x_wconf 67' lang='lat'>¹.</span> 
     </span>
     <span class='ocr_line' id='line_1_51' title="bbox 288 2462 500 2496; baseline 0.005 -1"><span class='ocrx_word' id='word_1_206' title='bbox 288 2468 366 2495; x_wconf 82' lang='lat' dir='ltr'>cute</span> <span class='ocrx_word' id='word_1_207' title='bbox 389 2462 500 2496; x_wconf 89' lang='lat' dir='ltr'>solers</span> 
     </span>
    </p>
   </div>
   <div class='ocr_carea' id='block_1_25' title="bbox 506 2089 657 2135">
    <p class='ocr_par' dir='ltr' id='par_1_25' title="bbox 506 2089 657 2135">
     <span class='ocr_line' id='line_1_52' title="bbox 506 2089 657 2135; baseline 0 -12"><span class='ocrx_word' id='word_1_208' title='bbox 506 2089 638 2135; x_wconf 83' lang='lat' dir='ltr'>Excipe</span> <span class='ocrx_word' id='word_1_209' title='bbox 652 2104 657 2123; x_wconf 78' lang='lat' dir='ltr'><strong><em>z</em></strong></span> 
     </span>
    </p>
   </div>
   <div class='ocr_carea' id='block_1_26' title="bbox 1114 2344 1117 2431">
    <p class='ocr_par' dir='ltr' id='par_1_26' title="bbox 1114 2344 1117 2431">
     <span class='ocr_line' id='line_1_53' title="bbox 1114 2344 1117 2431; baseline 0 606"><span class='ocrx_word' id='word_1_210' title='bbox 1114 2344 1117 2431; x_wconf 95' lang='lat' dir='ltr'> </span> 
     </span>
    </p>
   </div>
   <div class='ocr_carea' id='block_1_27' title="bbox 84 2540 246 2545">
    <p class='ocr_par' dir='ltr' id='par_1_27' title="bbox 84 2540 246 2545">
     <span class='ocr_line' id='line_1_54' title="bbox 84 2540 246 2545; baseline 0 0"><span class='ocrx_word' id='word_1_211' title='bbox 84 2540 246 2545; x_wconf 95' lang='lat' dir='ltr'> </span> 
     </span>
    </p>
   </div>
   <div class='ocr_carea' id='block_1_28' title="bbox 118 2467 1117 2652">
    <p class='ocr_par' dir='ltr' id='par_1_28' title="bbox 118 2467 1117 2652">
     <span class='ocr_line' id='line_1_55' title="bbox 1114 2467 1117 2487; baseline 0 0"><span class='ocrx_word' id='word_1_212' title='bbox 1114 2467 1117 2487; x_wconf 73' lang='lat' dir='ltr'><em>r</em></span> 
     </span>
     <span class='ocr_line' id='line_1_56' title="bbox 118 2536 1116 2618; baseline 0.003 -9"><span class='ocrx_word' id='word_1_213' title='bbox 118 2584 163 2616; x_wconf 76' lang='grc'>14)</span> <span class='ocrx_word' id='word_1_214' title='bbox 183 2584 221 2618; x_wconf 72' lang='grc' dir='ltr'>εἰ]</span> <span class='ocrx_word' id='word_1_215' title='bbox 248 2586 290 2610; x_wconf 88' lang='lat' dir='ltr'>sic</span> <span class='ocrx_word' id='word_1_216' title='bbox 314 2588 400 2613; x_wconf 81' lang='lat' dir='ltr'>Editt.</span> <span class='ocrx_word' id='word_1_217' title='bbox 422 2588 515 2617; x_wconf 58' lang='lat'>1526..</span> <span class='ocrx_word' id='word_1_218' title='bbox 541 2588 634 2612; x_wconf 72' lang='lat'>1529..</span> <span class='ocrx_word' id='word_1_219' title='bbox 657 2588 747 2611; x_wconf 72' lang='grc'>1546..</span> <span class='ocrx_word' id='word_1_220' title='bbox 774 2594 796 2611; x_wconf 83' lang='lat' dir='ltr'>s.</span> <span class='ocrx_word' id='word_1_221' title='bbox 813 2593 856 2618; x_wconf 81' lang='lat' dir='ltr'>a.;</span> <span class='ocrx_word' id='word_1_222' title='bbox 1114 2536 1116 2578; x_wconf 58' lang='lat'>‚</span> 
     </span>
     <span class='ocr_line' id='line_1_57' title="bbox 150 2620 387 2652; baseline 0.013 -9"><span class='ocrx_word' id='word_1_223' title='bbox 150 2620 325 2652; x_wconf 77' lang='lat' dir='ltr'>uertzherg:</span> <span class='ocrx_word' id='word_1_224' title='bbox 351 2623 387 2646; x_wconf 89' lang='lat' dir='ltr'>sit</span> 
     </span>
    </p>
   </div>
   <div class='ocr_carea' id='block_1_29' title="bbox 117 2662 1087 2730">
    <p class='ocr_par' dir='ltr' id='par_1_29' title="bbox 117 2662 1087 2730">
     <span class='ocr_line' id='line_1_58' title="bbox 117 2662 1087 2722; baseline 0.002 -35"><span class='ocrx_word' id='word_1_225' title='bbox 117 2662 166 2722; x_wconf 60' lang='grc' dir='ltr'>151)Ι</span> <span class='ocrx_word' id='word_1_226' title='bbox 186 2664 270 2722; x_wconf 57' lang='lat' dir='ltr'>milve</span> <span class='ocrx_word' id='word_1_227' title='bbox 295 2668 339 2689; x_wconf 84' lang='lat' dir='ltr'>est</span> <span class='ocrx_word' id='word_1_228' title='bbox 365 2665 526 2699; x_wconf 73' lang='lat' dir='ltr'>flagellum]</span> <span class='ocrx_word' id='word_1_229' title='bbox 555 2667 603 2692; x_wconf 83' lang='lat' dir='ltr'>Ed.</span> <span class='ocrx_word' id='word_1_230' title='bbox 626 2672 703 2690; x_wconf 77' lang='lat' dir='ltr'>s.a.:</span> <span class='ocrx_word' id='word_1_231' title='bbox 735 2667 819 2697; x_wconf 81' lang='lat' dir='ltr'>longa</span> <span class='ocrx_word' id='word_1_232' title='bbox 847 2666 1016 2696; x_wconf 71' lang='lat' dir='ltr'>penultima,</span> <span class='ocrx_word' id='word_1_233' title='bbox 1043 2670 1087 2690; x_wconf 73' lang='lat' dir='ltr'>est</span> 
     </span>
     <span class='ocr_line' id='line_1_59' title="bbox 168 2704 297 2730; baseline 0.016 -8"><span class='ocrx_word' id='word_1_234' title='bbox 168 2704 221 2730; x_wconf 80' lang='lat' dir='ltr'>age</span> <span class='ocrx_word' id='word_1_235' title='bbox 247 2705 297 2724; x_wconf 85' lang='lat' dir='ltr'>um.</span> 
     </span>
    </p>
   </div>
   <div class='ocr_carea' id='block_1_30' title="bbox 118 2741 626 2774">
    <p class='ocr_par' dir='ltr' id='par_1_30' title="bbox 118 2741 626 2774">
     <span class='ocr_line' id='line_1_60' title="bbox 118 2741 626 2774; baseline 0.008 -10"><span class='ocrx_word' id='word_1_236' title='bbox 118 2741 164 2772; x_wconf 75' lang='lat'>16)</span> <span class='ocrx_word' id='word_1_237' title='bbox 183 2743 216 2765; x_wconf 81' lang='lat' dir='ltr'>ab</span> <span class='ocrx_word' id='word_1_238' title='bbox 236 2742 371 2773; x_wconf 76' lang='lat' dir='ltr'>indoctis]</span> <span class='ocrx_word' id='word_1_239' title='bbox 390 2744 473 2768; x_wconf 77' lang='lat' dir='ltr'>Editt.</span> <span class='ocrx_word' id='word_1_240' title='bbox 496 2745 584 2774; x_wconf 62' lang='lat'>1546..</span> <span class='ocrx_word' id='word_1_241' title='bbox 605 2752 626 2768; x_wconf 72' lang='lat' dir='ltr'>s,</span> 
     </span>
    </p>
   </div>
   <div class='ocr_carea' id='block_1_31' title="bbox 890 2587 1085 2618">
    <p class='ocr_par' dir='ltr' id='par_1_31' title="bbox 890 2587 1085 2618">
     <span class='ocr_line' id='line_1_61' title="bbox 890 2587 1085 2618; baseline -0.005 -7"><span class='ocrx_word' id='word_1_242' title='bbox 890 2587 1017 2618; x_wconf 75' lang='lat' dir='ltr'>Propert.</span> <span class='ocrx_word' id='word_1_243' title='bbox 1045 2590 1085 2611; x_wconf 79' lang='lat' dir='ltr'>ed.</span> 
     </span>
    </p>
   </div>
   <div class='ocr_carea' id='block_1_32' title="bbox 642 2745 793 2774">
    <p class='ocr_par' dir='ltr' id='par_1_32' title="bbox 642 2745 793 2774">
     <span class='ocr_line' id='line_1_62' title="bbox 642 2745 793 2774; baseline -0.013 -6"><span class='ocrx_word' id='word_1_244' title='bbox 642 2751 683 2768; x_wconf 79' lang='lat' dir='ltr'>a.:</span> <span class='ocrx_word' id='word_1_245' title='bbox 711 2745 793 2774; x_wconf 76' lang='lat' dir='ltr'>vulgo</span> 
     </span>
    </p>
   </div>
   <div class='ocr_carea' id='block_1_33' title="bbox 923 101 1485 144">
    <p class='ocr_par' dir='ltr' id='par_1_33' title="bbox 923 101 1485 144">
     <span class='ocr_line' id='line_1_63' title="bbox 923 101 1485 144; baseline 0.002 -1"><span class='ocrx_word' id='word_1_246' title='bbox 923 101 1255 144; x_wconf 80' lang='lat' dir='ltr'>GRAMMATICA</span> <span class='ocrx_word' id='word_1_247' title='bbox 1290 107 1485 144; x_wconf 88' lang='lat' dir='ltr'>LATINA.</span> 
     </span>
    </p>
   </div>
   <div class='ocr_carea' id='block_1_34' title="bbox 2062 108 2139 143">
    <p class='ocr_par' dir='ltr' id='par_1_34' title="bbox 2062 108 2139 143">
     <span class='ocr_line' id='line_1_64' title="bbox 2062 108 2139 143; baseline 0 0"><span class='ocrx_word' id='word_1_248' title='bbox 2062 108 2139 143; x_wconf 74' lang='lat'>282</span> 
     </span>
    </p>
   </div>
   <div class='ocr_carea' id='block_1_35' title="bbox 1241 194 2148 293">
    <p class='ocr_par' dir='ltr' id='par_1_35' title="bbox 1241 194 2148 293">
     <span class='ocr_line' id='line_1_65' title="bbox 1241 194 2147 240; baseline -0.003 -11"><span class='ocrx_word' id='word_1_249' title='bbox 1241 196 1360 230; x_wconf 84' lang='lat' dir='ltr'>Omne</span> <span class='ocrx_word' id='word_1_250' title='bbox 1378 197 1472 229; x_wconf 87' lang='lat' dir='ltr'>latus</span> <span class='ocrx_word' id='word_1_251' title='bbox 1490 195 1629 235; x_wconf 86' lang='lat' dir='ltr'>mundi,</span> <span class='ocrx_word' id='word_1_252' title='bbox 1658 207 1702 228; x_wconf 91' lang='lat' dir='ltr'>ne</span> <span class='ocrx_word' id='word_1_253' title='bbox 1720 195 1765 229; x_wconf 87' lang='lat' dir='ltr'>sit</span> <span class='ocrx_word' id='word_1_254' title='bbox 1782 194 2025 240; x_wconf 86' lang='lat' dir='ltr'>praestantior</span> <span class='ocrx_word' id='word_1_255' title='bbox 2044 194 2147 233; x_wconf 81' lang='lat' dir='ltr'>alter,</span> 
     </span>
     <span class='ocr_line' id='line_1_66' title="bbox 1243 245 2148 293; baseline -0.002 -12"><span class='ocrx_word' id='word_1_256' title='bbox 1243 248 1475 293; x_wconf 76' lang='lat' dir='ltr'>Cappadoces</span> <span class='ocrx_word' id='word_1_257' title='bbox 1491 247 1607 292; x_wconf 85' lang='lat' dir='ltr'>rigida</span> <span class='ocrx_word' id='word_1_258' title='bbox 1627 248 1777 292; x_wconf 84' lang='lat' dir='ltr'>pingues</span> <span class='ocrx_word' id='word_1_259' title='bbox 1790 246 1930 292; x_wconf 81' lang='lat' dir='ltr'>pavisse</span> <span class='ocrx_word' id='word_1_260' title='bbox 1939 245 1986 292; x_wconf 86' lang='lat'>¹⁷)</span> <span class='ocrx_word' id='word_1_261' title='bbox 2002 251 2148 279; x_wconf 88' lang='lat' dir='ltr'>catasta.</span> 
     </span>
    </p>
   </div>
   <div class='ocr_carea' id='block_1_36' title="bbox 1246 317 1823 464">
    <p class='ocr_par' dir='ltr' id='par_1_36' title="bbox 1246 317 1823 464">
     <span class='ocr_line' id='line_1_67' title="bbox 1622 317 1666 350; baseline 0.023 -1"><span class='ocrx_word' id='word_1_262' title='bbox 1622 317 1666 350; x_wconf 90' lang='lat' dir='ltr'>T.</span> 
     </span>
     <span class='ocr_line' id='line_1_68' title="bbox 1246 368 1776 412; baseline -0.002 -11"><span class='ocrx_word' id='word_1_263' title='bbox 1246 376 1248 379; x_wconf 84' lang='grc'><strong>“</strong></span> <span class='ocrx_word' id='word_1_264' title='bbox 1296 368 1414 412; x_wconf 89' lang='lat' dir='ltr'>Caput</span> <span class='ocrx_word' id='word_1_265' title='bbox 1651 368 1776 412; x_wconf 86' lang='lat' dir='ltr'>capitis</span> 
     </span>
     <span class='ocr_line' id='line_1_69' title="bbox 1296 419 1823 464; baseline 0 -11"><span class='ocrx_word' id='word_1_266' title='bbox 1296 419 1449 464; x_wconf 90' lang='lat' dir='ltr'>Occiput</span> <span class='ocrx_word' id='word_1_267' title='bbox 1650 419 1823 464; x_wconf 87' lang='lat' dir='ltr'>occipitis.</span> 
     </span>
    </p>
   </div>
   <div class='ocr_carea' id='block_1_37' title="bbox 1242 477 2150 528">
    <p class='ocr_par' dir='ltr' id='par_1_37' title="bbox 1242 477 2150 528">
     <span class='ocr_line' id='line_1_70' title="bbox 1242 477 2150 528; baseline -0.004 -14"><span class='ocrx_word' id='word_1_268' title='bbox 1242 481 1387 515; x_wconf 89' lang='lat' dir='ltr'>Persius</span> <span class='ocrx_word' id='word_1_269' title='bbox 1408 479 1501 528; x_wconf 71' lang='lat' dir='ltr'>[Sat.</span> <span class='ocrx_word' id='word_1_270' title='bbox 1520 482 1555 519; x_wconf 82' lang='grc'>1,</span> <span class='ocrx_word' id='word_1_271' title='bbox 1572 478 1669 528; x_wconf 76' lang='grc'><strong>62.];</strong></span> <span class='ocrx_word' id='word_1_272' title='bbox 1707 480 1862 525; x_wconf 87' lang='lat' dir='ltr'>Occipiti</span> <span class='ocrx_word' id='word_1_273' title='bbox 1883 491 1987 513; x_wconf 87' lang='lat' dir='ltr'>caeco</span> <span class='ocrx_word' id='word_1_274' title='bbox 2002 505 2010 519; x_wconf 81' lang='lat'><strong>‚</strong></span> <span class='ocrx_word' id='word_1_275' title='bbox 2039 477 2150 523; x_wconf 87' lang='lat' dir='ltr'>posti-</span> 
     </span>
    </p>
   </div>
   <div class='ocr_carea' id='block_1_38' title="bbox 1111 533 1564 576">
    <p class='ocr_par' dir='ltr' id='par_1_38' title="bbox 1111 533 1564 576">
     <span class='ocr_line' id='line_1_71' title="bbox 1111 533 1564 576; baseline 0 -10"><span class='ocrx_word' id='word_1_276' title='bbox 1111 535 1114 576; x_wconf 88' lang='grc'>1</span> <span class='ocrx_word' id='word_1_277' title='bbox 1140 545 1200 566; x_wconf 88' lang='lat' dir='ltr'>cae</span> <span class='ocrx_word' id='word_1_278' title='bbox 1219 533 1395 567; x_wconf 88' lang='lat' dir='ltr'>occurrite</span> <span class='ocrx_word' id='word_1_279' title='bbox 1416 544 1564 567; x_wconf 84' lang='lat' dir='ltr'>sannae.</span> 
     </span>
    </p>
   </div>
   <div class='ocr_carea' id='block_1_39' title="bbox 1244 601 2149 2016">
    <p class='ocr_par' dir='ltr' id='par_1_39' title="bbox 1244 601 2149 2016">
     <span class='ocr_line' id='line_1_72' title="bbox 1609 601 1686 635; baseline 0 0"><span class='ocrx_word' id='word_1_280' title='bbox 1609 601 1686 635; x_wconf 87' lang='lat' dir='ltr'>NX.</span> 
     </span>
     <span class='ocr_line' id='line_1_73' title="bbox 1297 652 1761 687; baseline -0.002 0"><span class='ocrx_word' id='word_1_281' title='bbox 1297 654 1400 687; x_wconf 85' lang='lat' dir='ltr'>Lanx</span> <span class='ocrx_word' id='word_1_282' title='bbox 1650 652 1761 686; x_wconf 91' lang='lat' dir='ltr'>lancis</span> 
     </span>
     <span class='ocr_line' id='line_1_74' title="bbox 1298 704 1825 748; baseline -0.004 -9"><span class='ocrx_word' id='word_1_283' title='bbox 1298 705 1465 740; x_wconf 85' lang='lat' dir='ltr'>Coniunx</span> <span class='ocrx_word' id='word_1_284' title='bbox 1652 704 1825 748; x_wconf 81' lang='lat' dir='ltr'>coniugis.</span> 
     </span>
     <span class='ocr_line' id='line_1_75' title="bbox 1244 760 2149 804; baseline -0.006 -6"><span class='ocrx_word' id='word_1_285' title='bbox 1244 763 1293 799; x_wconf 79' lang='lat' dir='ltr'>Et</span> <span class='ocrx_word' id='word_1_286' title='bbox 1310 763 1451 798; x_wconf 89' lang='lat' dir='ltr'>Phocas</span> <span class='ocrx_word' id='word_1_287' title='bbox 1467 764 1696 797; x_wconf 86' lang='lat' dir='ltr'>nominativo</span> <span class='ocrx_word' id='word_1_288' title='bbox 1715 762 1838 796; x_wconf 86' lang='lat' dir='ltr'>scribit</span> <span class='ocrx_word' id='word_1_289' title='bbox 1854 761 1997 801; x_wconf 87' lang='lat' dir='ltr'>coniux,</span> <span class='ocrx_word' id='word_1_290' title='bbox 2015 773 2033 793; x_wconf 92' lang='lat' dir='ltr'>a</span> <span class='ocrx_word' id='word_1_291' title='bbox 2053 760 2149 804; x_wconf 82' lang='lat' dir='ltr'>iugo.</span> 
     </span>
     <span class='ocr_line' id='line_1_76' title="bbox 1298 821 1864 870; baseline -0.002 -13"><span class='ocrx_word' id='word_1_292' title='bbox 1298 824 1493 870; x_wconf 68' lang='lat' dir='ltr'>Quincunx</span> <span class='ocrx_word' id='word_1_293' title='bbox 1653 821 1864 869; x_wconf 84' lang='lat' dir='ltr'>quincuncis</span> 
     </span>
     <span class='ocr_line' id='line_1_77' title="bbox 1298 874 1832 921; baseline -0.004 -11"><span class='ocrx_word' id='word_1_294' title='bbox 1298 876 1458 921; x_wconf 83' lang='lat' dir='ltr'>Septunx</span> <span class='ocrx_word' id='word_1_295' title='bbox 1652 874 1832 919; x_wconf 88' lang='lat' dir='ltr'>septuncis</span> 
     </span>
     <span class='ocr_line' id='line_1_78' title="bbox 1297 926 1812 962; baseline -0.006 0"><span class='ocrx_word' id='word_1_296' title='bbox 1297 928 1427 962; x_wconf 82' lang='lat' dir='ltr'>Deunx</span> <span class='ocrx_word' id='word_1_297' title='bbox 1653 926 1812 960; x_wconf 90' lang='lat' dir='ltr'>deuncis.</span> 
     </span>
     <span class='ocr_line' id='line_1_79' title="bbox 1541 995 1757 1040; baseline -0.009 -11"><span class='ocrx_word' id='word_1_298' title='bbox 1541 995 1736 1040; x_wconf 81' lang='lat' dir='ltr'>Peregrina</span> <span class='ocrx_word' id='word_1_299' title='bbox 1751 1009 1757 1027; x_wconf 89' lang='grc'>;</span> 
     </span>
     <span class='ocr_line' id='line_1_80' title="bbox 1298 1054 1805 1102; baseline -0.004 -11"><span class='ocrx_word' id='word_1_300' title='bbox 1298 1057 1428 1102; x_wconf 88' lang='lat' dir='ltr'>Syrinx</span> <span class='ocrx_word' id='word_1_301' title='bbox 1650 1054 1805 1101; x_wconf 85' lang='lat' dir='ltr'>syringis</span> 
     </span>
     <span class='ocr_line' id='line_1_81' title="bbox 1296 1106 1853 1152; baseline -0.004 -10"><span class='ocrx_word' id='word_1_302' title='bbox 1296 1108 1462 1142; x_wconf 76' lang='lat' dir='ltr'>Phalanx</span> <span class='ocrx_word' id='word_1_303' title='bbox 1651 1106 1853 1152; x_wconf 85' lang='lat' dir='ltr'>phalangis.</span> 
     </span>
     <span class='ocr_line' id='line_1_82' title="bbox 1609 1176 1679 1211; baseline -0.029 0"><span class='ocrx_word' id='word_1_304' title='bbox 1609 1176 1679 1211; x_wconf 75' lang='lat' dir='ltr'>NS.</span> 
     </span>
     <span class='ocr_line' id='line_1_83' title="bbox 1245 1227 1845 1273; baseline -0.01 -8"><span class='ocrx_word' id='word_1_305' title='bbox 1245 1230 1434 1265; x_wconf 85' lang='lat' dir='ltr'>Genitivos</span> <span class='ocrx_word' id='word_1_306' title='bbox 1451 1229 1589 1263; x_wconf 84' lang='lat' dir='ltr'>faciunt</span> <span class='ocrx_word' id='word_1_307' title='bbox 1605 1240 1669 1273; x_wconf 86' lang='lat' dir='ltr'>per</span> <span class='ocrx_word' id='word_1_308' title='bbox 1687 1227 1778 1267; x_wconf 89' lang='lat' dir='ltr'>ntis,</span> <span class='ocrx_word' id='word_1_309' title='bbox 1805 1232 1845 1260; x_wconf 91' lang='lat' dir='ltr'>ut</span> 
     </span>
     <span class='ocr_line' id='line_1_84' title="bbox 1297 1288 1807 1324; baseline -0.008 0"><span class='ocrx_word' id='word_1_310' title='bbox 1297 1291 1435 1324; x_wconf 77' lang='lat' dir='ltr'>Amans</span> <span class='ocrx_word' id='word_1_311' title='bbox 1653 1288 1807 1321; x_wconf 86' lang='lat' dir='ltr'>amantis</span> 
     </span>
     <span class='ocr_line' id='line_1_85' title="bbox 1298 1339 1865 1388; baseline -0.007 -12"><span class='ocrx_word' id='word_1_312' title='bbox 1298 1343 1491 1388; x_wconf 86' lang='lat' dir='ltr'>Quadrans</span> <span class='ocrx_word' id='word_1_313' title='bbox 1653 1339 1865 1385; x_wconf 89' lang='lat' dir='ltr'>quadrantis</span> 
     </span>
     <span class='ocr_line' id='line_1_86' title="bbox 1295 1390 1792 1428; baseline -0.008 0"><span class='ocrx_word' id='word_1_314' title='bbox 1295 1395 1412 1428; x_wconf 87' lang='lat' dir='ltr'>Frons</span> <span class='ocrx_word' id='word_1_315' title='bbox 1651 1390 1792 1425; x_wconf 87' lang='lat' dir='ltr'>frontis.</span> 
     </span>
     <span class='ocr_line' id='line_1_87' title="bbox 1567 1459 1719 1505; baseline -0.013 -10"><span class='ocrx_word' id='word_1_316' title='bbox 1567 1459 1719 1505; x_wconf 81' lang='lat' dir='ltr'>Excipe:</span> 
     </span>
     <span class='ocr_line' id='line_1_88' title="bbox 1298 1521 1792 1565; baseline -0.006 -8"><span class='ocrx_word' id='word_1_317' title='bbox 1298 1524 1410 1558; x_wconf 90' lang='lat' dir='ltr'>Glans</span> <span class='ocrx_word' id='word_1_318' title='bbox 1651 1521 1792 1565; x_wconf 80' lang='lat' dir='ltr'>glandis</span> 
     </span>
     <span class='ocr_line' id='line_1_89' title="bbox 1297 1572 1831 1620; baseline -0.007 -10"><span class='ocrx_word' id='word_1_319' title='bbox 1297 1575 1441 1620; x_wconf 85' lang='lat' dir='ltr'>Iuglans</span> <span class='ocrx_word' id='word_1_320' title='bbox 1652 1572 1831 1617; x_wconf 85' lang='lat' dir='ltr'>iuglandis</span> 
     </span>
     <span class='ocr_line' id='line_1_90' title="bbox 1296 1623 1865 1672; baseline -0.005 -11"><span class='ocrx_word' id='word_1_321' title='bbox 1296 1628 1489 1672; x_wconf 86' lang='lat' dir='ltr'>Libripens</span> <span class='ocrx_word' id='word_1_322' title='bbox 1651 1623 1865 1669; x_wconf 87' lang='lat' dir='ltr'>libripendis</span> 
     </span>
     <span class='ocr_line' id='line_1_91' title="bbox 1298 1676 1803 1714; baseline -0.01 0"><span class='ocrx_word' id='word_1_323' title='bbox 1298 1680 1415 1714; x_wconf 87' lang='lat' dir='ltr'>Frons</span> <span class='ocrx_word' id='word_1_324' title='bbox 1651 1676 1803 1710; x_wconf 85' lang='lat' dir='ltr'>frondis.</span> 
     </span>
     <span class='ocr_line' id='line_1_92' title="bbox 1616 1747 1682 1780; baseline 0.015 -1"><span class='ocrx_word' id='word_1_325' title='bbox 1616 1747 1682 1780; x_wconf 86' lang='lat' dir='ltr'>LS.</span> 
     </span>
     <span class='ocr_line' id='line_1_93' title="bbox 1298 1797 1773 1843; baseline -0.008 -9"><span class='ocrx_word' id='word_1_326' title='bbox 1298 1801 1383 1835; x_wconf 90' lang='lat' dir='ltr'>Puls</span> <span class='ocrx_word' id='word_1_327' title='bbox 1653 1797 1773 1843; x_wconf 90' lang='lat' dir='ltr'>pultis.</span> 
     </span>
     <span class='ocr_line' id='line_1_94' title="bbox 1613 1867 1683 1901; baseline 0.014 -1"><span class='ocrx_word' id='word_1_328' title='bbox 1613 1867 1683 1901; x_wconf 83' lang='lat' dir='ltr'>RS.</span> 
     </span>
     <span class='ocr_line' id='line_1_95' title="bbox 1246 1920 1627 1959; baseline -0.005 -5"><span class='ocrx_word' id='word_1_329' title='bbox 1246 1921 1286 1954; x_wconf 88' lang='lat' dir='ltr'>ln</span> <span class='ocrx_word' id='word_1_330' title='bbox 1305 1921 1349 1955; x_wconf 89' lang='lat' dir='ltr'>tis</span> <span class='ocrx_word' id='word_1_331' title='bbox 1369 1920 1537 1954; x_wconf 85' lang='lat' dir='ltr'>desinunt</span> <span class='ocrx_word' id='word_1_332' title='bbox 1550 1947 1558 1959; x_wconf 92' lang='lat'>‚</span> <span class='ocrx_word' id='word_1_333' title='bbox 1586 1925 1627 1952; x_wconf 90' lang='lat' dir='ltr'>ut</span> 
     </span>
     <span class='ocr_line' id='line_1_96' title="bbox 1301 1979 1772 2016; baseline -0.006 -1"><span class='ocrx_word' id='word_1_334' title='bbox 1301 1981 1386 2016; x_wconf 87' lang='lat' dir='ltr'>Sors</span> <span class='ocrx_word' id='word_1_335' title='bbox 1654 1979 1772 2013; x_wconf 91' lang='lat' dir='ltr'>sortis.</span> 
     </span>
    </p>
   </div>
   <div class='ocr_carea' id='block_1_40' title="bbox 1400 2047 1895 2094">
    <p class='ocr_par' dir='ltr' id='par_1_40' title="bbox 1400 2047 1895 2094">
     <span class='ocr_line' id='line_1_97' title="bbox 1400 2047 1895 2094; baseline -0.006 -12"><span class='ocrx_word' id='word_1_336' title='bbox 1400 2050 1534 2094; x_wconf 86' lang='lat' dir='ltr'>Excipe</span> <span class='ocrx_word' id='word_1_337' title='bbox 1554 2062 1570 2081; x_wconf 89' lang='lat' dir='ltr'>a</span> <span class='ocrx_word' id='word_1_338' title='bbox 1593 2061 1654 2082; x_wconf 91' lang='lat' dir='ltr'>cor</span> <span class='ocrx_word' id='word_1_339' title='bbox 1678 2047 1895 2092; x_wconf 87' lang='lat' dir='ltr'>composita:</span> 
     </span>
    </p>
   </div>
   <div class='ocr_carea' id='block_1_41' title="bbox 1246 2107 1898 2507">
    <p class='ocr_par' dir='ltr' id='par_1_41' title="bbox 1246 2107 1898 2507">
     <span class='ocr_line' id='line_1_98' title="bbox 1300 2107 1898 2142; baseline -0.005 0"><span class='ocrx_word' id='word_1_340' title='bbox 1300 2108 1435 2142; x_wconf 84' lang='lat' dir='ltr'>Vecors</span> <span class='ocrx_word' id='word_1_341' title='bbox 1653 2107 1816 2140; x_wconf 82' lang='lat' dir='ltr'>vecordis</span> <span class='ocrx_word' id='word_1_342' title='bbox 1833 2112 1898 2140; x_wconf 90' lang='lat' dir='ltr'>etc.</span> 
     </span>
     <span class='ocr_line' id='line_1_99' title="bbox 1608 2176 1684 2210; baseline 0.013 -1"><span class='ocrx_word' id='word_1_343' title='bbox 1608 2176 1684 2210; x_wconf 88' lang='lat' dir='ltr'>MS.</span> 
     </span>
     <span class='ocr_line' id='line_1_100' title="bbox 1301 2226 1801 2275; baseline -0.002 -13"><span class='ocrx_word' id='word_1_344' title='bbox 1301 2230 1433 2275; x_wconf 80' lang='lat' dir='ltr'>Hyems</span> <span class='ocrx_word' id='word_1_345' title='bbox 1651 2226 1801 2274; x_wconf 86' lang='lat' dir='ltr'>hyemis.</span> 
     </span>
     <span class='ocr_line' id='line_1_101' title="bbox 1554 2297 1733 2331; baseline 0 -1"><span class='ocrx_word' id='word_1_346' title='bbox 1554 2297 1612 2331; x_wconf 93' lang='lat' dir='ltr'>BS</span> <span class='ocrx_word' id='word_1_347' title='bbox 1666 2297 1733 2331; x_wconf 87' lang='lat' dir='ltr'>PS.</span> 
     </span>
     <span class='ocr_line' id='line_1_102' title="bbox 1246 2350 1599 2395; baseline 0.003 -13"><span class='ocrx_word' id='word_1_348' title='bbox 1246 2350 1531 2395; x_wconf 84' lang='lat' dir='ltr'>iinterponuut,</span> <span class='ocrx_word' id='word_1_349' title='bbox 1558 2356 1599 2384; x_wconf 84' lang='lat' dir='ltr'>ut</span> 
     </span>
     <span class='ocr_line' id='line_1_103' title="bbox 1298 2409 1766 2454; baseline -0.004 -10"><span class='ocrx_word' id='word_1_350' title='bbox 1298 2410 1404 2445; x_wconf 88' lang='lat' dir='ltr'>Plebs</span> <span class='ocrx_word' id='word_1_351' title='bbox 1652 2409 1766 2454; x_wconf 86' lang='lat' dir='ltr'>plebis</span> 
     </span>
     <span class='ocr_line' id='line_1_104' title="bbox 1302 2459 1811 2507; baseline 0.002 -14"><span class='ocrx_word' id='word_1_352' title='bbox 1302 2462 1439 2507; x_wconf 48' lang='lat' dir='ltr'>¹Ruceps</span> <span class='ocrx_word' id='word_1_353' title='bbox 1653 2459 1811 2505; x_wconf 89' lang='lat' dir='ltr'>aucupis.</span> 
     </span>
    </p>
   </div>
   <div class='ocr_carea' id='block_1_42' title="bbox 1436 2530 2058 2634">
    <p class='ocr_par' dir='ltr' id='par_1_42' title="bbox 1436 2530 2058 2634">
     <span class='ocr_line' id='line_1_105' title="bbox 1436 2530 1858 2576; baseline -0.009 -11"><span class='ocrx_word' id='word_1_354' title='bbox 1436 2531 1568 2576; x_wconf 84' lang='lat' dir='ltr'>Excipe</span> <span class='ocrx_word' id='word_1_355' title='bbox 1587 2544 1604 2564; x_wconf 90' lang='lat' dir='ltr'>a</span> <span class='ocrx_word' id='word_1_356' title='bbox 1623 2536 1731 2575; x_wconf 87' lang='lat' dir='ltr'>caput</span> <span class='ocrx_word' id='word_1_357' title='bbox 1749 2530 1858 2562; x_wconf 84' lang='lat' dir='ltr'>sacta:</span> 
     </span>
     <span class='ocr_line' id='line_1_106' title="bbox 1652 2587 2058 2634; baseline -0.01 -11"><span class='ocrx_word' id='word_1_358' title='bbox 1652 2589 1838 2634; x_wconf 85' lang='lat' dir='ltr'>ancipitis,</span> <span class='ocrx_word' id='word_1_359' title='bbox 1867 2594 1901 2621; x_wconf 83' lang='lat' dir='ltr'>et</span> <span class='ocrx_word' id='word_1_360' title='bbox 1915 2587 2058 2622; x_wconf 88' lang='lat' dir='ltr'>similia.</span> 
     </span>
    </p>
   </div>
   <div class='ocr_carea' id='block_1_43' title="bbox 1298 2593 1439 2637">
    <p class='ocr_par' dir='ltr' id='par_1_43' title="bbox 1298 2593 1439 2637">
     <span class='ocr_line' id='line_1_107' title="bbox 1298 2593 1439 2637; baseline 0.014 -13"><span class='ocrx_word' id='word_1_361' title='bbox 1298 2593 1439 2637; x_wconf 85' lang='lat' dir='ltr'>Anceps</span> 
     </span>
    </p>
   </div>
   <div class='ocr_carea' id='block_1_44' title="bbox 1177 2704 2143 2776">
    <p class='ocr_par' dir='ltr' id='par_1_44' title="bbox 1177 2704 2143 2776">
     <span class='ocr_line' id='line_1_108' title="bbox 1177 2704 2143 2741; baseline -0.007 -7"><span class='ocrx_word' id='word_1_362' title='bbox 1177 2709 1224 2741; x_wconf 78' lang='lat'>17)</span> <span class='ocrx_word' id='word_1_363' title='bbox 1244 2709 1374 2740; x_wconf 75' lang='lat' dir='ltr'>pavisse]</span> <span class='ocrx_word' id='word_1_364' title='bbox 1396 2709 1437 2734; x_wconf 80' lang='lat' dir='ltr'>sic</span> <span class='ocrx_word' id='word_1_365' title='bbox 1456 2710 1542 2733; x_wconf 82' lang='lat' dir='ltr'>Editt.</span> <span class='ocrx_word' id='word_1_366' title='bbox 1566 2710 1656 2740; x_wconf 80' lang='lat'>1526.,</span> <span class='ocrx_word' id='word_1_367' title='bbox 1676 2708 1770 2739; x_wconf 59' lang='lat'>1529„</span> <span class='ocrx_word' id='word_1_368' title='bbox 1792 2707 1883 2737; x_wconf 59' lang='lat'><strong>1546„</strong></span> <span class='ocrx_word' id='word_1_369' title='bbox 1902 2713 1923 2729; x_wconf 72' lang='lat' dir='ltr'>s,</span> <span class='ocrx_word' id='word_1_370' title='bbox 1938 2711 1980 2736; x_wconf 85' lang='lat' dir='ltr'>a.;</span> <span class='ocrx_word' id='word_1_371' title='bbox 2006 2704 2083 2729; x_wconf 71' lang='lat' dir='ltr'>Pers.</span> <span class='ocrx_word' id='word_1_372' title='bbox 2104 2704 2143 2728; x_wconf 84' lang='lat' dir='ltr'>ed.</span> 
     </span>
     <span class='ocr_line' id='line_1_109' title="bbox 1213 2744 1504 2776; baseline -0.003 -8"><span class='ocrx_word' id='word_1_373' title='bbox 1213 2745 1336 2776; x_wconf 76' lang='lat' dir='ltr'>Koenig:</span> <span class='ocrx_word' id='word_1_374' title='bbox 1362 2744 1504 2774; x_wconf 74' lang='lat' dir='ltr'>plausisse</span> 
     </span>
    </p>
   </div>
  </div>
 </body>
</html>
