2421 3037
276 106 351 140 799

274 193 312 225 in
337 190 447 226 sacris
476 188 635 223 historiis
659 186 899 232 inquirimus,
933 186 991 225 fit,
1026 191 1065 218 ut
1089 195 1145 217 res
1171 183 1279 228 ipsas,

274 255 366 290 quae
398 241 446 275 ibi
479 245 754 285 proponuntur,
790 237 922 272 rectius
947 236 1210 279 intelligamus,
1246 240 1280 267 et

273 307 397 328 earum
429 290 678 335 magnitudine
714 291 827 334 magis
858 289 1069 322 afficiamur.
1137 287 1280 319 Habent

273 346 368 380 enim
389 343 456 377 hoc
476 318 656 387 peculiare
672 341 779 381 Loci,
808 340 1022 385 Temporis,
1051 346 1085 372 et
1099 339 1144 371 ali
1150 350 1190 370 ae
1214 337 1280 370 cir-

273 395 529 434 cumstantiae,
563 400 604 427 ut
625 394 663 426 in
684 368 783 426 omni
803 391 1035 427 historiarum
1056 390 1208 424 lectione
1225 401 1281 422 re-

271 451 338 483 bus
354 445 558 487 Midhibitae
582 458 641 480 eas
658 445 856 485 illustrent,
887 450 921 477 et
936 443 1077 476 animos
1093 441 1282 486 insigniter

271 505 521 546 permoveant.
593 497 686 532 Nam
716 503 756 530 ut
784 502 878 530 recte
907 495 996 529 dixit
1022 494 1194 528 Horatius
1224 491 1282 541 [in

272 551 388 597 Epist.
410 551 455 583 ad
473 550 624 583 Pisones
647 549 722 583 180
738 561 791 594 sq.
783 544 827 595 .]:

272 619 424 665 Segnius
444 618 590 651 irritant
605 617 767 650 animum
786 616 939 650 demissa
956 627 1020 660 per
1037 625 1154 653 aures,

325 672 444 717 Quam
464 682 556 716 quae
577 675 659 703 sunt
678 669 791 703 oculis
810 667 1001 702 commissa
1021 666 1198 699 fidelibus.

272 739 325 774 Ita
350 738 500 773 omnino
529 737 735 782 experimur
759 748 905 777 omnes,
948 734 1055 768 etiam
1082 732 1282 777 insignibus

272 791 374 826 factis
408 791 503 824 nude
539 789 717 829 recitatis,
752 788 828 822 sine
864 786 1106 831 descriptione
1143 791 1283 842 tempo·

272 844 341 886 ris,
367 843 555 882 locorum,
584 848 619 874 et
642 841 794 874 aliarum
816 838 1190 877 circumstantiarum,
1217 836 1283 868 mi-

272 908 340 929 nus
356 907 423 928 nos
440 893 545 933 affici,
574 904 691 938 neque
708 892 756 925 ita
775 892 844 925 alte
863 892 986 925 sedere
1004 889 1133 923 animis
1150 887 1284 922 nostris

274 960 315 980 ea
335 947 434 991 ipsa,
462 957 553 991 quae
574 945 630 977 xel
646 945 736 977 lecta
758 943 814 976 vel
832 943 954 976 audita
973 948 1076 981 sunt,
1105 941 1154 974 ita
1171 939 1284 984 negli-

274 1005 399 1044 genter
415 996 616 1041 proposita.

379 1048 449 1082 Sed
472 1061 551 1081 cum
577 1047 683 1081 simul
706 1047 784 1080 loca
812 1051 1083 1085 monstra,ntur
1110 1043 1172 1077 ubi
1189 1044 1283 1076 facta

273 1101 334 1134 illa
354 1098 510 1134 exhibita
528 1099 710 1139 dicuntur,
733 1105 767 1131 et
784 1104 925 1143 tempus
943 1096 1042 1136 anni,
1069 1102 1176 1141 atque
1193 1096 1283 1128 adeo

275 1153 350 1186 dies
374 1152 449 1196 ipse
475 1151 606 1185 mensis
632 1151 866 1190 nominatur,
895 1161 968 1194 quo
993 1160 1049 1181 res
1072 1154 1189 1192 gestae
1210 1158 1283 1180 cre-

274 1207 425 1238 duntur:
456 1215 530 1237 non
546 1209 621 1236 tum
640 1214 706 1236 nos
725 1202 850 1235 audire
871 1201 1014 1234 illarum
1032 1199 1282 1232 recitationem

274 1262 465 1301 putamus,
493 1256 552 1288 sed
572 1255 684 1299 pictas
700 1254 804 1287 nobis
824 1265 880 1286 res
900 1251 1116 1291 monstrari,
1145 1251 1201 1284 vel
1220 1262 1284 1295 po-

273 1308 345 1341 tius
369 1307 463 1351 ipsas
488 1313 694 1351 praesentes
720 1305 831 1339 oculis
857 1305 991 1338 nostris
1013 1302 1139 1337 subiici
1167 1302 1285 1336 existi-

274 1371 428 1393 mamus.
496 1358 656 1392 Tantum
700 1358 823 1391 lumen
866 1356 952 1401 ipsis
985 1356 1088 1389 factis
1129 1366 1284 1387 comme-

274 1410 432 1444 moratio
469 1409 822 1444 circumstantiarum
860 1409 982 1450 affert,
1027 1412 1283 1452 praeterquam

276 1464 375 1509 quod
403 1462 518 1496 multo
555 1462 663 1495 etiam
700 1461 876 1494 efficacius
905 1460 1046 1494 animos
1075 1459 1283 1492 auditorum

274 1514 375 1554 ferit,
417 1514 517 1548 cuius
552 1514 606 1547 rei
634 1525 746 1547 unum
776 1511 845 1546 hoc
874 1523 1059 1546 sumamus
1088 1522 1130 1543 ex
1156 1509 1285 1543 Bibliis

276 1565 494 1610 exemplum.

380 1616 418 1649 Si
448 1616 659 1661 simpliciter
685 1615 829 1648 narrari
856 1615 1001 1653 audias,
1035 1612 1211 1657 populum
1237 1610 1286 1646 Is-

277 1668 479 1704 raeliticum
506 1674 586 1712 post
606 1674 759 1700 mortem
782 1667 908 1700 Moisis
928 1679 947 1699 a
966 1665 1070 1699 losua
1089 1665 1282 1697 abductum

278 1721 323 1754 ad
349 1718 538 1753 Iordanem
554 1746 562 1759 ,
598 1726 637 1753 ut
662 1726 794 1752 terram
822 1718 1038 1763 promissam
1059 1716 1205 1749 tandem
1227 1727 1284 1748 oc-

278 1778 448 1817 cuparet,
483 1771 649 1804 traiicere
681 1771 816 1804 flumen
851 1783 926 1803 non
954 1768 1134 1814 potuisse,
1170 1768 1284 1801 donec

277 1825 353 1858 eius
377 1836 500 1857 cursus
527 1823 648 1856 divina
671 1823 831 1867 potentia
853 1820 1049 1861 inhibitus,
1076 1819 1285 1864 praebuerit

276 1882 393 1909 tutum
420 1875 611 1908 transitum
637 1875 703 1908 toti
731 1874 954 1908 multitudini
978 1885 1042 1918 per
1066 1872 1156 1906 sicca
1173 1872 1283 1904 vada:

276 1927 457 1961 videbitur
482 1927 519 1960 id
543 1927 688 1972 quidem
714 1926 778 1959 tibi
802 1926 1057 1960 miraculosum
1072 1951 1080 1965 ,
1110 1930 1144 1957 et
1165 1923 1286 1967 singu-

277 1980 351 2012 lare
380 1991 469 2024 opus
486 1978 553 2012 Dei
570 1978 599 2025 ¹)
623 1978 750 2018 fuisse,
786 1979 847 2012 sed
875 1984 973 2011 tanta
994 1977 1069 2010 eius
1090 1975 1283 2009 admiratio

280 2038 312 2064 te
330 2043 403 2064 non
422 2031 557 2075 capiet,
587 2037 721 2076 quanta
743 2031 896 2063 debebat
915 2036 947 2062 et
966 2034 1129 2074 poterat,
1165 2027 1285 2062 obser-

278 2083 370 2116 vatis
393 2082 682 2116 circumstantiis.

384 2134 548 2167 Primum
577 2133 672 2166 enim
698 2133 835 2178 aliquid
856 2132 944 2166 lucis
964 2130 1167 2164 narrationi
1188 2142 1286 2164 acce-

279 2187 358 2225 det,
387 2186 414 2219 si
440 2185 688 2224 admonearis,
718 2184 776 2217 illa
803 2190 904 2229 parte
928 2183 1086 2228 regionis
1107 2181 1286 2218 Israelitas

278 2249 344 2281 per
368 2236 560 2271 Iordanem
587 2236 813 2277 transivisse,
846 2235 908 2269 ubi
933 2234 962 2268 is
987 2234 1126 2268 vicinus
1151 2234 1286 2279 oppido

279 2289 534 2323 florentissimo
557 2295 633 2323 tum
662 2286 856 2329 Hiericho,
891 2298 965 2320 non
991 2287 1118 2331 procul
1142 2286 1224 2319 inde
1250 2286 1286 2319 in

280 2352 381 2373 mare
400 2340 587 2375 Mortuum
605 2340 744 2381 influit,
774 2346 898 2374 auctus
915 2338 1014 2383 prius
1031 2338 1197 2383 plurimis
1214 2344 1288 2371 tor-

280 2392 443 2425 rentibus
464 2399 498 2425 et
516 2392 726 2426 fluminibus
748 2392 844 2433 aliis,
871 2391 933 2437 qui
948 2390 985 2423 in
1003 2390 1120 2435 ipsum
1139 2402 1222 2424 suos
1238 2390 1287 2423 al—

281 2456 366 2477 veos
391 2450 599 2478 exonerant.
669 2444 792 2489 Quare
817 2455 957 2477 necesse
985 2448 1035 2477 est
1062 2442 1112 2476 ibi
1136 2442 1285 2476 fluvium

281 2496 397 2528 multo
422 2496 529 2529 fuisse
554 2495 719 2529 latiorem
744 2502 778 2529 et
793 2494 1090 2540 profundiorem,
1121 2506 1230 2540 quam
1249 2495 1287 2527 in

280 2547 390 2587 locis,
419 2559 510 2592 quae
532 2553 616 2581 sunt
632 2547 807 2580 viciniora
828 2547 903 2581 eius
921 2546 1092 2580 fontibus.

320 2700 348 2731 1)
376 2706 446 2728 opus
473 2700 538 2729 Dei]
565 2700 607 2723 sie
633 2699 718 2725 Ed.2.
747 2698 912 2730 (a.1551.);
948 2700 994 2723 Ed.
1015 2701 1034 2723 1.
1064 2701 1104 2728 (a.
1123 2699 1214 2727 1550.)
1238 2698 1290 2723 Dei

355 2739 432 2764 opuS.

910 97 1275 132 ADDITAMENTA
1300 95 1367 130 AD
1394 93 1538 128 VOLL.
1565 92 1636 126 Ι-
1652 94 1693 128 X.

2263 93 2338 128 800

1436 180 1482 214 Et
1499 192 1581 214 cum
1597 181 1836 214 transeundus
1854 185 1943 214 esset
1959 178 2089 212 fluvius
2106 185 2239 220 tantus,
2262 178 2339 213 iux—

1332 240 1365 266 ta
1385 232 1559 277 oppidum
1580 231 1841 276 amplissimum
1862 238 1896 264 et
1920 230 2202 264 munitissimum
2220 230 2339 264 Hieri-

1333 283 1422 324 cho,
1447 284 1555 318 situm
1565 282 1597 330 2)
1613 283 1651 315 in
1670 283 1804 327 optime
1822 284 1913 316 culta
1933 282 2043 323 valle,
2074 288 2108 315 et
2124 275 2339 328 frequentis-v

1333 337 1421 370 sime
1445 333 1627 374 habitata,
1656 335 1784 367 terreri
1801 341 1970 378 poterant
1985 333 2187 374 Israelitae,
2215 340 2250 367 et
2266 345 2340 366 me·

1335 395 1455 427 tuere,
1483 399 1528 420 ne
1555 386 1766 430 transgressi
1797 387 1909 426 vada,
1938 398 1980 419 ex
2004 386 2117 419 altera
2141 385 2219 429 ripa
2238 384 2340 419 fluvii

1336 440 1379 473 ab
1398 439 1525 472 incolis
1549 437 1624 472 eius
1647 437 1716 470 loci
1741 436 2012 471 occurrentibus
2037 443 2266 478 arcerentur,
2300 448 2341 470 ac

1335 491 1618 536 repellerentur,
1646 495 1707 522 aut
1724 489 1849 522 saltem
1878 495 1950 521 tam
1976 489 2039 522 diu
2064 488 2342 533 impedirentur,

1337 544 1451 576 donec
1486 542 1523 575 in
1558 541 1772 574 immensam
1809 540 2036 574 altitudinem
2071 541 2235 585 superius
2270 539 2342 573 col-

1336 595 1426 628 lecta
1452 600 1487 627 et
1512 599 1720 626 coacervata
1746 604 1840 638 aqua
1864 590 2048 632 Iordanis,
2092 604 2172 626 cum
2203 591 2343 636 impetu

1337 646 1499 685 irruens,
1526 644 1645 678 subito
1671 656 1796 678 omnes
1820 643 1916 677 intra
1940 644 2037 689 ripas
2062 641 2342 688 comprehensos

1337 697 1572 741 extingueret.

1440 748 1491 781 Ita
1520 747 1589 781 loci
1607 747 1800 791 descriptio
1818 747 2104 792 magnitudinem
2122 745 2290 780 miraculi
2308 751 2344 779 et

1337 801 1482 834 divinae
1504 799 1677 833 bonitatis
1700 799 1814 843 magis
1836 799 2067 844 conspicuam
2089 798 2219 833 reddit.
2273 797 2344 832 Sed

1338 853 1446 887 etiam
1474 851 1651 896 insignior
1675 848 1733 883 hic
1757 851 1856 884 locus
1880 851 1935 892 fit,
1977 864 2057 885 cum
2082 863 2123 884 ea
2147 851 2343 890 adduntur,

1338 916 1430 951 quae
1454 903 1588 937 ibidem
1612 902 1675 936 diu
1698 909 1780 947 post
1805 909 1901 947 gesta
1928 909 2022 937 sunt.
2076 902 2169 937 Nam
2194 902 2232 935 in
2254 902 2343 935 ulte-

1337 957 1434 990 riore
1461 955 1540 1000 ripa
1565 955 1623 987 illa
1646 953 1811 988 iordanis
1835 966 1959 988 versus
1980 955 2184 994 desertum,
2218 959 2343 998 postea

1338 1014 1540 1042 extructum
1566 1006 1748 1040 castellum
1778 1005 1913 1039 dictum
1941 1012 1993 1040 est
2013 1003 2240 1046 Bethabara,
2274 1002 2345 1038 hoc

1339 1066 1408 1100 est,
1445 1060 1573 1092 domus
1602 1057 1774 1091 transitus
1809 1069 1871 1091 seu
1907 1057 2149 1099 traiectionis,
2183 1056 2344 1091 fortassis

1339 1118 1417 1145 orta
1445 1110 1689 1156 appellatione
1714 1109 1783 1142 loci
1810 1109 1854 1142 ab
1878 1107 1946 1142 hac
1966 1110 2042 1154 ipsa
2062 1109 2190 1154 populi
2205 1107 2345 1144 Israeli-

1338 1163 1399 1196 tici
1420 1162 1635 1196 miraculosa
1662 1161 1910 1202 traductione,
1946 1174 2018 1207 quo
2046 1161 2126 1195 loco
2152 1158 2345 1200 Iohannes,

1339 1214 1491 1249 Messiae
1516 1225 1750 1259 praecursor,
1786 1213 1984 1257 baptizavit
2016 1219 2093 1247 tum
2119 1213 2229 1253 alios,
2266 1218 2344 1246 tum

1339 1265 1522 1301 Christum
1549 1265 1656 1299 etiam
1682 1265 1824 1309 ipsum,
1861 1277 1967 1310 quem
1988 1262 2088 1299 haud
2112 1265 2220 1298 dubie
2236 1263 2346 1308 signi-

1338 1318 1459 1352 ficavit
1483 1329 1564 1351 arca
1582 1317 1737 1351 foederis
1749 1343 1758 1357 ,
1787 1328 1895 1362 quam
1915 1317 1953 1350 in
1969 1316 2031 1350 illo
2047 1317 2202 1351 transitu
2218 1315 2347 1361 populi

1339 1376 1516 1416 gestantes
1532 1370 1748 1408 sacerdotes,
1775 1369 1862 1402 dum
1883 1374 2060 1403 steterunt
2077 1368 2115 1402 in
2132 1368 2253 1402 medio
2269 1365 2346 1401 Ior-

1340 1424 1433 1456 dane
1444 1449 1453 1463 ‚
1481 1433 1574 1467 aqua
1591 1420 1758 1465 superior
1772 1419 1932 1454 fluminis
1947 1421 2074 1464 procul
2089 1420 2257 1460 collecta,
2284 1420 2346 1452 de-

1339 1474 1434 1514 labi,
1463 1480 1496 1506 et
1513 1484 1642 1505 nocere
1659 1471 1834 1504 Hebraeis
1850 1483 1925 1504 non
1944 1470 2074 1516 potuit.
2112 1471 2164 1505 Ita
2181 1469 2345 1506 Christus

1339 1525 1455 1558 victor
1470 1524 1597 1558 mortis
1615 1529 1649 1556 et
1663 1523 1811 1563 diaboli,
1837 1520 1905 1555 hoc
1921 1523 1999 1567 ipso
2016 1523 2054 1556 in
2069 1523 2150 1557 loco
2167 1521 2347 1568 baptizari

1340 1577 1475 1616 xoluit‚
1510 1588 1581 1621 quo
1609 1586 1690 1607 arca
1719 1574 1781 1607 illa
1804 1574 1959 1608 foederis
1985 1581 2152 1616 steterat,
2187 1580 2222 1608 et
2237 1586 2345 1620 saepe

1339 1635 1463 1674 postea
1489 1627 1594 1660 circa
1607 1624 1695 1659 haec
1716 1627 1843 1677 eadem
1859 1626 1937 1659 loca
1957 1633 2118 1661 versatus
2136 1632 2206 1667 est,
2234 1626 2344 1660 etiam

1338 1680 1448 1726 paulo
1475 1685 1557 1712 ante
1584 1673 1788 1723 passionem
1811 1690 1931 1719 suam,
1957 1684 1998 1712 ut
2022 1685 2123 1724 patet
2142 1691 2184 1712 ex
2202 1678 2343 1712 decimo

1339 1732 1456 1777 capite
1479 1728 1671 1769 Iohannis,
1707 1736 1747 1763 ut
1773 1728 2010 1774 significaret,
2037 1743 2074 1765 se
2097 1730 2206 1765 simili
2231 1731 2342 1764 modo

1338 1785 1589 1818 traducturum
1625 1794 1698 1816 esse
1733 1793 1835 1815 suam
1862 1781 2058 1816 Ecclesiam
2093 1795 2158 1828 per
2185 1782 2343 1816 mediam

1339 1842 1514 1876 mortem,
1552 1841 1586 1868 et
1619 1834 1782 1878 ingentes
1809 1831 1916 1868 huius
1940 1833 2034 1868 vitae
2059 1846 2270 1875 aerumnas,
2304 1833 2344 1867 in

1338 1895 1473 1922 terram
1492 1886 1730 1932 promissam,
1764 1883 1834 1918 hoc
1852 1891 1922 1925 est,
1957 1885 1995 1918 in
2013 1886 2126 1919 vitam
2146 1892 2344 1920 aeternam.

1443 1939 1582 1973 Rursus
1598 1938 1627 1972 si
1646 1937 1804 1972 eiusdem
1822 1936 1981 1970 mirandi
1997 1937 2171 1972 transitus
2186 1949 2251 1983 per
2268 1934 2345 1971 Ior-

1340 1992 1492 2031 danem,
1521 1991 1672 2024 alteram
1690 2001 1835 2035 quoque
1854 1988 2176 2030 circumstantiam,
2203 1995 2345 2034 tempus

1340 2043 1517 2083 videlicet,
1540 2041 1756 2081 consideres,
1784 2040 1921 2074 videbis
1937 2039 2055 2075 adhuc
2072 2041 2202 2076 clarius
2218 2047 2346 2086 poten-

1340 2094 1426 2127 tiam
1461 2101 1495 2128 et
1527 2094 1726 2127 bonitatem
1752 2091 1822 2125 Dei
1848 2089 1914 2126 hac
1941 2093 2049 2126 etiam
2075 2093 2345 2128 circumstantia

1340 2146 1523 2181 illustrari.
1558 2145 1727 2190 Legimus
1744 2144 1840 2177 enim
1858 2145 2033 2189 populum
2050 2146 2255 2179 traductum
2271 2156 2345 2179 esse

1341 2198 1460 2243 primo
1486 2210 1608 2232 mense
1633 2197 1720 2230 anni
1745 2195 1936 2237 Hebraici,
1964 2197 2048 2243 qui,
2074 2203 2115 2231 ut
2137 2197 2231 2230 infra
2252 2196 2346 2230 dice-

1341 2257 1420 2291 tur,
1449 2256 1573 2284 nostro
1597 2249 1717 2293 Aprili
1743 2254 1829 2282 tunc
1852 2249 1926 2282 fere
1950 2249 2214 2294 respondebat,
2247 2248 2347 2294 quod

1342 2309 1419 2336 erat
1436 2301 1558 2336 messis
1576 2301 1720 2335 initium
1733 2327 1741 2340 ‚
1770 2312 1842 2346 quo
1860 2307 2023 2345 tempore
2040 2299 2205 2335 Iordanis
2220 2299 2347 2335 solitus

1340 2354 1408 2388 fuit
1433 2353 1629 2400 quotannis
1654 2353 1702 2386 ita
1730 2352 1838 2396 pleno
1864 2353 1967 2386 alveo
1994 2352 2126 2393 fluere,
2159 2358 2200 2386 ut
2221 2352 2346 2385 ambas

1342 2406 1439 2451 ripas
1457 2417 1532 2439 non
1546 2405 1714 2450 impleret
1730 2404 1846 2439 solum
1858 2431 1868 2446 ‚
1895 2405 1956 2438 sed
1974 2405 2083 2438 etiam
2104 2404 2346 2449 egrederetur.

1343 2458 1452 2503 Quod
1487 2457 1604 2502 ipsum
1640 2457 1782 2491 videtur
1816 2456 1996 2501 singulare
2030 2456 2100 2490 Dei
2131 2455 2346 2489 beneficium

1341 2510 1468 2550 fuisse,
1497 2509 1560 2555 qui
1583 2507 1649 2542 hac
1673 2509 1916 2543 exundatione
1940 2507 2123 2549 Iordanis,
2151 2520 2216 2542 ceu
2238 2518 2346 2541 muro

1343 2568 1378 2596 et
1396 2561 1490 2595 vallo
1507 2561 1703 2607 quotannis
1721 2561 1862 2595 munire
1882 2561 1997 2594 voluit
2018 2560 2079 2593 illa
2100 2560 2178 2594 loca
2203 2558 2348 2592 fertilis-

1342 2614 1430 2648 sima
1444 2640 1453 2653 ,
1488 2613 1708 2647 continentia
1741 2612 1960 2657 singularem
1984 2612 2086 2646 illum
2109 2618 2144 2646 et
2167 2609 2348 2645 nobilissi-

1379 2730 1410 2762 2)
1431 2731 1527 2759 situm]
1548 2731 1596 2755 Ed.
1616 2733 1637 2755 1.
1659 2733 1717 2762 typ.
1739 2737 1850 2755 errore:
1877 2732 1932 2754 tum
