2421 3037
273 96 350 133 775
914 93 1278 130 ADDITAMENTA

272 184 456 218 Funderet
496 184 553 215 illa
600 194 751 221 sonum,
795 192 1014 227 carmenque
1049 182 1200 216 referret
1235 184 1281 216 ad

902 245 1019 266 auras.

272 288 389 321 Parva
410 284 498 318 mihi
516 297 584 317 vox
602 291 672 324 est,
701 284 805 329 parvi
827 284 903 318 sine
921 285 1058 318 viribus
1079 291 1190 325 artus,

273 338 313 372 In
329 338 482 373 statione
499 349 575 370 mea
596 337 769 369 mandato
789 349 938 370 munere
957 337 1089 381 fungor

274 391 348 423 Ora
369 389 437 422 Dei
454 389 551 423 iussu
567 389 709 422 solvens
723 415 732 428 ,
761 395 997 434 teneramque
1014 389 1142 422 laboro

272 442 488 486 Progeniem
510 441 695 486 antiquam
713 441 778 474 sub
794 440 982 485 relligione
1000 441 1093 473 tueri

273 493 376 539 Quae
396 493 517 538 potui,
545 493 631 533 feci,
661 492 823 526 commisi
845 499 984 526 caetera
1003 492 1107 526 divis.

273 545 343 580 Sed
370 545 499 590 passim
525 551 578 578 tot
604 551 766 578 monstra
797 545 893 585 fera,
931 546 1203 589 obscoenaeque
1220 556 1282 577 vo-

907 597 1022 630 lucres

273 648 457 682 Intentant
474 655 650 689 mortem,
680 661 744 681 nec
764 661 856 694 quae
876 649 921 683 sit
939 660 1045 682 causa
1067 647 1244 688 videmus,

273 701 454 735 Omnibus
471 701 575 734 invisi
592 701 718 735 vitales
737 700 918 745 carpimus
936 712 1053 734 auras.

273 753 389 798 Saepe
407 751 497 786 mihi
513 753 700 787 scrobibus
717 753 861 786 fraudes
881 764 1035 796 posuere
1056 751 1204 791 cavatis,

274 805 388 850 Saepe
406 806 471 839 sub
486 805 631 838 exitium
652 805 804 849 (lapibus
823 811 963 837 traxere
980 803 1146 848 repostis.

274 857 343 891 Sed
364 856 460 891 Deus
479 864 549 897 est,
580 857 634 890 cui
651 863 750 901 grata
772 869 862 889 cano
876 884 885 897 ,
914 862 1122 901 sortemque
1148 855 1283 889 laboris

274 908 450 954 Impendo
464 937 473 949 ,
502 916 535 942 et
554 915 698 943 teneros
717 910 829 942 educo
848 909 883 941 in
902 920 1011 951 regna
1030 913 1193 951 nepotes,

274 960 336 995 Ille
354 974 451 995 meas
467 973 638 1005 superare
658 973 779 1005 preces
791 987 799 1000 ‚
828 966 868 993 ut
885 960 1020 999 cernis,
1049 966 1084 992 et
1100 959 1217 1003 ipsum

274 1012 416 1047 Ludere
435 1025 526 1059 quae
547 1019 710 1057 poteram
730 1012 838 1057 sylvis
861 1011 1025 1056 permisit
1048 1010 1211 1045 amoenis
1226 1009 1284 1056 12).

274 1064 336 1099 Ille
353 1065 439 1110 tegit
457 1065 587 1104 iustos,
616 1064 667 1097 illi
685 1077 763 1097 mea
783 1064 943 1096 carmina
969 1076 1088 1097 curae.

275 1117 359 1152 Non
377 1115 465 1150 mihi
482 1129 562 1151 cum
581 1116 724 1150 Cuculis
741 1117 777 1149 in
795 1117 940 1149 foedere
960 1115 1075 1160 gratia
1095 1121 1246 1149 constat.

274 1169 349 1204 Nec
365 1181 442 1202 mea
463 1170 504 1201 ad
527 1169 702 1202 immanes
720 1180 936 1212 componam
959 1173 1102 1211 guttura
1123 1179 1239 1201 voces.

274 1220 464 1266 Ipsitmore
484 1233 548 1255 suo
567 1221 699 1254 feriant
716 1220 947 1264 clangoribus
967 1231 1108 1259 auram,

274 1274 323 1308 At
339 1271 428 1306 mihi
446 1273 664 1319 tranquillae
681 1273 846 1317 placeant
864 1278 947 1305 ante
965 1271 1087 1304 omnia
1107 1270 1245 1305 Musae.

275 1325 309 1359 O
328 1323 417 1359 mihi
434 1325 462 1359 si
480 1326 620 1359 tumulo
640 1332 714 1358 tum
736 1325 893 1358 molliter
912 1336 989 1358 ossa
1011 1323 1206 1369 quiescent,

275 1377 313 1412 Si
328 1390 460 1423 purum
480 1377 621 1422 pietatis
640 1390 730 1422 opus
748 1388 945 1422 pacemque
964 1376 1143 1420 relinquo.

274 1429 338 1465 Vis
355 1442 439 1475 ergo
461 1430 555 1463 inter
573 1442 639 1463 nos
659 1429 745 1475 quid
765 1429 876 1474 possit
894 1435 1046 1473 uterque
1065 1427 1219 1461 vicissim

275 1481 437 1516 Edamus
454 1481 654 1527 specimen,
683 1493 747 1526 per
764 1494 821 1514 me
840 1493 942 1514 niora
958 1492 1034 1513 non
1052 1480 1119 1512 erit
1140 1479 1226 1519 ulla,

275 1533 451 1580 Incipiat,
479 1535 660 1579 finemque
679 1540 803 1567 exacto
825 1533 984 1565 carmine
1007 1537 1143 1575 tangat.

275 1587 373 1620 Haec
391 1592 515 1619 contra
535 1585 671 1619 Cuculo
688 1585 811 1618 retulit
830 1586 999 1617 mandata
1018 1582 1175 1616 volucris

276 1638 480 1683 Singultum
498 1638 535 1670 in
555 1637 673 1671 dumis
692 1637 798 1671 solito
816 1638 859 1670 de
881 1648 982 1669 more
1001 1635 1156 1668 canenti.

277 1691 372 1725 Tum
393 1703 428 1725 se
445 1690 597 1736 quisque
614 1689 683 1722 fori
702 1701 846 1723 rursum
865 1700 882 1721 e
900 1688 1054 1721 statione
1072 1686 1252 1725 movebat,

275 1743 366 1777 Fata
386 1743 529 1776 obstant
549 1742 715 1787 viresque
734 1747 867 1785 negant
885 1739 1050 1783 incoepta
1071 1739 1258 1772 secundas.

275 1796 344 1830 Sed
362 1795 447 1841 quid
467 1793 602 1839 agunt?
630 1793 698 1827 illis
714 1793 765 1826 nil
779 1793 944 1839 linquere
960 1791 1071 1825 suasit
1090 1791 1270 1830 inausum,
1312 1802 1314 1815 ³

745 1845 837 1880 Nam
857 1844 949 1878 tanti
967 1844 1004 1876 in
1019 1842 1176 1876 foederis
1194 1842 1266 1875 ictu
1312 1838 1314 1854 ¹

277 1848 348 1882 Seu
363 1848 466 1880 dolus
484 1853 546 1880 aut
564 1846 689 1879 virtus.

276 1900 360 1935 Non
384 1911 515 1944 operae
537 1899 653 1943 parcit
671 1895 883 1937 Trochilus,
913 1908 1004 1942 quae
1022 1895 1175 1940 provida
1197 1894 1285 1928 coeli
1312 1906 1314 1928 ⁴,

276 1951 490 1996 Impendere
509 1951 628 1984 nivem
641 1976 651 1991 ‚
680 1949 806 1983 Cuculi
825 1961 917 1995 quae
937 1947 1099 1981 cantibus
1120 1947 1248 1987 obstet,

278 2004 414 2044 Sensit,
444 2010 478 2037 et
503 2001 587 2036 hinc
610 2003 759 2036 volvens
782 2015 844 2036 sua
869 2001 1054 2039 membra,
1082 1999 1286 2045 iterumque

906 2052 1095 2086 revolvens

278 2108 353 2143 Ora
375 2107 593 2142 volubilibus
608 2112 825 2152 contorquet
842 2104 992 2139 stridula
1009 2103 1145 2143 cannis,

279 2160 523 2206 Tinnitusque
542 2159 609 2192 ciet
627 2159 740 2192 lenes:
770 2170 833 2191 ceu
852 2159 999 2203 quando
1017 2156 1187 2200 magister

279 2213 446 2258 Torquet
466 2224 573 2256 agens
595 2212 727 2245 circum
748 2210 862 2244 luteas
882 2208 1057 2252 vertigine
1074 2214 1181 2242 testas

278 2264 455 2298 Levorem
475 2264 648 2297 inducens
667 2262 802 2308 speculi
823 2262 866 2294 de
886 2273 988 2294 more
1008 2259 1168 2294 nitentis.

357 2319 474 2363 Atque
491 2315 545 2350 his
563 2323 669 2361 atque
688 2315 767 2348 aliis
787 2314 932 2347 innoxia
954 2313 1117 2346 cantibus
1136 2311 1208 2344 ales

279 2370 485 2409 Tundstur,
516 2376 549 2402 et
565 2380 668 2402 voces
685 2366 836 2412 (ἰὴ-(1513)
853 2365 1051 2399 tractabilis
1070 2364 1182 2398 audit.

278 2422 383 2456 Mens
401 2421 594 2466 tranquilla
614 2426 756 2459 manet,
785 2430 860 2451 non
879 2418 961 2452 ullis
982 2417 1039 2450 illa
1060 2421 1228 2449 movetur

225 2502 233 2513 .
279 2474 422 2513 lctibus,
448 2470 543 2506 haud
563 2472 683 2506 avium
701 2473 779 2505 fora
799 2483 863 2503 nec
881 2470 1005 2503 rabida
1027 2480 1091 2501 ora
1111 2474 1287 2501 moratur.

356 2526 402 2559 Et
415 2525 486 2558 iam
506 2525 586 2557 finis
601 2531 695 2563 erat,
723 2530 916 2568 postquam
935 2520 1112 2556 sententia
1132 2520 1203 2552 lata
1225 2525 1288 2559 est,

281 2579 383 2624 Quae
400 2576 507 2612 rostri
527 2589 592 2622 pro
612 2577 687 2620 lege
706 2576 761 2610 sui
781 2586 998 2619 componere
1018 2584 1141 2606 vocem

317 2673 364 2701 12)
384 2672 435 2696 Ille
454 2685 488 2688 —
507 2684 541 2688 -—-
561 2667 694 2701 amoenis]
722 2669 756 2693 Hi
781 2669 834 2693 duo
854 2674 957 2692 versus
977 2667 1004 2691 iu
1024 2667 1072 2690 Ed.
1089 2667 1114 2692 2.
1134 2671 1188 2690 non
1209 2665 1289 2690 inve-

350 2707 472 2731 niuntur.

322 2748 367 2780 13)
387 2749 479 2778 diras]
500 2748 541 2773 sic
560 2748 611 2772 Ed.
627 2748 668 2777 1.;
693 2746 743 2771 Ed.
759 2746 784 2770 2.
803 2745 888 2770 duras

1305 95 1372 131 AD
1400 95 1544 131 VOLL.
1573 95 1698 132 l—X.
2263 99 2340 134 776

1334 180 1513 227 Imperat,
1541 189 1580 217 ut
1598 183 1686 217 fissIs
1704 183 1907 218 didicerunt
1929 183 2088 217 carmina
2108 184 2251 229 linguis.

1335 234 1416 267 Sint
1432 234 1508 267 vice
1526 235 1680 279 suggesti
1701 235 1819 269 Corvo
1838 236 1994 269 crudelia
2019 235 2115 280 tigna

1335 285 1534 319 Furcarum
1547 313 1556 327 ,
1587 293 1694 332 atque
1712 287 1781 320 illic
1797 288 1920 331 generi
1938 289 1998 320 det
2015 287 2091 320 iura
2111 290 2246 333 rapaci.

1336 337 1494 372 Stridula
1514 339 1712 382 porticibus
1730 339 1837 372 iactet
1853 352 1888 373 se
1907 340 2047 373 Noctua
2067 341 2186 381 vastis,

1337 389 1467 434 Stagna
1507 390 1601 423 colat
1631 390 1792 424 Merulae
1829 404 1959 435 genus,
2002 397 2036 424 et
2071 392 2161 425 vada
2199 393 2343 426 coerula

1968 443 2082 488 ponti.

1336 492 1501 527 Plaustra
1522 499 1663 538 premat
1679 493 1822 534 Gallus,
1851 494 1975 539 spoliis
1993 500 2130 528 armata
2149 495 2319 536 cruentis,

1335 543 1409 578 Aut
1425 545 1486 578 ubi
1505 545 1613 579 cortis
1632 558 1714 579 aves
1731 546 1846 580 foetus
1862 546 1899 579 in
1923 546 2081 580 cratibus
2100 548 2222 588 edunt,

1337 596 1427 630 Cum
1444 595 1612 642 Scythiae
1632 598 1776 642 populis
1797 597 1895 631 ineat
1913 598 2108 631 certamina
2128 597 2307 645 Gryphes‚

1336 648 1382 681 Et
1400 655 1509 682 cesset
1527 656 1648 693 putres
1667 650 1793 683 avibus
1812 662 2032 694 componere
2050 650 2176 694 pisces,

1337 700 1410 734 Nec
1429 700 1616 734 volucrum
1635 708 1745 735 certet
1762 701 1894 746 linguis
1910 702 2008 735 velut
2026 702 2166 736 aemula
2184 714 2287 736 rana.

1338 752 1441 798 Quae
1464 765 1544 786 cum
1572 753 1617 787 sit
1642 754 1707 787 sub
1732 766 1846 799 aqua,
1875 754 1940 788 sub
1966 766 2059 799 aqua
2084 754 2271 788 maledicta
2291 766 2346 787 re-

1963 806 2094 840 fundit.

1441 856 1509 889 Sed
1528 859 1646 890 sedem
1671 857 1705 888 in
1725 857 1800 889 tilia
1820 864 1940 890 teneat
1956 857 2128 902 Fringilla
2151 858 2296 898 virenti,

1338 907 1494 942 Saltibus
1514 909 1548 940 in
1565 908 1724 955 laetisffl)
1742 909 1869 941 Aedon
1882 936 1891 948 ,
1920 908 2056 943 Cassita
2074 910 2139 942 sub
2157 911 2252 944 arvis
2263 909 2322 955 15),

1339 959 1499 993 Collibus
1516 967 1550 993 et
1567 961 1679 994 dulcis
1696 961 1770 993 vini
1791 961 1950 994 cantillet
1967 959 2141 995 Acanthis
2150 960 2208 1005 ¹⁶),

1338 1011 1464 1045 Donec
1483 1019 1623 1056 tempus
1642 1013 1709 1045 erit
1729 1026 1800 1058 quo
1821 1019 1966 1046 corruat
1982 1014 2093 1046 ardua
2114 1012 2205 1046 coeli

1340 1062 1529 1104 Machina,
1559 1065 1820 1110 complexuque
1848 1072 1991 1109 premat
2014 1077 2127 1109 genus
2150 1075 2258 1098 omne
2284 1075 2346 1096 vo-

1968 1117 2121 1150 lucrum.

1309 1178 1312 1225 ]
1408 1183 1566 1206 Strobelius
1593 1182 1620 1206 in
1646 1183 1743 1206 ultima
1767 1189 1829 1214 pag.
1849 1183 1985 1207 Editionis
2008 1185 2030 1207 1.
2052 1183 2086 1207 ad
2109 1184 2159 1207 hoc
2178 1187 2291 1207 carmen
2311 1181 2347 1205 il-

1308 1227 1312 1262 »Ι
1338 1218 1514 1241 lustrandum
1534 1218 1603 1241 hanc
1622 1217 1713 1241 avium
1735 1217 1996 1248 interpretationem
2015 1218 2184 1247 adscripsit:

1445 1260 1578 1284 Acanthis
1594 1260 1772 1288 (carduelis)
1793 1260 1936 1288 Stigelius.
1955 1273 1990 1277 -
2008 1260 2118 1284 Alauda
2130 1258 2293 1283 Mathesius.
2314 1269 2348 1275 —

1444 1296 1518 1319 Buho
1539 1295 1663 1318 Stolzius
1685 1296 1831 1325 superbus.
1868 1308 1902 1311 —
1939 1295 2074 1319 Columba
2093 1295 2202 1318 Meuius
2221 1293 2348 1324 (Verge-

1443 1330 1520 1358 rius,
1548 1331 1674 1355 Eberns,
1699 1331 1885 1360 Languetus).
1917 1343 1951 1346 —
1988 1330 2115 1354 Curruca
2134 1329 2220 1354 Acad.
2239 1328 2347 1353 Witeb.

1310 1360 1313 1387 l
1443 1377 1476 1382 -
1497 1364 1606 1388 Corvus
1620 1364 1742 1389 Gabriel.
1762 1377 1796 1382 —-
1823 1365 1944 1389 cuculus
1961 1365 2080 1388 Flacius.
2099 1377 2134 1381 —-
2158 1364 2276 1394 Cygnus
2290 1363 2348 1386 Lu-

1311 1415 1313 1429 ,
1444 1400 1550 1423 therus.
1576 1413 1610 1416 —
1639 1399 1723 1428 Espis
1744 1399 1857 1423 Paulus.
1884 1412 1918 1415 —
1945 1399 2085 1429 Fringilla
2104 1397 2293 1423 Camerarius,
2313 1409 2348 1415 —-

1311 1462 1313 1464 .
1444 1434 1559 1458 Fulicae
1578 1438 1657 1457 trans
1673 1439 1749 1457 mare
1765 1434 1868 1463 templa
1882 1434 1990 1457 notant.
2010 1446 2045 1449 —
2071 1434 2171 1457 Gallus
2186 1433 2295 1457 GalluS.
2315 1443 2349 1447 —

1312 1472 1313 1500 l
1443 1470 1558 1497 Mergus
1573 1469 1701 1492 Moerlin.
1721 1481 1755 1485 —
1774 1469 1884 1492 Merula
1897 1468 2082 1493 Amsdorfius.
2101 1481 2135 1484 —-
2154 1468 2266 1497 Merops
2280 1466 2347 1491 Wi-

1444 1503 1552 1533 gandus
1574 1503 1734 1531 (Moerlin).
1760 1516 1794 1519 —
1830 1503 1978 1527 Monedula
1997 1503 2171 1526 Defensores
2194 1501 2294 1526 cuculi.
2314 1512 2349 1517 --

1311 1526 1314 1566 l
1444 1538 1596 1561 Philomela
1622 1538 1691 1562 Phil.
1718 1538 1782 1561 Mel.
1812 1551 1845 1554 —
1882 1537 2004 1560 Phoenix
2030 1537 2183 1560 Fabricius.
2213 1549 2248 1553 —
2283 1535 2348 1558 Pica

1445 1573 1592 1597 sarcerius
1609 1573 1749 1603 (strigel.,
1768 1572 1942 1599 Aurifaber).
1962 1585 1996 1588 —
2021 1572 2166 1595 Trochilus
2179 1571 2347 1601 ChytraeuS.

1445 1607 1552 1630 Turdus
1569 1607 1732 1633 Ain-isaber,
1759 1606 1795 1629 10.
1817 1607 1970 1637 (schnepf,
1990 1607 2167 1634 Sarcerius),
2191 1618 2226 1622 -
2257 1604 2348 1628 Volu-

1444 1641 1500 1665 cris
1522 1642 1609 1671 picta,
1635 1642 1784 1672 garrulus,
1808 1641 1954 1672 Retingus.
1975 1653 2008 1657 -—
2040 1641 2127 1665 Vireo
2146 1640 2296 1665 Borarius.
2314 1651 2349 1656 —-

1444 1677 1533 1706 Mergi
1551 1677 1704 1706 falic-aeque
1718 1676 1852 1704 marinae,
1868 1676 1998 1700 saxonici
2011 1676 2235 1705 concionatores,
2252 1674 2347 1699 Hamb.

1444 1712 1544 1734 Luhec.
1560 1711 1692 1736 uanseut.
1712 1724 1746 1727 -
1767 1711 1873 1735 Noctua
1889 1711 2022 1735 Stolzius.
2043 1726 2076 1730 —
2095 1711 2238 1741 Gryphes‚
2256 1709 2349 1733 Boch-

1445 1746 1563 1769 lizensis
1583 1746 1731 1777 Magister.

1374 1844 1430 1872 No.
1454 1841 1484 1871 5.
2135 1850 2183 1869 an.
2209 1838 2328 1870 1552?

1313 1890 1314 1893 ,
1348 1883 1519 1896 ΨΜ
2129 1882 2343 1898 Μ

1411 1927 1439 1950 ln
1460 1926 1583 1951 eiusdem
1604 1926 1691 1950 libelli
1711 1929 1829 1957 utraque
1849 1926 1898 1950 Ed.
1919 1926 1996 1949 illam
2012 1926 2156 1956 Synodum
2173 1926 2264 1950 avium
2281 1926 2349 1950 sub-

1312 1964 1314 1996 }
1445 1964 1598 1991 sequuntur
1625 1962 1677 1985 duo
1703 1962 1826 1985 carmina
1849 1967 2006 1991 anonyma:
2041 1960 2169 1989 ldyllion
2195 1961 2229 1985 de
2247 1961 2349 1986 Philo-

1444 1997 1520 2020 mela
1546 1999 1573 2020 et
1596 1997 1702 2029 Elegia
1728 1997 1762 2021 de
1788 1997 1945 2028 staphyle,
1976 2001 2047 2026 quae
2073 1996 2139 2019 item
2164 1996 2351 2020 Melanthonis

1446 2038 1511 2055 esse
1530 2032 1668 2056 videntur.

1561 2101 1763 2144 ldyllz‘on
1798 2103 1843 2135 de
1875 2101 2127 2135 Philomela.

1312 2188 1314 2198 ·
1340 2170 1412 2204 Ver
1430 2177 1526 2211 erat,
1553 2177 1588 2203 et
1603 2171 1720 2203 lenem
1741 2171 1920 2204 meditans
1937 2170 2122 2215 spatiabar
2138 2171 2183 2203 ad
2198 2170 2334 2211 Albim,

1393 2222 1467 2257 Ore
1482 2223 1567 2256 facit
1584 2223 1704 2256 dulces
1721 2236 1791 2269 qua
1810 2220 1917 2256 Philo
1936 2222 2030 2256 Mela
2048 2234 2167 2256 sonos.

1313 2305 1314 2325 3
1341 2275 1443 2321 Quae
1454 2281 1629 2321 quantum
1647 2275 1795 2321 reliquis
1805 2281 1964 2320 praestat
1979 2274 2228 2307 moderamine
2239 2273 2349 2314 vocis,

1391 2327 1569 2372 Respecto
1591 2327 1738 2373 reliquis
1756 2334 1828 2361 tam
1850 2327 1940 2361 solet
1965 2339 2038 2360 esse
2054 2326 2187 2360 minor.

1340 2379 1437 2413 Haec
1458 2380 1555 2413 sedet
1578 2379 1780 2414 insomnem
1800 2386 1908 2413 cantu
1924 2379 2037 2412 solata
2055 2378 2231 2417 laborem,

1392 2430 1534 2464 Laudat
1552 2437 1585 2465 et
1602 2431 1639 2464 in
1655 2444 1758 2465 ramo
1774 2438 1875 2477 grata
1897 2431 2037 2464 virente
2054 2429 2184 2464 Deum.

1312 2499 1315 2528 ᾖ
1340 2482 1462 2529 thue
1479 2484 1641 2517 animum
1662 2484 1781 2529 coepit
1799 2483 1896 2517 vocis
1914 2483 2070 2516 mulcere
2089 2486 2269 2521 venustas,

1312 2529 1315 2555 ἶ
1392 2535 1510 2569 Miror
1525 2542 1559 2569 et
1576 2543 1723 2581 argutos
1741 2543 1775 2569 et
1795 2536 1870 2570 sine
1887 2535 1966 2568 felle
1983 2546 2108 2568 sonos:

1378 2654 1424 2681 14)
1444 2653 1567 2677 Saltibus
1586 2652 1612 2676 in
1633 2652 1733 2681 laetis]
1752 2651 1792 2676 sic
1812 2652 1860 2676 Ed.
1873 2651 1918 2681 2.;
1945 2650 2029 2677 Ed.1.
2049 2649 2189 2674 Montibus
2208 2648 2235 2673 in
2255 2647 2345 2673 niveis

1378 2698 1424 2725 15)
1445 2698 1495 2721 sub
1514 2697 1615 2726 arvis,]
1641 2697 1682 2720 sic
1700 2696 1749 2720 Ed.
1764 2696 1806 2725 2.;
1832 2696 1881 2720 Ed.
1900 2697 1920 2718 l.
1943 2694 2066 2720 Sudetis,

1385 2741 1431 2769 16)
1451 2741 1501 2764 liic
1520 2747 1622 2764 versus
1642 2739 1779 2763 Editionis
1800 2739 1821 2762 1.
1843 2738 1869 2762 in
1889 2738 1939 2763 Ed.
1953 2737 1978 2762 2.
1999 2738 2086 2761 deest.
