<?xml version="1.0" encoding="UTF-8"?>
<!DOCTYPE html PUBLIC "-//W3C//DTD XHTML 1.0 Transitional//EN"
    "http://www.w3.org/TR/xhtml1/DTD/xhtml1-transitional.dtd">
<html xmlns="http://www.w3.org/1999/xhtml" xml:lang="en" lang="en">
 <head>
  <title>
</title>
<meta http-equiv="Content-Type" content="text/html;charset=utf-8" />
  <meta name='ocr-system' content='tesseract 3.04.00' />
  <meta name='ocr-capabilities' content='ocr_page ocr_carea ocr_par ocr_line ocrx_word'/>
</head>
<body>
  <div class='ocr_page' id='page_1' title='image "./operaquaesupersu20melauoft/operaquaesupersu20melauoft_0055.png"; bbox 0 0 2389 3037; ppageno 0'>
   <div class='ocr_carea' id='block_1_1' title="bbox 59 128 312 253">
    <p class='ocr_par' dir='ltr' id='par_1_1' title="bbox 59 128 312 253">
     <span class='ocr_line' id='line_1_1' title="bbox 59 128 109 165; baseline -0.02 0"><span class='ocrx_word' id='word_1_1' title='bbox 59 128 109 165; x_wconf 82' lang='lat'>85</span> 
     </span>
     <span class='ocr_line' id='line_1_2' title="bbox 162 215 312 253; baseline 0 -4"><span class='ocrx_word' id='word_1_2' title='bbox 162 215 291 249; x_wconf 79' lang='lat' dir='ltr'>Modos</span> <span class='ocrx_word' id='word_1_3' title='bbox 304 243 312 253; x_wconf 86' lang='lat'>,</span> 
     </span>
    </p>
   </div>
   <div class='ocr_carea' id='block_1_2' title="bbox 60 268 170 301">
    <p class='ocr_par' dir='ltr' id='par_1_2' title="bbox 60 268 170 301">
     <span class='ocr_line' id='line_1_3' title="bbox 60 268 170 301; baseline 0.009 -1"><span class='ocrx_word' id='word_1_4' title='bbox 60 268 170 301; x_wconf 84' lang='lat' dir='ltr'>vahis.</span> 
     </span>
    </p>
   </div>
   <div class='ocr_carea' id='block_1_3' title="bbox 367 212 1089 288">
    <p class='ocr_par' dir='ltr' id='par_1_3' title="bbox 367 212 1089 288">
     <span class='ocr_line' id='line_1_4' title="bbox 367 212 1089 288; baseline -0.008 -40"><span class='ocrx_word' id='word_1_5' title='bbox 367 215 563 250; x_wconf 79' lang='lat' dir='ltr'>Personas.</span> <span class='ocrx_word' id='word_1_6' title='bbox 619 213 798 247; x_wconf 76' lang='lat' dir='ltr'><strong>Numeros</strong></span> <span class='ocrx_word' id='word_1_7' title='bbox 835 213 908 256; x_wconf 90' lang='lat' dir='ltr'>ipse</span> <span class='ocrx_word' id='word_1_8' title='bbox 937 212 1058 245; x_wconf 78' lang='lat' dir='ltr'>obser·</span> <span class='ocrx_word' id='word_1_9' title='bbox 1084 236 1089 288; x_wconf 66' lang='grc' dir='ltr'>Ι</span> 
     </span>
    </p>
   </div>
   <div class='ocr_carea' id='block_1_4' title="bbox 412 352 706 396">
    <p class='ocr_par' dir='ltr' id='par_1_4' title="bbox 412 352 706 396">
     <span class='ocr_line' id='line_1_5' title="bbox 412 352 706 396; baseline -0.003 -10"><span class='ocrx_word' id='word_1_10' title='bbox 412 352 706 396; x_wconf 76' lang='lat' dir='ltr'>Coniugatio.</span> 
     </span>
    </p>
   </div>
   <div class='ocr_carea' id='block_1_5' title="bbox 44 419 1084 933">
    <p class='ocr_par' dir='ltr' id='par_1_5' title="bbox 44 419 1084 933">
     <span class='ocr_line' id='line_1_6' title="bbox 44 419 1057 466; baseline -0.003 -12"><span class='ocrx_word' id='word_1_11' title='bbox 44 463 47 466; x_wconf 30' lang='lat'><em>-</em></span> <span class='ocrx_word' id='word_1_12' title='bbox 161 419 348 454; x_wconf 85' lang='lat' dir='ltr'>Diatbeses</span> <span class='ocrx_word' id='word_1_13' title='bbox 367 421 560 453; x_wconf 85' lang='lat' dir='ltr'>verborum</span> <span class='ocrx_word' id='word_1_14' title='bbox 580 427 651 453; x_wconf 87' lang='lat' dir='ltr'>tres</span> <span class='ocrx_word' id='word_1_15' title='bbox 673 426 755 453; x_wconf 88' lang='lat' dir='ltr'>sunt</span> <span class='ocrx_word' id='word_1_16' title='bbox 775 432 824 459; x_wconf 86' lang='grc' dir='ltr'><em>ω,</em></span> <span class='ocrx_word' id='word_1_17' title='bbox 850 431 919 463; x_wconf 83' lang='grc' dir='ltr'>μαι</span> <span class='ocrx_word' id='word_1_18' title='bbox 946 420 1057 463; x_wconf 87' lang='lat' dir='ltr'>passi-</span> 
     </span>
     <span class='ocr_line' id='line_1_7' title="bbox 58 469 1057 516; baseline -0.004 -9"><span class='ocrx_word' id='word_1_19' title='bbox 58 486 160 513; x_wconf 90' lang='lat' dir='ltr'>vum,</span> <span class='ocrx_word' id='word_1_20' title='bbox 188 485 256 516; x_wconf 76' lang='grc' dir='ltr'>Ιααι</span> <span class='ocrx_word' id='word_1_21' title='bbox 277 473 446 506; x_wconf 85' lang='lat' dir='ltr'>medium.</span> <span class='ocrx_word' id='word_1_22' title='bbox 502 472 555 505; x_wconf 86' lang='lat' dir='ltr'>Ex</span> <span class='ocrx_word' id='word_1_23' title='bbox 577 469 730 505; x_wconf 87' lang='lat' dir='ltr'>diathesi</span> <span class='ocrx_word' id='word_1_24' title='bbox 753 484 783 505; x_wconf 87' lang='lat' dir='ltr'><strong><em>w</em></strong></span> <span class='ocrx_word' id='word_1_25' title='bbox 809 471 968 516; x_wconf 84' lang='lat' dir='ltr'>reliquae</span> <span class='ocrx_word' id='word_1_26' title='bbox 994 483 1057 504; x_wconf 87' lang='lat' dir='ltr'>na-</span> 
     </span>
     <span class='ocr_line' id='line_1_8' title="bbox 56 522 1054 570; baseline -0.002 -12"><span class='ocrx_word' id='word_1_27' title='bbox 56 531 216 564; x_wconf 86' lang='lat' dir='ltr'>scuntur,</span> <span class='ocrx_word' id='word_1_28' title='bbox 244 531 467 570; x_wconf 88' lang='lat' dir='ltr'>quapropter</span> <span class='ocrx_word' id='word_1_29' title='bbox 485 524 584 558; x_wconf 83' lang='lat' dir='ltr'>cuius</span> <span class='ocrx_word' id='word_1_30' title='bbox 603 523 740 556; x_wconf 78' lang='lat' dir='ltr'>ordinis</span> <span class='ocrx_word' id='word_1_31' title='bbox 757 522 1054 566; x_wconf 82' lang='lat' dir='ltr'>coniugationuin</span> 
     </span>
     <span class='ocr_line' id='line_1_9' title="bbox 56 575 1053 621; baseline -0.003 -10"><span class='ocrx_word' id='word_1_32' title='bbox 56 583 173 617; x_wconf 83' lang='lat' dir='ltr'>west,</span> <span class='ocrx_word' id='word_1_33' title='bbox 203 576 360 610; x_wconf 84' lang='lat' dir='ltr'>eiusdem</span> <span class='ocrx_word' id='word_1_34' title='bbox 379 583 413 610; x_wconf 87' lang='lat' dir='ltr'>et</span> <span class='ocrx_word' id='word_1_35' title='bbox 438 577 579 621; x_wconf 82' lang='lat' dir='ltr'>passiva</span> <span class='ocrx_word' id='word_1_36' title='bbox 606 582 641 608; x_wconf 86' lang='lat' dir='ltr'>et</span> <span class='ocrx_word' id='word_1_37' title='bbox 664 575 781 607; x_wconf 86' lang='lat' dir='ltr'>media</span> <span class='ocrx_word' id='word_1_38' title='bbox 806 580 902 608; x_wconf 84' lang='lat' dir='ltr'>sunt.</span> <span class='ocrx_word' id='word_1_39' title='bbox 961 575 1053 609; x_wconf 85' lang='lat' dir='ltr'>Nam</span> 
     </span>
     <span class='ocr_line' id='line_1_10' title="bbox 57 627 1055 673; baseline -0.001 -11"><span class='ocrx_word' id='word_1_40' title='bbox 57 641 75 662; x_wconf 84' lang='lat' dir='ltr'>a</span> <span class='ocrx_word' id='word_1_41' title='bbox 99 629 247 673; x_wconf 82' lang='lat' dir='ltr'>singulis</span> <span class='ocrx_word' id='word_1_42' title='bbox 272 629 397 662; x_wconf 79' lang='lat' dir='ltr'>activis</span> <span class='ocrx_word' id='word_1_43' title='bbox 422 629 539 661; x_wconf 81' lang='lat' dir='ltr'>media</span> <span class='ocrx_word' id='word_1_44' title='bbox 565 633 783 665; x_wconf 88' lang='lat' dir='ltr'>nascuntur,</span> <span class='ocrx_word' id='word_1_45' title='bbox 817 627 908 660; x_wconf 86' lang='lat' dir='ltr'>sicut</span> <span class='ocrx_word' id='word_1_46' title='bbox 926 633 959 659; x_wconf 88' lang='lat' dir='ltr'>et</span> <span class='ocrx_word' id='word_1_47' title='bbox 976 640 1055 671; x_wconf 84' lang='lat' dir='ltr'>pas-</span> 
     </span>
     <span class='ocr_line' id='line_1_11' title="bbox 55 676 1083 722; baseline -0.002 -8"><span class='ocrx_word' id='word_1_48' title='bbox 55 681 142 715; x_wconf 83' lang='lat' dir='ltr'>siva.</span> <span class='ocrx_word' id='word_1_49' title='bbox 209 678 392 714; x_wconf 86' lang='lat' dir='ltr'>Diathesis</span> <span class='ocrx_word' id='word_1_50' title='bbox 424 692 508 712; x_wconf 77' lang='lat' dir='ltr'>vcro</span> <span class='ocrx_word' id='word_1_51' title='bbox 543 679 657 712; x_wconf 86' lang='lat' dir='ltr'>activa</span> <span class='ocrx_word' id='word_1_52' title='bbox 692 678 823 722; x_wconf 88' lang='lat' dir='ltr'>triplici</span> <span class='ocrx_word' id='word_1_53' title='bbox 848 676 1054 712; x_wconf 74' lang='lat' dir='ltr'>charactere</span> <span class='ocrx_word' id='word_1_54' title='bbox 1082 692 1083 703; x_wconf 66' lang='lat'><em>³</em></span> 
     </span>
     <span class='ocr_line' id='line_1_12' title="bbox 55 727 1083 777; baseline -0.002 -11"><span class='ocrx_word' id='word_1_55' title='bbox 55 739 206 767; x_wconf 77' lang='lat' dir='ltr'>constat.</span> <span class='ocrx_word' id='word_1_56' title='bbox 259 732 332 766; x_wconf 86' lang='lat' dir='ltr'>Aut</span> <span class='ocrx_word' id='word_1_57' title='bbox 348 745 379 766; x_wconf 92' lang='grc' dir='ltr'><em>ω</em></span> <span class='ocrx_word' id='word_1_58' title='bbox 401 727 626 777; x_wconf 78' lang='grc' dir='ltr'><em>βαρυτόνῳ,</em></span> <span class='ocrx_word' id='word_1_59' title='bbox 663 730 698 763; x_wconf 87' lang='lat' dir='ltr'>id</span> <span class='ocrx_word' id='word_1_60' title='bbox 725 737 795 769; x_wconf 80' lang='lat' dir='ltr'>est,</span> <span class='ocrx_word' id='word_1_61' title='bbox 831 731 930 763; x_wconf 82' lang='lat' dir='ltr'>verbi</span> <span class='ocrx_word' id='word_1_62' title='bbox 957 732 1055 777; x_wconf 86' lang='lat' dir='ltr'>quod</span> <span class='ocrx_word' id='word_1_63' title='bbox 1082 740 1083 768; x_wconf 68' lang='lat'>1</span> 
     </span>
     <span class='ocr_line' id='line_1_13' title="bbox 54 781 1084 830; baseline -0.003 -12"><span class='ocrx_word' id='word_1_64' title='bbox 54 784 291 830; x_wconf 81' lang='lat' dir='ltr'>penultimam</span> <span class='ocrx_word' id='word_1_65' title='bbox 311 784 424 822; x_wconf 83' lang='lat' dir='ltr'>acuit,</span> <span class='ocrx_word' id='word_1_66' title='bbox 452 790 491 816; x_wconf 87' lang='lat' dir='ltr'>ut</span> <span class='ocrx_word' id='word_1_67' title='bbox 512 781 644 824; x_wconf 78' lang='grc' dir='ltr'><em>τιθέω,</em></span> <span class='ocrx_word' id='word_1_68' title='bbox 672 795 781 827; x_wconf 87' lang='lat' dir='ltr'>pono.</span> <span class='ocrx_word' id='word_1_69' title='bbox 843 783 917 816; x_wconf 85' lang='lat' dir='ltr'>Aut</span> <span class='ocrx_word' id='word_1_70' title='bbox 940 786 970 817; x_wconf 85' lang='grc' dir='ltr'>ῶ</span> <span class='ocrx_word' id='word_1_71' title='bbox 988 783 1056 816; x_wconf 86' lang='lat' dir='ltr'>cir·</span> <span class='ocrx_word' id='word_1_72' title='bbox 1081 783 1084 810; x_wconf 66' lang='lat'>2</span> 
     </span>
     <span class='ocr_line' id='line_1_14' title="bbox 55 834 1054 881; baseline 0.001 -12"><span class='ocrx_word' id='word_1_73' title='bbox 55 836 249 876; x_wconf 82' lang='lat' dir='ltr'>cumflexo,</span> <span class='ocrx_word' id='word_1_74' title='bbox 278 836 376 881; x_wconf 89' lang='lat' dir='ltr'>quod</span> <span class='ocrx_word' id='word_1_75' title='bbox 394 846 413 867; x_wconf 84' lang='lat' dir='ltr'>a</span> <span class='ocrx_word' id='word_1_76' title='bbox 435 835 621 880; x_wconf 84' lang='lat' dir='ltr'>barytonis</span> <span class='ocrx_word' id='word_1_77' title='bbox 631 834 662 878; x_wconf 88' lang='lat'>¹)</span> <span class='ocrx_word' id='word_1_78' title='bbox 680 835 838 868; x_wconf 84' lang='lat' dir='ltr'>nascitur</span> <span class='ocrx_word' id='word_1_79' title='bbox 851 862 859 874; x_wconf 92' lang='lat'>,</span> <span class='ocrx_word' id='word_1_80' title='bbox 888 842 927 868; x_wconf 88' lang='lat' dir='ltr'>ut</span> <span class='ocrx_word' id='word_1_81' title='bbox 942 835 1054 871; x_wconf 75' lang='grc' dir='ltr'>τιθῶ.</span> 
     </span>
     <span class='ocr_line' id='line_1_15' title="bbox 53 884 993 933; baseline 0.001 -12"><span class='ocrx_word' id='word_1_82' title='bbox 53 890 126 922; x_wconf 87' lang='lat' dir='ltr'>Aut</span> <span class='ocrx_word' id='word_1_83' title='bbox 141 900 204 932; x_wconf 86' lang='grc' dir='ltr'>μι,</span> <span class='ocrx_word' id='word_1_84' title='bbox 232 888 329 933; x_wconf 89' lang='lat' dir='ltr'>quod</span> <span class='ocrx_word' id='word_1_85' title='bbox 346 899 364 919; x_wconf 85' lang='lat' dir='ltr'>a</span> <span class='ocrx_word' id='word_1_86' title='bbox 385 887 614 920; x_wconf 84' lang='lat' dir='ltr'>circumflexo</span> <span class='ocrx_word' id='word_1_87' title='bbox 634 886 769 927; x_wconf 91' lang='lat' dir='ltr'>oritur,</span> <span class='ocrx_word' id='word_1_88' title='bbox 792 894 831 920; x_wconf 88' lang='lat' dir='ltr'>ut</span> <span class='ocrx_word' id='word_1_89' title='bbox 846 884 993 932; x_wconf 73' lang='grc' dir='ltr'>τίθημι.</span> 
     </span>
    </p>
   </div>
   <div class='ocr_carea' id='block_1_6' title="bbox 51 945 1084 1249">
    <p class='ocr_par' dir='ltr' id='par_1_6' title="bbox 51 945 1084 1249">
     <span class='ocr_line' id='line_1_16' title="bbox 156 945 1053 1007; baseline 0 -28"><span class='ocrx_word' id='word_1_90' title='bbox 156 946 307 991; x_wconf 81' lang='lat' dir='ltr'>Triplex</span> <span class='ocrx_word' id='word_1_91' title='bbox 327 952 379 980; x_wconf 85' lang='lat' dir='ltr'>est</span> <span class='ocrx_word' id='word_1_92' title='bbox 401 958 486 989; x_wconf 80' lang='lat' dir='ltr'>ergo</span> <span class='ocrx_word' id='word_1_93' title='bbox 503 946 724 1007; x_wconf 80' lang='lat' dir='ltr'>coniugatio.</span> <span class='ocrx_word' id='word_1_94' title='bbox 778 945 851 979; x_wconf 85' lang='lat' dir='ltr'>Aut</span> <span class='ocrx_word' id='word_1_95' title='bbox 875 946 1053 991; x_wconf 84' lang='lat' dir='ltr'>barytona</span> 
     </span>
     <span class='ocr_line' id='line_1_17' title="bbox 54 996 1083 1044; baseline 0.001 -13"><span class='ocrx_word' id='word_1_96' title='bbox 54 999 89 1032; x_wconf 94' lang='lat' dir='ltr'>in</span> <span class='ocrx_word' id='word_1_97' title='bbox 107 1011 148 1033; x_wconf 93' lang='grc' dir='ltr'><em>ω.</em></span> <span class='ocrx_word' id='word_1_98' title='bbox 202 998 277 1031; x_wconf 83' lang='lat' dir='ltr'>Aut</span> <span class='ocrx_word' id='word_1_99' title='bbox 295 998 548 1031; x_wconf 69' lang='lat' dir='ltr'>circumflexz&#39;2</span> <span class='ocrx_word' id='word_1_100' title='bbox 539 1010 575 1030; x_wconf 91' lang='lat' dir='ltr'>1n</span> <span class='ocrx_word' id='word_1_101' title='bbox 596 999 637 1032; x_wconf 83' lang='grc' dir='ltr'>ιῦ.</span> <span class='ocrx_word' id='word_1_102' title='bbox 692 998 763 1030; x_wconf 87' lang='lat' dir='ltr'>Aut</span> <span class='ocrx_word' id='word_1_103' title='bbox 785 1010 1054 1044; x_wconf 84' lang='lat' dir='ltr'>eorun1‚qu2e</span> <span class='ocrx_word' id='word_1_104' title='bbox 1080 996 1083 1038; x_wconf 65' lang='lat' dir='ltr'>j</span> 
     </span>
     <span class='ocr_line' id='line_1_18' title="bbox 51 1048 1082 1121; baseline -0.003 -36"><span class='ocrx_word' id='word_1_105' title='bbox 51 1064 94 1095; x_wconf 85' lang='grc' dir='ltr'>μι</span> <span class='ocrx_word' id='word_1_106' title='bbox 123 1050 303 1084; x_wconf 85' lang='lat' dir='ltr'>desinunt.</span> <span class='ocrx_word' id='word_1_107' title='bbox 367 1048 442 1082; x_wconf 77' lang='lat' dir='ltr'>Iam</span> <span class='ocrx_word' id='word_1_108' title='bbox 469 1050 597 1096; x_wconf 88' lang='lat' dir='ltr'>cuique</span> <span class='ocrx_word' id='word_1_109' title='bbox 623 1062 685 1083; x_wconf 88' lang='lat' dir='ltr'>sua</span> <span class='ocrx_word' id='word_1_110' title='bbox 712 1050 851 1094; x_wconf 81' lang='lat' dir='ltr'>passiva</span> <span class='ocrx_word' id='word_1_111' title='bbox 880 1056 913 1082; x_wconf 93' lang='lat' dir='ltr'>et</span> <span class='ocrx_word' id='word_1_112' title='bbox 936 1051 1082 1083; x_wconf 82' lang='lat' dir='ltr'>media*</span> <span class='ocrx_word' id='word_1_113' title='bbox 1080 1073 1082 1121; x_wconf 59' lang='grc' dir='ltr'>Ι</span> 
     </span>
     <span class='ocr_line' id='line_1_19' title="bbox 55 1101 1082 1145; baseline 0 -10"><span class='ocrx_word' id='word_1_114' title='bbox 55 1111 210 1135; x_wconf 88' lang='lat' dir='ltr'>accense.</span> <span class='ocrx_word' id='word_1_115' title='bbox 262 1101 425 1135; x_wconf 86' lang='lat' dir='ltr'>Primum</span> <span class='ocrx_word' id='word_1_116' title='bbox 446 1114 529 1145; x_wconf 84' lang='lat' dir='ltr'>ergo</span> <span class='ocrx_word' id='word_1_117' title='bbox 550 1103 592 1135; x_wconf 91' lang='lat' dir='ltr'>de</span> <span class='ocrx_word' id='word_1_118' title='bbox 610 1103 698 1140; x_wconf 48' lang='lat' dir='ltr'>bary</span> <span class='ocrx_word' id='word_1_119' title='bbox 704 1108 776 1135; x_wconf 88' lang='lat' dir='ltr'>ton</span> <span class='ocrx_word' id='word_1_120' title='bbox 779 1115 809 1134; x_wconf 78' lang='grc' dir='ltr'>ιο</span> <span class='ocrx_word' id='word_1_121' title='bbox 830 1102 971 1145; x_wconf 77' lang='grc' dir='ltr'>εοιιίιι6ι</span> <span class='ocrx_word' id='word_1_122' title='bbox 966 1102 1052 1135; x_wconf 86' lang='lat' dir='ltr'>¹1tio-</span> <span class='ocrx_word' id='word_1_123' title='bbox 1080 1130 1082 1140; x_wconf 49' lang='lat'>2</span> 
     </span>
     <span class='ocr_line' id='line_1_20' title="bbox 52 1146 1083 1199; baseline 0 -13"><span class='ocrx_word' id='word_1_124' title='bbox 52 1155 108 1188; x_wconf 86' lang='lat' dir='ltr'>nis</span> <span class='ocrx_word' id='word_1_125' title='bbox 129 1153 317 1187; x_wconf 83' lang='lat' dir='ltr'>ordinibus</span> <span class='ocrx_word' id='word_1_126' title='bbox 342 1153 521 1193; x_wconf 83' lang='lat' dir='ltr'>dicemus,</span> <span class='ocrx_word' id='word_1_127' title='bbox 564 1154 736 1199; x_wconf 89' lang='lat' dir='ltr'>quoniam</span> <span class='ocrx_word' id='word_1_128' title='bbox 771 1167 811 1187; x_wconf 84' lang='lat' dir='ltr'>ex</span> <span class='ocrx_word' id='word_1_129' title='bbox 842 1154 891 1187; x_wconf 85' lang='lat' dir='ltr'>eis</span> <span class='ocrx_word' id='word_1_130' title='bbox 923 1166 1052 1197; x_wconf 80' lang='lat' dir='ltr'>genera</span> <span class='ocrx_word' id='word_1_131' title='bbox 1080 1146 1083 1178; x_wconf 74' lang='lat' dir='ltr'>j</span> 
     </span>
     <span class='ocr_line' id='line_1_21' title="bbox 55 1205 1084 1249; baseline -0.001 -12"><span class='ocrx_word' id='word_1_132' title='bbox 55 1205 349 1249; x_wconf 86' lang='lat' dir='ltr'>coniugationum</span> <span class='ocrx_word' id='word_1_133' title='bbox 369 1206 437 1238; x_wconf 80' lang='lat' dir='ltr'>alia</span> <span class='ocrx_word' id='word_1_134' title='bbox 456 1205 584 1239; x_wconf 87' lang='lat' dir='ltr'>fluunt.</span> <span class='ocrx_word' id='word_1_135' title='bbox 1080 1222 1084 1236; x_wconf 77' lang='grc' dir='ltr'>ι</span> 
     </span>
    </p>
   </div>
   <div class='ocr_carea' id='block_1_7' title="bbox 55 1265 1086 1516">
    <p class='ocr_par' dir='ltr' id='par_1_7' title="bbox 55 1265 1086 1516">
     <span class='ocr_line' id='line_1_22' title="bbox 158 1265 1084 1309; baseline 0.002 -11"><span class='ocrx_word' id='word_1_136' title='bbox 158 1265 314 1299; x_wconf 78' lang='lat' dir='ltr'>Ordines</span> <span class='ocrx_word' id='word_1_137' title='bbox 344 1266 545 1309; x_wconf 78' lang='lat' dir='ltr'>barytouae</span> <span class='ocrx_word' id='word_1_138' title='bbox 581 1265 845 1308; x_wconf 76' lang='lat' dir='ltr'>coniugationis</span> <span class='ocrx_word' id='word_1_139' title='bbox 874 1271 958 1298; x_wconf 85' lang='lat' dir='ltr'>sunt</span> <span class='ocrx_word' id='word_1_140' title='bbox 982 1278 1054 1300; x_wconf 83' lang='lat' dir='ltr'>sex.</span> <span class='ocrx_word' id='word_1_141' title='bbox 1082 1290 1084 1293; x_wconf 40' lang='lat' dir='ltr'>v</span> 
     </span>
     <span class='ocr_line' id='line_1_23' title="bbox 57 1316 1055 1362; baseline 0.003 -14"><span class='ocrx_word' id='word_1_142' title='bbox 57 1316 269 1361; x_wconf 84' lang='lat' dir='ltr'>Discrepant</span> <span class='ocrx_word' id='word_1_143' title='bbox 285 1317 397 1350; x_wconf 87' lang='lat' dir='ltr'>literis</span> <span class='ocrx_word' id='word_1_144' title='bbox 414 1316 634 1355; x_wconf 81' lang='lat' dir='ltr'>formativis,</span> <span class='ocrx_word' id='word_1_145' title='bbox 659 1328 749 1361; x_wconf 84' lang='lat' dir='ltr'>quac</span> <span class='ocrx_word' id='word_1_146' title='bbox 766 1328 1055 1362; x_wconf 80' lang='grc' dir='ltr'>χαρακτηριστι-</span> 
     </span>
     <span class='ocr_line' id='line_1_24' title="bbox 55 1366 1055 1414; baseline -0.002 -11"><span class='ocrx_word' id='word_1_147' title='bbox 55 1366 117 1403; x_wconf 77' lang='grc' dir='ltr'>καὶ</span> <span class='ocrx_word' id='word_1_148' title='bbox 135 1374 322 1401; x_wconf 75' lang='lat' dir='ltr'>vocantur.</span> <span class='ocrx_word' id='word_1_149' title='bbox 376 1367 439 1401; x_wconf 86' lang='lat' dir='ltr'>Est</span> <span class='ocrx_word' id='word_1_150' title='bbox 457 1374 575 1400; x_wconf 82' lang='lat' dir='ltr'>autem</span> <span class='ocrx_word' id='word_1_151' title='bbox 596 1368 696 1400; x_wconf 83' lang='lat' dir='ltr'>litera</span> <span class='ocrx_word' id='word_1_152' title='bbox 714 1368 904 1400; x_wconf 77' lang='lat' dir='ltr'>sormativa</span> <span class='ocrx_word' id='word_1_153' title='bbox 921 1395 929 1407; x_wconf 73' lang='lat'>,</span> <span class='ocrx_word' id='word_1_154' title='bbox 964 1382 1055 1414; x_wconf 77' lang='lat' dir='ltr'>quac</span> 
     </span>
     <span class='ocr_line' id='line_1_25' title="bbox 55 1417 1086 1463; baseline -0.002 -9"><span class='ocrx_word' id='word_1_155' title='bbox 55 1433 86 1454; x_wconf 89' lang='grc' dir='ltr'><em>ω</em></span> <span class='ocrx_word' id='word_1_156' title='bbox 102 1419 264 1463; x_wconf 88' lang='lat' dir='ltr'>proxima</span> <span class='ocrx_word' id='word_1_157' title='bbox 284 1419 414 1458; x_wconf 81' lang='lat' dir='ltr'>anteit,</span> <span class='ocrx_word' id='word_1_158' title='bbox 443 1425 483 1451; x_wconf 85' lang='lat' dir='ltr'>ut</span> <span class='ocrx_word' id='word_1_159' title='bbox 501 1417 629 1453; x_wconf 76' lang='grc' dir='ltr'><em>τύπτω</em></span> <span class='ocrx_word' id='word_1_160' title='bbox 649 1425 699 1452; x_wconf 86' lang='lat' dir='ltr'>est</span> <span class='ocrx_word' id='word_1_161' title='bbox 724 1419 860 1463; x_wconf 84' lang='lat' dir='ltr'>primae</span> <span class='ocrx_word' id='word_1_162' title='bbox 886 1420 1056 1463; x_wconf 82' lang='lat' dir='ltr'>coniuga-</span> <span class='ocrx_word' id='word_1_163' title='bbox 1084 1442 1086 1458; x_wconf 55' lang='lat'><em>2</em></span> 
     </span>
     <span class='ocr_line' id='line_1_26' title="bbox 56 1468 745 1516; baseline 0.001 -13"><span class='ocrx_word' id='word_1_164' title='bbox 56 1470 182 1509; x_wconf 88' lang='lat' dir='ltr'>tionis,</span> <span class='ocrx_word' id='word_1_165' title='bbox 210 1470 293 1516; x_wconf 87' lang='lat' dir='ltr'>quia</span> <span class='ocrx_word' id='word_1_166' title='bbox 312 1468 419 1504; x_wconf 79' lang='lat' dir='ltr'>habet</span> <span class='ocrx_word' id='word_1_167' title='bbox 434 1471 664 1503; x_wconf 84' lang='lat' dir='ltr'>formativam</span> <span class='ocrx_word' id='word_1_168' title='bbox 685 1483 745 1505; x_wconf 82' lang='grc' dir='ltr'>πτ.</span> 
     </span>
    </p>
   </div>
   <div class='ocr_carea' id='block_1_8' title="bbox 57 1531 1086 1627">
    <p class='ocr_par' dir='ltr' id='par_1_8' title="bbox 57 1531 1086 1627">
     <span class='ocr_line' id='line_1_27' title="bbox 159 1531 1086 1576; baseline 0.001 -12"><span class='ocrx_word' id='word_1_169' title='bbox 159 1531 338 1564; x_wconf 87' lang='lat' dir='ltr'>Primus</span> <span class='ocrx_word' id='word_1_170' title='bbox 366 1532 456 1564; x_wconf 89' lang='lat' dir='ltr'>ordo</span> <span class='ocrx_word' id='word_1_171' title='bbox 476 1531 691 1575; x_wconf 79' lang='lat' dir='ltr'>coniugandi</span> <span class='ocrx_word' id='word_1_172' title='bbox 712 1532 901 1576; x_wconf 80' lang='lat' dir='ltr'>barytona,</span> <span class='ocrx_word' id='word_1_173' title='bbox 927 1531 987 1564; x_wconf 85' lang='lat' dir='ltr'>ubi</span> <span class='ocrx_word' id='word_1_174' title='bbox 1006 1538 1058 1565; x_wconf 89' lang='lat' dir='ltr'>est</span> <span class='ocrx_word' id='word_1_175' title='bbox 1084 1547 1086 1570; x_wconf 53' lang='lat'>,¹</span> 
     </span>
     <span class='ocr_line' id='line_1_28' title="bbox 57 1583 424 1627; baseline 0.003 -13"><span class='ocrx_word' id='word_1_176' title='bbox 57 1589 138 1615; x_wconf 84' lang='lat' dir='ltr'>ante</span> <span class='ocrx_word' id='word_1_177' title='bbox 158 1596 188 1618; x_wconf 87' lang='grc' dir='ltr'><em>ω</em></span> <span class='ocrx_word' id='word_1_178' title='bbox 207 1583 424 1627; x_wconf 86' lang='lat' dir='ltr'>praesentis:</span> 
     </span>
    </p>
   </div>
   <div class='ocr_carea' id='block_1_9' title="bbox 46 1634 84 1679">
    <p class='ocr_par' dir='ltr' id='par_1_9' title="bbox 46 1634 84 1679">
     <span class='ocr_line' id='line_1_29' title="bbox 46 1634 84 1679; baseline 0 0"><span class='ocrx_word' id='word_1_179' title='bbox 46 1634 84 1679; x_wconf 71' lang='grc' dir='ltr'>’β</span> 
     </span>
    </p>
   </div>
   <div class='ocr_carea' id='block_1_10' title="bbox 163 1660 1057 1694">
    <p class='ocr_par' dir='ltr' id='par_1_10' title="bbox 163 1660 1057 1694">
     <span class='ocr_line' id='line_1_30' title="bbox 163 1660 1057 1694; baseline 0.001 -2"><span class='ocrx_word' id='word_1_180' title='bbox 163 1660 238 1694; x_wconf 83' lang='lat' dir='ltr'>Hae</span> <span class='ocrx_word' id='word_1_181' title='bbox 255 1660 379 1693; x_wconf 85' lang='lat' dir='ltr'>literae</span> <span class='ocrx_word' id='word_1_182' title='bbox 398 1667 584 1694; x_wconf 85' lang='lat' dir='ltr'>mutantur</span> <span class='ocrx_word' id='word_1_183' title='bbox 609 1661 645 1693; x_wconf 93' lang='lat' dir='ltr'>in</span> <span class='ocrx_word' id='word_1_184' title='bbox 662 1660 808 1693; x_wconf 88' lang='lat' dir='ltr'>Futuris</span> <span class='ocrx_word' id='word_1_185' title='bbox 828 1667 861 1693; x_wconf 90' lang='lat' dir='ltr'>et</span> <span class='ocrx_word' id='word_1_186' title='bbox 878 1660 1057 1694; x_wconf 88' lang='lat' dir='ltr'>Praeteri-</span> 
     </span>
    </p>
   </div>
   <div class='ocr_carea' id='block_1_11' title="bbox 57 1699 1089 2303">
    <p class='ocr_par' dir='ltr' id='par_1_11' title="bbox 57 1699 1089 2303">
     <span class='ocr_line' id='line_1_31' title="bbox 57 1699 1058 1759; baseline 0.002 -16"><span class='ocrx_word' id='word_1_187' title='bbox 57 1699 83 1720; x_wconf 67' lang='grc' dir='ltr'>π</span> <span class='ocrx_word' id='word_1_188' title='bbox 163 1712 225 1751; x_wconf 89' lang='lat' dir='ltr'>tis,</span> <span class='ocrx_word' id='word_1_189' title='bbox 261 1712 297 1744; x_wconf 90' lang='lat' dir='ltr'>in</span> <span class='ocrx_word' id='word_1_190' title='bbox 321 1712 483 1755; x_wconf 78' lang='lat' dir='ltr'>cognatis</span> <span class='ocrx_word' id='word_1_191' title='bbox 508 1713 595 1752; x_wconf 85' lang='lat' dir='ltr'>sibi,</span> <span class='ocrx_word' id='word_1_192' title='bbox 624 1712 799 1745; x_wconf 87' lang='lat' dir='ltr'>Futurum</span> <span class='ocrx_word' id='word_1_193' title='bbox 818 1722 867 1759; x_wconf 76' lang='grc' dir='ltr'>ψ,</span> <span class='ocrx_word' id='word_1_194' title='bbox 896 1712 1058 1748; x_wconf 67' lang='lat' dir='ltr'>Paraca-</span> 
     </span>
     <span class='ocr_line' id='line_1_32' title="bbox 57 1750 1058 1822; baseline 0.004 -28"><span class='ocrx_word' id='word_1_195' title='bbox 57 1750 106 1822; x_wconf 57' lang='grc' dir='ltr'>Ξῖ</span> <span class='ocrx_word' id='word_1_196' title='bbox 162 1774 295 1795; x_wconf 88' lang='lat' dir='ltr'>menon</span> <span class='ocrx_word' id='word_1_197' title='bbox 314 1775 342 1809; x_wconf 87' lang='grc' dir='ltr'><strong><em>φ</em></strong></span> <span class='ocrx_word' id='word_1_198' title='bbox 361 1760 486 1803; x_wconf 84' lang='lat' dir='ltr'>babet,</span> <span class='ocrx_word' id='word_1_199' title='bbox 515 1769 553 1795; x_wconf 88' lang='lat' dir='ltr'>ut</span> <span class='ocrx_word' id='word_1_200' title='bbox 571 1760 721 1806; x_wconf 75' lang='grc' dir='ltr'><em>τύπτω,</em></span> <span class='ocrx_word' id='word_1_201' title='bbox 748 1762 879 1809; x_wconf 82' lang='grc' dir='ltr'><em>τύψω,</em></span> <span class='ocrx_word' id='word_1_202' title='bbox 903 1763 1058 1811; x_wconf 76' lang='grc' dir='ltr'><em>τίτυφα.</em></span> 
     </span>
     <span class='ocr_line' id='line_1_33' title="bbox 157 1821 1088 1894; baseline 0.001 -11"><span class='ocrx_word' id='word_1_203' title='bbox 157 1848 393 1883; x_wconf 89' lang='lat' dir='ltr'>Secundus</span> <span class='ocrx_word' id='word_1_204' title='bbox 420 1849 523 1887; x_wconf 89' lang='lat' dir='ltr'>ordo,</span> <span class='ocrx_word' id='word_1_205' title='bbox 552 1849 613 1882; x_wconf 88' lang='lat' dir='ltr'>ubi</span> <span class='ocrx_word' id='word_1_206' title='bbox 633 1856 685 1883; x_wconf 90' lang='lat' dir='ltr'>est</span> <span class='ocrx_word' id='word_1_207' title='bbox 702 1856 783 1882; x_wconf 85' lang='lat' dir='ltr'>ante</span> <span class='ocrx_word' id='word_1_208' title='bbox 801 1863 831 1884; x_wconf 91' lang='grc' dir='ltr'><em>ω</em></span> <span class='ocrx_word' id='word_1_209' title='bbox 846 1851 1057 1894; x_wconf 84' lang='lat' dir='ltr'>praesentis:</span> <span class='ocrx_word' id='word_1_210' title='bbox 1085 1821 1088 1855; x_wconf 48' lang='grc'>1</span> 
     </span>
     <span class='ocr_line' id='line_1_34' title="bbox 59 1914 1061 1999; baseline 0.001 -12"><span class='ocrx_word' id='word_1_211' title='bbox 59 1914 84 1987; x_wconf 65' lang='grc' dir='ltr'>ζ</span> <span class='ocrx_word' id='word_1_212' title='bbox 166 1952 342 1986; x_wconf 87' lang='lat' dir='ltr'>Futurum</span> <span class='ocrx_word' id='word_1_213' title='bbox 383 1954 402 1993; x_wconf 81' lang='grc' dir='ltr'><em>ξ</em></span> <span class='ocrx_word' id='word_1_214' title='bbox 436 1954 589 1990; x_wconf 85' lang='lat' dir='ltr'>format,</span> <span class='ocrx_word' id='word_1_215' title='bbox 626 1954 908 1987; x_wconf 64' lang='lat' dir='ltr'>Paracecmvuou</span> <span class='ocrx_word' id='word_1_216' title='bbox 935 1968 977 1999; x_wconf 72' lang='grc' dir='ltr'>χ,</span> <span class='ocrx_word' id='word_1_217' title='bbox 1022 1962 1061 1988; x_wconf 87' lang='lat' dir='ltr'>ut</span> 
     </span>
     <span class='ocr_line' id='line_1_35' title="bbox 58 2003 584 2052; baseline 0.006 -15"><span class='ocrx_word' id='word_1_218' title='bbox 58 2017 83 2049; x_wconf 87' lang='grc' dir='ltr'><em>χ</em></span> <span class='ocrx_word' id='word_1_219' title='bbox 168 2003 280 2052; x_wconf 78' lang='grc' dir='ltr'><em>λέγω,</em></span> <span class='ocrx_word' id='word_1_220' title='bbox 313 2003 422 2047; x_wconf 77' lang='grc' dir='ltr'><em>λέξω,</em></span> <span class='ocrx_word' id='word_1_221' title='bbox 446 2003 584 2049; x_wconf 73' lang='grc' dir='ltr'><strong><em>λέλεχα.</em></strong></span> 
     </span>
     <span class='ocr_line' id='line_1_36' title="bbox 60 2068 105 2090; baseline -0.022 0"><span class='ocrx_word' id='word_1_222' title='bbox 60 2068 105 2090; x_wconf 70' lang='lat' dir='ltr'>ut</span> 
     </span>
     <span class='ocr_line' id='line_1_37' title="bbox 165 2115 772 2159; baseline 0.003 -11"><span class='ocrx_word' id='word_1_223' title='bbox 165 2115 356 2150; x_wconf 82' lang='lat' dir='ltr'>Tertius</span> <span class='ocrx_word' id='word_1_224' title='bbox 385 2117 475 2149; x_wconf 89' lang='lat' dir='ltr'>ordo</span> <span class='ocrx_word' id='word_1_225' title='bbox 500 2115 772 2159; x_wconf 72' lang='lat' dir='ltr'>coni11g.h.¹2l2et</span> 
     </span>
     <span class='ocr_line' id='line_1_38' title="bbox 61 2165 1089 2252; baseline 0.006 -27"><span class='ocrx_word' id='word_1_226' title='bbox 61 2165 92 2252; x_wconf 52' lang='lat' dir='ltr'>g</span> <span class='ocrx_word' id='word_1_227' title='bbox 168 2193 344 2226; x_wconf 89' lang='lat' dir='ltr'>Futurum</span> <span class='ocrx_word' id='word_1_228' title='bbox 372 2206 413 2237; x_wconf 80' lang='grc' dir='ltr'>σ,</span> <span class='ocrx_word' id='word_1_229' title='bbox 440 2194 678 2228; x_wconf 81' lang='lat' dir='ltr'>P1¹2eteritum</span> <span class='ocrx_word' id='word_1_230' title='bbox 707 2208 749 2239; x_wconf 81' lang='grc' dir='ltr'>κ,</span> <span class='ocrx_word' id='word_1_231' title='bbox 777 2203 814 2229; x_wconf 90' lang='lat' dir='ltr'>ut</span> <span class='ocrx_word' id='word_1_232' title='bbox 839 2193 941 2242; x_wconf 75' lang='grc' dir='ltr'><em>ᾀδω,</em></span> <span class='ocrx_word' id='word_1_233' title='bbox 967 2195 1062 2243; x_wconf 79' lang='grc' dir='ltr'><em>ἇσω,</em></span> <span class='ocrx_word' id='word_1_234' title='bbox 1088 2192 1089 2203; x_wconf 56' lang='lat'>³</span> 
     </span>
     <span class='ocr_line' id='line_1_39' title="bbox 61 2240 256 2303; baseline 0.011 -26"><span class='ocrx_word' id='word_1_235' title='bbox 61 2283 82 2303; x_wconf 71' lang='grc' dir='ltr'><em>τ</em></span> <span class='ocrx_word' id='word_1_236' title='bbox 170 2240 256 2290; x_wconf 84' lang='grc' dir='ltr'><em>ᾖκα.</em></span> 
     </span>
    </p>
   </div>
   <div class='ocr_carea' id='block_1_12' title="bbox 65 2329 1087 2582">
    <p class='ocr_par' dir='ltr' id='par_1_12' title="bbox 65 2329 1087 2582">
     <span class='ocr_line' id='line_1_40' title="bbox 166 2329 505 2375; baseline 0.003 -13"><span class='ocrx_word' id='word_1_237' title='bbox 166 2330 368 2375; x_wconf 83' lang='lat' dir='ltr'>Quartus</span> <span class='ocrx_word' id='word_1_238' title='bbox 399 2329 505 2364; x_wconf 84' lang='lat' dir='ltr'>babet</span> 
     </span>
     <span class='ocr_line' id='line_1_41' title="bbox 163 2381 781 2428; baseline 0.005 -14"><span class='ocrx_word' id='word_1_239' title='bbox 163 2381 339 2415; x_wconf 85' lang='lat' dir='ltr'>Futurum</span> <span class='ocrx_word' id='word_1_240' title='bbox 368 2383 580 2428; x_wconf 78' lang='lat' dir='ltr'>plerumque</span> <span class='ocrx_word' id='word_1_241' title='bbox 607 2395 630 2418; x_wconf 89' lang='grc' dir='ltr'>σ</span> <span class='ocrx_word' id='word_1_242' title='bbox 656 2382 781 2423; x_wconf 84' lang='lat' dir='ltr'>babet,</span> 
     </span>
     <span class='ocr_line' id='line_1_42' title="bbox 162 2431 785 2482; baseline 0.006 -15"><span class='ocrx_word' id='word_1_243' title='bbox 162 2447 203 2474; x_wconf 86' lang='grc' dir='ltr'>κ,</span> <span class='ocrx_word' id='word_1_244' title='bbox 231 2431 384 2479; x_wconf 80' lang='grc' dir='ltr'><em>φράζω,</em></span> <span class='ocrx_word' id='word_1_245' title='bbox 414 2431 569 2480; x_wconf 78' lang='grc' dir='ltr'><em>φράσω,</em></span> <span class='ocrx_word' id='word_1_246' title='bbox 598 2434 785 2482; x_wconf 73' lang='grc' dir='ltr'><em>πέφρακα.</em></span> 
     </span>
     <span class='ocr_line' id='line_1_43' title="bbox 168 2486 1087 2534; baseline 0.002 -15"><span class='ocrx_word' id='word_1_247' title='bbox 168 2495 214 2519; x_wconf 90' lang='grc' dir='ltr'>σσ</span> <span class='ocrx_word' id='word_1_248' title='bbox 240 2486 296 2517; x_wconf 88' lang='lat' dir='ltr'>vel</span> <span class='ocrx_word' id='word_1_249' title='bbox 319 2499 362 2520; x_wconf 80' lang='grc' dir='ltr'>ττ</span> <span class='ocrx_word' id='word_1_250' title='bbox 390 2486 508 2518; x_wconf 86' lang='lat' dir='ltr'>Attico</span> <span class='ocrx_word' id='word_1_251' title='bbox 540 2498 639 2518; x_wconf 87' lang='lat' dir='ltr'>more</span> <span class='ocrx_word' id='word_1_252' title='bbox 671 2489 882 2534; x_wconf 81' lang='lat' dir='ltr'>plerumque</span> <span class='ocrx_word' id='word_1_253' title='bbox 907 2489 926 2528; x_wconf 83' lang='grc' dir='ltr'><em>ξ</em></span> <span class='ocrx_word' id='word_1_254' title='bbox 948 2488 1060 2521; x_wconf 82' lang='lat' dir='ltr'>Futu-</span> <span class='ocrx_word' id='word_1_255' title='bbox 1086 2507 1087 2517; x_wconf 70' lang='grc' dir='ltr'>ι</span> 
     </span>
     <span class='ocr_line' id='line_1_44' title="bbox 65 2536 673 2582; baseline 0.005 -16"><span class='ocrx_word' id='word_1_256' title='bbox 65 2547 165 2574; x_wconf 82' lang='lat' dir='ltr'>rum,</span> <span class='ocrx_word' id='word_1_257' title='bbox 208 2536 446 2570; x_wconf 86' lang='lat' dir='ltr'>Praeteritum</span> <span class='ocrx_word' id='word_1_258' title='bbox 470 2552 496 2582; x_wconf 81' lang='grc' dir='ltr'><strong><em>χ</em></strong></span> <span class='ocrx_word' id='word_1_259' title='bbox 522 2540 673 2575; x_wconf 76' lang='lat' dir='ltr'>format,</span> 
     </span>
    </p>
   </div>
   <div class='ocr_carea' id='block_1_13' title="bbox 64 2379 86 2423">
    <p class='ocr_par' dir='ltr' id='par_1_13' title="bbox 64 2379 86 2423">
     <span class='ocr_line' id='line_1_45' title="bbox 64 2379 86 2423; baseline 0 0"><span class='ocrx_word' id='word_1_260' title='bbox 64 2379 86 2423; x_wconf 85' lang='grc' dir='ltr'>ζ</span> 
     </span>
    </p>
   </div>
   <div class='ocr_carea' id='block_1_14' title="bbox 818 2385 1057 2418">
    <p class='ocr_par' dir='ltr' id='par_1_14' title="bbox 818 2385 1057 2418">
     <span class='ocr_line' id='line_1_46' title="bbox 818 2385 1057 2418; baseline -0.008 0"><span class='ocrx_word' id='word_1_261' title='bbox 818 2385 1057 2418; x_wconf 70' lang='lat' dir='ltr'>Praeteritum</span> 
     </span>
    </p>
   </div>
   <div class='ocr_carea' id='block_1_15' title="bbox 103 2717 523 2783">
    <p class='ocr_par' dir='ltr' id='par_1_15' title="bbox 103 2717 523 2783">
     <span class='ocr_line' id='line_1_47' title="bbox 103 2717 523 2748; baseline 0.005 -9"><span class='ocrx_word' id='word_1_262' title='bbox 103 2717 131 2744; x_wconf 88' lang='grc'>1)</span> <span class='ocrx_word' id='word_1_263' title='bbox 151 2717 312 2747; x_wconf 73' lang='lat' dir='ltr'>harytonisj</span> <span class='ocrx_word' id='word_1_264' title='bbox 339 2717 380 2741; x_wconf 77' lang='lat' dir='ltr'>sic</span> <span class='ocrx_word' id='word_1_265' title='bbox 407 2719 523 2748; x_wconf 72' lang='lat' dir='ltr'>scripsi;</span> 
     </span>
     <span class='ocr_line' id='line_1_48' title="bbox 136 2752 435 2783; baseline 0.007 -9"><span class='ocrx_word' id='word_1_266' title='bbox 136 2752 252 2782; x_wconf 73' lang='lat' dir='ltr'>tegitur:</span> <span class='ocrx_word' id='word_1_267' title='bbox 281 2753 435 2783; x_wconf 76' lang='lat' dir='ltr'>varytonis.</span> 
     </span>
    </p>
   </div>
   <div class='ocr_carea' id='block_1_16' title="bbox 563 2718 1087 2749">
    <p class='ocr_par' dir='ltr' id='par_1_16' title="bbox 563 2718 1087 2749">
     <span class='ocr_line' id='line_1_49' title="bbox 563 2718 1087 2749; baseline 0.004 -8"><span class='ocrx_word' id='word_1_268' title='bbox 563 2719 587 2742; x_wconf 82' lang='lat' dir='ltr'>in</span> <span class='ocrx_word' id='word_1_269' title='bbox 614 2719 670 2742; x_wconf 77' lang='lat' dir='ltr'>illis</span> <span class='ocrx_word' id='word_1_270' title='bbox 698 2718 779 2742; x_wconf 73' lang='lat' dir='ltr'>Editt.</span> <span class='ocrx_word' id='word_1_271' title='bbox 802 2720 825 2743; x_wconf 86' lang='lat' dir='ltr'>h.</span> <span class='ocrx_word' id='word_1_272' title='bbox 847 2720 863 2743; x_wconf 90' lang='grc'>1.</span> <span class='ocrx_word' id='word_1_273' title='bbox 886 2722 913 2743; x_wconf 75' lang='lat' dir='ltr'>et</span> <span class='ocrx_word' id='word_1_274' title='bbox 933 2719 958 2743; x_wconf 84' lang='lat' dir='ltr'>in</span> <span class='ocrx_word' id='word_1_275' title='bbox 980 2725 1059 2749; x_wconf 80' lang='lat' dir='ltr'>seqq.</span> <span class='ocrx_word' id='word_1_276' title='bbox 1086 2725 1087 2730; x_wconf 64' lang='lat'>¹</span> 
     </span>
    </p>
   </div>
   <div class='ocr_carea' id='block_1_17' title="bbox 591 120 1587 161">
    <p class='ocr_par' dir='ltr' id='par_1_17' title="bbox 591 120 1587 161">
     <span class='ocr_line' id='line_1_50' title="bbox 591 120 1587 161; baseline -0.004 -1"><span class='ocrx_word' id='word_1_277' title='bbox 591 124 710 161; x_wconf 85' lang='lat' dir='ltr'>XCIV.</span> <span class='ocrx_word' id='word_1_278' title='bbox 764 121 1093 159; x_wconf 68' lang='lat' dir='ltr'><strong>GRAMMATICA</strong></span> <span class='ocrx_word' id='word_1_279' title='bbox 1130 122 1325 158; x_wconf 84' lang='lat' dir='ltr'><strong>GRAECA</strong></span> <span class='ocrx_word' id='word_1_280' title='bbox 1358 120 1587 156; x_wconf 83' lang='lat' dir='ltr'><strong>INTEGRA.</strong></span> 
     </span>
    </p>
   </div>
   <div class='ocr_carea' id='block_1_18' title="bbox 1081 1251 1795 1346">
    <p class='ocr_par' dir='ltr' id='par_1_18' title="bbox 1081 1251 1795 1346">
     <span class='ocr_line' id='line_1_51' title="bbox 1081 1251 1458 1294; baseline 0.003 -12"><span class='ocrx_word' id='word_1_281' title='bbox 1081 1251 1083 1269; x_wconf 71' lang='lat'>³</span> <span class='ocrx_word' id='word_1_282' title='bbox 1110 1257 1168 1283; x_wconf 85' lang='lat' dir='ltr'>tur</span> <span class='ocrx_word' id='word_1_283' title='bbox 1190 1251 1458 1294; x_wconf 70' lang='lat' dir='ltr'>paradigmate,</span> 
     </span>
     <span class='ocr_line' id='line_1_52' title="bbox 1082 1300 1795 1346; baseline 0.003 -13"><span class='ocrx_word' id='word_1_284' title='bbox 1082 1311 1083 1322; x_wconf 69' lang='lat'>³</span> <span class='ocrx_word' id='word_1_285' title='bbox 1110 1302 1207 1335; x_wconf 83' lang='lat' dir='ltr'>iuxta</span> <span class='ocrx_word' id='word_1_286' title='bbox 1231 1302 1452 1346; x_wconf 79' lang='lat' dir='ltr'>singularum</span> <span class='ocrx_word' id='word_1_287' title='bbox 1478 1300 1795 1336; x_wconf 50' lang='lat' dir='ltr'>characteristica&amp;</span> 
     </span>
    </p>
   </div>
   <div class='ocr_carea' id='block_1_19' title="bbox 1083 1457 1514 1494">
    <p class='ocr_par' dir='ltr' id='par_1_19' title="bbox 1083 1457 1514 1494">
     <span class='ocr_line' id='line_1_53' title="bbox 1083 1457 1514 1494; baseline -0.005 -4"><span class='ocrx_word' id='word_1_288' title='bbox 1083 1483 1085 1490; x_wconf 65' lang='grc'>,</span> <span class='ocrx_word' id='word_1_289' title='bbox 1111 1457 1264 1489; x_wconf 73' lang='lat' dir='ltr'>variatio</span> <span class='ocrx_word' id='word_1_290' title='bbox 1296 1458 1514 1494; x_wconf 68' lang='lat' dir='ltr'>verborum,</span> 
     </span>
    </p>
   </div>
   <div class='ocr_carea' id='block_1_20' title="bbox 1083 1561 1724 1801">
    <p class='ocr_par' dir='ltr' id='par_1_20' title="bbox 1084 1561 1724 1657">
     <span class='ocr_line' id='line_1_54' title="bbox 1084 1561 1724 1606; baseline -0.002 -13"><span class='ocrx_word' id='word_1_291' title='bbox 1084 1598 1086 1606; x_wconf 44' lang='lat'><strong>⁴</strong></span> <span class='ocrx_word' id='word_1_292' title='bbox 1111 1561 1227 1594; x_wconf 91' lang='lat' dir='ltr'>solum</span> <span class='ocrx_word' id='word_1_293' title='bbox 1248 1561 1315 1593; x_wconf 81' lang='lat' dir='ltr'>fine</span> <span class='ocrx_word' id='word_1_294' title='bbox 1336 1566 1474 1593; x_wconf 83' lang='lat' dir='ltr'>mutato</span> <span class='ocrx_word' id='word_1_295' title='bbox 1492 1573 1573 1595; x_wconf 80' lang='grc' dir='ltr'><em>πτω</em></span> <span class='ocrx_word' id='word_1_296' title='bbox 1594 1561 1628 1592; x_wconf 86' lang='lat' dir='ltr'>iu</span> <span class='ocrx_word' id='word_1_297' title='bbox 1648 1573 1724 1606; x_wconf 80' lang='lat' dir='ltr'>(pa,</span> 
     </span>
     <span class='ocr_line' id='line_1_55' title="bbox 1112 1612 1410 1656; baseline 0.006 -11.828"><span class='ocrx_word' id='word_1_298' title='bbox 1112 1613 1172 1656; x_wconf 86' lang='lat' dir='ltr'>pio</span> <span class='ocrx_word' id='word_1_299' title='bbox 1191 1625 1237 1647; x_wconf 82' lang='grc' dir='ltr'>τυ</span> <span class='ocrx_word' id='word_1_300' title='bbox 1258 1612 1293 1644; x_wconf 92' lang='lat' dir='ltr'>in</span> <span class='ocrx_word' id='word_1_301' title='bbox 1310 1624 1410 1646; x_wconf 79' lang='grc' dir='ltr'><em>τετυ.</em></span> 
     </span>
    </p>

    <p class='ocr_par' dir='ltr' id='par_1_21' title="bbox 1083 1664 1618 1774">
     <span class='ocr_line' id='line_1_56' title="bbox 1083 1664 1618 1707; baseline -0.002 -11"><span class='ocrx_word' id='word_1_302' title='bbox 1083 1667 1086 1696; x_wconf 67' lang='grc' dir='ltr'>ἶ</span> <span class='ocrx_word' id='word_1_303' title='bbox 1111 1664 1351 1697; x_wconf 83' lang='lat' dir='ltr'>Praeteritum</span> <span class='ocrx_word' id='word_1_304' title='bbox 1372 1664 1618 1707; x_wconf 86' lang='lat' dir='ltr'>imperfectum</span> 
     </span>
     <span class='ocr_line' id='line_1_57' title="bbox 1084 1708 1461 1774; baseline -0.005 -26"><span class='ocrx_word' id='word_1_305' title='bbox 1084 1708 1086 1774; x_wconf 52' lang='lat' dir='ltr'><strong>j</strong></span> <span class='ocrx_word' id='word_1_306' title='bbox 1111 1716 1283 1749; x_wconf 89' lang='lat' dir='ltr'>Aoriston</span> <span class='ocrx_word' id='word_1_307' title='bbox 1304 1715 1461 1760; x_wconf 83' lang='lat' dir='ltr'>primum</span> 
     </span>
    </p>

    <p class='ocr_par' dir='ltr' id='par_1_22' title="bbox 1084 1767 1497 1801">
     <span class='ocr_line' id='line_1_58' title="bbox 1084 1767 1497 1801; baseline -0.005 -1"><span class='ocrx_word' id='word_1_308' title='bbox 1084 1778 1087 1787; x_wconf 80' lang='lat'><strong>·</strong></span> <span class='ocrx_word' id='word_1_309' title='bbox 1113 1768 1285 1801; x_wconf 74' lang='lat' dir='ltr'>Aoriston</span> <span class='ocrx_word' id='word_1_310' title='bbox 1303 1767 1497 1800; x_wconf 87' lang='lat' dir='ltr'>secundum</span> 
     </span>
    </p>
   </div>
   <div class='ocr_carea' id='block_1_21' title="bbox 1088 2094 1638 2140">
    <p class='ocr_par' dir='ltr' id='par_1_23' title="bbox 1088 2094 1638 2140">
     <span class='ocr_line' id='line_1_59' title="bbox 1088 2094 1638 2140; baseline -0.002 -12"><span class='ocrx_word' id='word_1_311' title='bbox 1088 2097 1249 2137; x_wconf 51' lang='lat' dir='ltr'>¹tionem</span> <span class='ocrx_word' id='word_1_312' title='bbox 1284 2097 1440 2140; x_wconf 84' lang='lat' dir='ltr'>prudens</span> <span class='ocrx_word' id='word_1_313' title='bbox 1474 2094 1638 2135; x_wconf 71' lang='lat' dir='ltr'>colligas,</span> 
     </span>
    </p>
   </div>
   <div class='ocr_carea' id='block_1_22' title="bbox 65 2536 1090 2662">
    <p class='ocr_par' dir='ltr' id='par_1_24' title="bbox 65 2536 1090 2662">
     <span class='ocr_line' id='line_1_60' title="bbox 710 2536 1088 2585; baseline 0.005 -12"><span class='ocrx_word' id='word_1_314' title='bbox 710 2538 862 2585; x_wconf 77' lang='grc' dir='ltr'><em>πράττω</em></span> <span class='ocrx_word' id='word_1_315' title='bbox 872 2566 881 2581; x_wconf 92' lang='lat'>,</span> <span class='ocrx_word' id='word_1_316' title='bbox 918 2536 1059 2585; x_wconf 83' lang='grc' dir='ltr'><em>πράξω,</em></span> <span class='ocrx_word' id='word_1_317' title='bbox 1086 2538 1088 2578; x_wconf 69' lang='grc' dir='ltr'>ὲ</span> 
     </span>
     <span class='ocr_line' id='line_1_61' title="bbox 65 2584 1090 2632; baseline 0.008 -14"><span class='ocrx_word' id='word_1_318' title='bbox 65 2584 247 2632; x_wconf 77' lang='grc' dir='ltr'><em>πέπραχα.</em></span> <span class='ocrx_word' id='word_1_319' title='bbox 1085 2591 1090 2632; x_wconf 73' lang='grc' dir='ltr'>ι’</span> 
     </span>
     <span class='ocr_line' id='line_1_62' title="bbox 1086 2637 1089 2662; baseline 0 0"><span class='ocrx_word' id='word_1_320' title='bbox 1086 2637 1089 2662; x_wconf 68' lang='lat' dir='ltr'>l</span> 
     </span>
    </p>
   </div>
   <div class='ocr_carea' id='block_1_23' title="bbox 2067 122 2121 157">
    <p class='ocr_par' dir='ltr' id='par_1_25' title="bbox 2067 122 2121 157">
     <span class='ocr_line' id='line_1_63' title="bbox 2067 122 2121 157; baseline 0.019 -1"><span class='ocrx_word' id='word_1_321' title='bbox 2067 122 2121 157; x_wconf 82' lang='grc'>86</span> 
     </span>
    </p>
   </div>
   <div class='ocr_carea' id='block_1_24' title="bbox 1110 207 2116 617">
    <p class='ocr_par' dir='ltr' id='par_1_26' title="bbox 1110 207 2116 617">
     <span class='ocr_line' id='line_1_64' title="bbox 1221 207 2112 255; baseline -0.003 -12"><span class='ocrx_word' id='word_1_322' title='bbox 1221 210 1426 255; x_wconf 80' lang='lat' dir='ltr'>Quintus</span> <span class='ocrx_word' id='word_1_323' title='bbox 1455 207 1563 242; x_wconf 86' lang='lat' dir='ltr'>babet</span> <span class='ocrx_word' id='word_1_324' title='bbox 1592 211 1630 252; x_wconf 81' lang='grc' dir='ltr'>λ,</span> <span class='ocrx_word' id='word_1_325' title='bbox 1659 222 1704 253; x_wconf 76' lang='grc' dir='ltr'>μ,</span> <span class='ocrx_word' id='word_1_326' title='bbox 1732 221 1774 253; x_wconf 71' lang='grc' dir='ltr'>ν,</span> <span class='ocrx_word' id='word_1_327' title='bbox 1801 222 1834 255; x_wconf 90' lang='grc' dir='ltr'>ρ.</span> <span class='ocrx_word' id='word_1_328' title='bbox 1891 209 1965 241; x_wconf 80' lang='lat' dir='ltr'>Hae</span> <span class='ocrx_word' id='word_1_329' title='bbox 1990 208 2112 241; x_wconf 82' lang='lat' dir='ltr'>literae</span> 
     </span>
     <span class='ocr_line' id='line_1_65' title="bbox 1114 260 2116 306; baseline -0.001 -13"><span class='ocrx_word' id='word_1_330' title='bbox 1114 262 1356 295; x_wconf 79' lang='lat' dir='ltr'>immutabiles</span> <span class='ocrx_word' id='word_1_331' title='bbox 1379 261 1566 299; x_wconf 81' lang='lat' dir='ltr'>dicuntur,</span> <span class='ocrx_word' id='word_1_332' title='bbox 1606 261 1687 306; x_wconf 88' lang='lat' dir='ltr'>quia</span> <span class='ocrx_word' id='word_1_333' title='bbox 1714 260 1749 294; x_wconf 88' lang='lat' dir='ltr'>in</span> <span class='ocrx_word' id='word_1_334' title='bbox 1766 261 1910 294; x_wconf 81' lang='lat' dir='ltr'>Futuris</span> <span class='ocrx_word' id='word_1_335' title='bbox 1936 272 2009 292; x_wconf 91' lang='lat' dir='ltr'>non</span> <span class='ocrx_word' id='word_1_336' title='bbox 2038 273 2116 293; x_wconf 86' lang='lat' dir='ltr'>rnu-</span> 
     </span>
     <span class='ocr_line' id='line_1_66' title="bbox 1113 310 2113 359; baseline 0 -14"><span class='ocrx_word' id='word_1_337' title='bbox 1113 319 1255 353; x_wconf 87' lang='lat' dir='ltr'>tantur,</span> <span class='ocrx_word' id='word_1_338' title='bbox 1282 310 1416 359; x_wconf 79' lang='grc' dir='ltr'><em>ψάλλω</em></span> <span class='ocrx_word' id='word_1_339' title='bbox 1435 315 1565 358; x_wconf 78' lang='grc' dir='ltr'><em>ψαλῶ,</em></span> <span class='ocrx_word' id='word_1_340' title='bbox 1600 311 1718 359; x_wconf 79' lang='grc' dir='ltr'><em>κρίνω</em></span> <span class='ocrx_word' id='word_1_341' title='bbox 1743 316 1880 359; x_wconf 76' lang='grc' dir='ltr'>κρινῶ,</span> <span class='ocrx_word' id='word_1_342' title='bbox 1919 319 1957 346; x_wconf 85' lang='lat' dir='ltr'>ut</span> <span class='ocrx_word' id='word_1_343' title='bbox 1986 324 2051 344; x_wconf 90' lang='lat' dir='ltr'>nec</span> <span class='ocrx_word' id='word_1_344' title='bbox 2079 312 2113 345; x_wconf 92' lang='lat' dir='ltr'>in</span> 
     </span>
     <span class='ocr_line' id='line_1_67' title="bbox 1112 361 2114 411; baseline 0.001 -14"><span class='ocrx_word' id='word_1_345' title='bbox 1112 365 1414 398; x_wconf 83' lang='lat' dir='ltr'>declinationibus</span> <span class='ocrx_word' id='word_1_346' title='bbox 1446 370 1632 397; x_wconf 80' lang='lat' dir='ltr'>mutantur</span> <span class='ocrx_word' id='word_1_347' title='bbox 1660 363 1849 410; x_wconf 71' lang='grc' dir='ltr'><em>φράδμων</em></span> <span class='ocrx_word' id='word_1_348' title='bbox 1881 361 2114 411; x_wconf 74' lang='grc' dir='ltr'><em>φράδμονος,</em></span> 
     </span>
     <span class='ocr_line' id='line_1_68' title="bbox 1112 414 2115 462; baseline -0.003 -11"><span class='ocrx_word' id='word_1_349' title='bbox 1112 416 1268 460; x_wconf 77' lang='grc' dir='ltr'><em>Νέστωρ</em></span> <span class='ocrx_word' id='word_1_350' title='bbox 1295 414 1490 461; x_wconf 75' lang='grc' dir='ltr'><em>Νέστορος.</em></span> <span class='ocrx_word' id='word_1_351' title='bbox 1555 414 1594 448; x_wconf 85' lang='lat' dir='ltr'>ln</span> <span class='ocrx_word' id='word_1_352' title='bbox 1621 414 1675 449; x_wconf 84' lang='lat' dir='ltr'>his</span> <span class='ocrx_word' id='word_1_353' title='bbox 1703 417 1796 449; x_wconf 77' lang='lat' dir='ltr'>enim</span> <span class='ocrx_word' id='word_1_354' title='bbox 1822 429 1861 457; x_wconf 75' lang='grc' dir='ltr'>ν,</span> <span class='ocrx_word' id='word_1_355' title='bbox 1901 430 1922 462; x_wconf 79' lang='grc' dir='ltr'><em>ρ</em></span> <span class='ocrx_word' id='word_1_356' title='bbox 1955 423 2115 455; x_wconf 82' lang='lat' dir='ltr'>manent,</span> 
     </span>
     <span class='ocr_line' id='line_1_69' title="bbox 1112 467 2114 507; baseline 0.002 -6"><span class='ocrx_word' id='word_1_357' title='bbox 1112 481 1191 501; x_wconf 90' lang='lat' dir='ltr'>cum</span> <span class='ocrx_word' id='word_1_358' title='bbox 1212 468 1303 500; x_wconf 87' lang='lat' dir='ltr'>aliae</span> <span class='ocrx_word' id='word_1_359' title='bbox 1321 474 1559 501; x_wconf 84' lang='lat' dir='ltr'>consonantes</span> <span class='ocrx_word' id='word_1_360' title='bbox 1578 467 1799 505; x_wconf 80' lang='lat' dir='ltr'>eximantur,</span> <span class='ocrx_word' id='word_1_361' title='bbox 1827 475 1863 500; x_wconf 86' lang='lat' dir='ltr'>ut</span> <span class='ocrx_word' id='word_1_362' title='bbox 1886 469 1980 507; x_wconf 82' lang='grc' dir='ltr'>Αἴας</span> <span class='ocrx_word' id='word_1_363' title='bbox 1995 468 2114 502; x_wconf 78' lang='grc' dir='ltr'><em>Αἴαν-</em></span> 
     </span>
     <span class='ocr_line' id='line_1_70' title="bbox 1110 516 2114 566; baseline 0 -14"><span class='ocrx_word' id='word_1_364' title='bbox 1110 533 1191 561; x_wconf 75' lang='grc' dir='ltr'>τος,</span> <span class='ocrx_word' id='word_1_365' title='bbox 1219 518 1287 566; x_wconf 80' lang='grc' dir='ltr'>λίψ</span> <span class='ocrx_word' id='word_1_366' title='bbox 1301 516 1416 565; x_wconf 69' lang='grc' dir='ltr'>λιβός.</span> <span class='ocrx_word' id='word_1_367' title='bbox 1472 518 1567 552; x_wconf 87' lang='lat' dir='ltr'>Haec</span> <span class='ocrx_word' id='word_1_368' title='bbox 1589 520 1796 563; x_wconf 77' lang='lat' dir='ltr'>coniugatio</span> <span class='ocrx_word' id='word_1_369' title='bbox 1818 532 1880 563; x_wconf 78' lang='lat' dir='ltr'>per</span> <span class='ocrx_word' id='word_1_370' title='bbox 1898 533 1921 554; x_wconf 78' lang='grc' dir='ltr'><em>κ</em></span> <span class='ocrx_word' id='word_1_371' title='bbox 1936 519 2114 553; x_wconf 87' lang='lat' dir='ltr'>Praeteri-</span> 
     </span>
     <span class='ocr_line' id='line_1_71' title="bbox 1110 569 2017 617; baseline 0.002 -13"><span class='ocrx_word' id='word_1_372' title='bbox 1110 578 1185 605; x_wconf 83' lang='lat' dir='ltr'>tum</span> <span class='ocrx_word' id='word_1_373' title='bbox 1205 572 1308 610; x_wconf 76' lang='lat' dir='ltr'>sarit,</span> <span class='ocrx_word' id='word_1_374' title='bbox 1336 570 1468 617; x_wconf 79' lang='grc' dir='ltr'><em>ψάλλω</em></span> <span class='ocrx_word' id='word_1_375' title='bbox 1485 569 1652 617; x_wconf 74' lang='grc' dir='ltr'><em>ἔψαλκα,</em></span> <span class='ocrx_word' id='word_1_376' title='bbox 1681 569 1818 617; x_wconf 65' lang='grc' dir='ltr'><em>σπείρω</em></span> <span class='ocrx_word' id='word_1_377' title='bbox 1836 570 2017 617; x_wconf 75' lang='grc' dir='ltr'><em>ἔσπαρκα.</em></span> 
     </span>
    </p>
   </div>
   <div class='ocr_carea' id='block_1_25' title="bbox 1215 640 2113 685">
    <p class='ocr_par' dir='ltr' id='par_1_27' title="bbox 1215 640 2113 685">
     <span class='ocr_line' id='line_1_72' title="bbox 1215 640 2113 685; baseline 0 -12"><span class='ocrx_word' id='word_1_378' title='bbox 1215 640 1378 673; x_wconf 82' lang='lat' dir='ltr'>Sextus</span> <span class='ocrx_word' id='word_1_379' title='bbox 1407 640 1497 671; x_wconf 87' lang='lat' dir='ltr'>ordo</span> <span class='ocrx_word' id='word_1_380' title='bbox 1518 646 1586 677; x_wconf 79' lang='lat' dir='ltr'>est,</span> <span class='ocrx_word' id='word_1_381' title='bbox 1614 640 1673 685; x_wconf 86' lang='lat' dir='ltr'>qui</span> <span class='ocrx_word' id='word_1_382' title='bbox 1697 653 1726 674; x_wconf 90' lang='grc' dir='ltr'><em>ω</em></span> <span class='ocrx_word' id='word_1_383' title='bbox 1745 653 1873 684; x_wconf 83' lang='lat' dir='ltr'>purum</span> <span class='ocrx_word' id='word_1_384' title='bbox 1900 640 2050 680; x_wconf 84' lang='lat' dir='ltr'>desinit,</span> <span class='ocrx_word' id='word_1_385' title='bbox 2078 641 2113 673; x_wconf 89' lang='lat' dir='ltr'>id</span> 
     </span>
    </p>
   </div>
   <div class='ocr_carea' id='block_1_26' title="bbox 1081 691 2113 951">
    <p class='ocr_par' dir='ltr' id='par_1_28' title="bbox 1081 691 2113 951">
     <span class='ocr_line' id='line_1_73' title="bbox 1111 691 2113 736; baseline 0 -12"><span class='ocrx_word' id='word_1_386' title='bbox 1111 698 1181 731; x_wconf 88' lang='lat' dir='ltr'>est,</span> <span class='ocrx_word' id='word_1_387' title='bbox 1210 699 1291 725; x_wconf 84' lang='lat' dir='ltr'>ante</span> <span class='ocrx_word' id='word_1_388' title='bbox 1316 692 1412 736; x_wconf 90' lang='lat' dir='ltr'>quod</span> <span class='ocrx_word' id='word_1_389' title='bbox 1433 703 1507 723; x_wconf 90' lang='lat' dir='ltr'>uon</span> <span class='ocrx_word' id='word_1_390' title='bbox 1523 697 1573 724; x_wconf 90' lang='lat' dir='ltr'>est</span> <span class='ocrx_word' id='word_1_391' title='bbox 1592 704 1761 725; x_wconf 79' lang='lat' dir='ltr'>consona.</span> <span class='ocrx_word' id='word_1_392' title='bbox 1806 691 1918 725; x_wconf 85' lang='lat' dir='ltr'>Huius</span> <span class='ocrx_word' id='word_1_393' title='bbox 1938 705 1955 732; x_wconf 83' lang='grc' dir='ltr'><em>ς</em></span> <span class='ocrx_word' id='word_1_394' title='bbox 1972 691 2113 733; x_wconf 85' lang='lat' dir='ltr'>Futuri,</span> 
     </span>
     <span class='ocr_line' id='line_1_74' title="bbox 1082 742 1563 778; baseline 0 -2"><span class='ocrx_word' id='word_1_395' title='bbox 1082 772 1083 776; x_wconf 71' lang='grc'>,</span> <span class='ocrx_word' id='word_1_396' title='bbox 1109 757 1132 778; x_wconf 82' lang='grc' dir='ltr'>κ</span> <span class='ocrx_word' id='word_1_397' title='bbox 1150 743 1341 777; x_wconf 77' lang='lat' dir='ltr'>Praeteriti</span> <span class='ocrx_word' id='word_1_398' title='bbox 1358 742 1563 776; x_wconf 80' lang='lat' dir='ltr'>formativa.</span> 
     </span>
     <span class='ocr_line' id='line_1_75' title="bbox 1082 802 2048 848; baseline 0 -10"><span class='ocrx_word' id='word_1_399' title='bbox 1082 815 1083 846; x_wconf 76' lang='lat' dir='ltr'><strong>j</strong></span> <span class='ocrx_word' id='word_1_400' title='bbox 1107 803 1193 848; x_wconf 80' lang='grc' dir='ltr'><em>μύω</em></span> <span class='ocrx_word' id='word_1_401' title='bbox 1372 802 1484 838; x_wconf 72' lang='grc' dir='ltr'><em>ποιέω</em></span> <span class='ocrx_word' id='word_1_402' title='bbox 1640 802 1762 847; x_wconf 79' lang='grc' dir='ltr'><em>τιμάω</em></span> <span class='ocrx_word' id='word_1_403' title='bbox 1903 802 2048 838; x_wconf 79' lang='grc' dir='ltr'><em>ἱππεύω</em></span> 
     </span>
     <span class='ocr_line' id='line_1_76' title="bbox 1081 852 2072 904; baseline 0.001 -16"><span class='ocrx_word' id='word_1_404' title='bbox 1081 864 1083 904; x_wconf 57' lang='lat' dir='ltr'><strong><em>J</em></strong></span> <span class='ocrx_word' id='word_1_405' title='bbox 1107 854 1218 900; x_wconf 81' lang='grc' dir='ltr'><em>μύσω</em></span> <span class='ocrx_word' id='word_1_406' title='bbox 1373 853 1515 900; x_wconf 81' lang='grc' dir='ltr'><em>ποιήσω</em></span> <span class='ocrx_word' id='word_1_407' title='bbox 1640 853 1782 900; x_wconf 78' lang='grc' dir='ltr'><em>τιμήσω</em></span> <span class='ocrx_word' id='word_1_408' title='bbox 1903 852 2072 889; x_wconf 70' lang='grc' dir='ltr'><em>ἱππεύσω</em></span> 
     </span>
     <span class='ocr_line' id='line_1_77' title="bbox 1081 905 2076 951; baseline 0.002 -11"><span class='ocrx_word' id='word_1_409' title='bbox 1081 910 1082 916; x_wconf 75' lang='grc'>’</span> <span class='ocrx_word' id='word_1_410' title='bbox 1107 906 1257 951; x_wconf 76' lang='grc' dir='ltr'><em>μίμυκα</em></span> <span class='ocrx_word' id='word_1_411' title='bbox 1374 905 1555 951; x_wconf 71' lang='grc' dir='ltr'>πεποίηκα</span> <span class='ocrx_word' id='word_1_412' title='bbox 1638 905 1815 951; x_wconf 76' lang='grc' dir='ltr'>τετίμηκα</span> <span class='ocrx_word' id='word_1_413' title='bbox 1901 906 2076 942; x_wconf 55' lang='lat' dir='ltr'>tamum.</span> 
     </span>
    </p>
   </div>
   <div class='ocr_carea' id='block_1_27' title="bbox 1107 973 2111 1073">
    <p class='ocr_par' dir='ltr' id='par_1_29' title="bbox 1107 973 2111 1073">
     <span class='ocr_line' id='line_1_78' title="bbox 1213 973 2111 1021; baseline -0.001 -13"><span class='ocrx_word' id='word_1_414' title='bbox 1213 976 1330 1021; x_wconf 83' lang='lat' dir='ltr'>Atque</span> <span class='ocrx_word' id='word_1_415' title='bbox 1351 973 1383 1007; x_wconf 85' lang='lat' dir='ltr'>h</span> <span class='ocrx_word' id='word_1_416' title='bbox 1377 988 1436 1008; x_wconf 69' lang='lat' dir='ltr'>aen</span> <span class='ocrx_word' id='word_1_417' title='bbox 1455 982 1503 1008; x_wconf 78' lang='lat' dir='ltr'>est</span> <span class='ocrx_word' id='word_1_418' title='bbox 1524 975 1752 1018; x_wconf 79' lang='lat' dir='ltr'>coniugatio,</span> <span class='ocrx_word' id='word_1_419' title='bbox 1780 988 1797 1007; x_wconf 81' lang='lat' dir='ltr'>e</span> <span class='ocrx_word' id='word_1_420' title='bbox 1817 988 1886 1020; x_wconf 87' lang='lat' dir='ltr'>qua</span> <span class='ocrx_word' id='word_1_421' title='bbox 1907 982 1941 1007; x_wconf 88' lang='lat' dir='ltr'>et</span> <span class='ocrx_word' id='word_1_422' title='bbox 1961 975 2111 1008; x_wconf 85' lang='lat' dir='ltr'>circum-</span> 
     </span>
     <span class='ocr_line' id='line_1_79' title="bbox 1107 1001 1872 1073; baseline 0.001 -14"><span class='ocrx_word' id='word_1_423' title='bbox 1107 1027 1196 1060; x_wconf 76' lang='lat' dir='ltr'>flexa</span> <span class='ocrx_word' id='word_1_424' title='bbox 1214 1034 1247 1060; x_wconf 92' lang='lat' dir='ltr'>et</span> <span class='ocrx_word' id='word_1_425' title='bbox 1264 1040 1325 1073; x_wconf 69' lang='grc' dir='ltr'>(Ῑιιι</span> <span class='ocrx_word' id='word_1_426' title='bbox 1316 1040 1356 1059; x_wconf 83' lang='lat' dir='ltr'>ae</span> <span class='ocrx_word' id='word_1_427' title='bbox 1373 1040 1413 1071; x_wconf 84' lang='grc' dir='ltr'>μι</span> <span class='ocrx_word' id='word_1_428' title='bbox 1432 1027 1621 1066; x_wconf 83' lang='lat' dir='ltr'>desinunt,</span> <span class='ocrx_word' id='word_1_429' title='bbox 1634 1001 1872 1060; x_wconf 59' lang='lat' dir='ltr'>oderivantur.</span> 
     </span>
    </p>
   </div>
   <div class='ocr_carea' id='block_1_28' title="bbox 1316 1121 1697 1164">
    <p class='ocr_par' dir='ltr' id='par_1_30' title="bbox 1316 1121 1697 1164">
     <span class='ocr_line' id='line_1_80' title="bbox 1316 1121 1697 1164; baseline 0 -10"><span class='ocrx_word' id='word_1_430' title='bbox 1316 1121 1377 1154; x_wconf 89' lang='lat' dir='ltr'>Da</span> <span class='ocrx_word' id='word_1_431' title='bbox 1407 1121 1697 1164; x_wconf 79' lang='lat' dir='ltr'>Paradigma.</span> 
     </span>
    </p>
   </div>
   <div class='ocr_carea' id='block_1_29' title="bbox 1755 1120 1895 1157">
    <p class='ocr_par' dir='ltr' id='par_1_31' title="bbox 1755 1120 1895 1157">
     <span class='ocr_line' id='line_1_81' title="bbox 1755 1120 1895 1157; baseline 0.014 -2"><span class='ocrx_word' id='word_1_432' title='bbox 1755 1120 1895 1157; x_wconf 74' lang='grc' dir='ltr'><em>τύπτω.</em></span> 
     </span>
    </p>
   </div>
   <div class='ocr_carea' id='block_1_30' title="bbox 1109 1196 2115 1506">
    <p class='ocr_par' dir='ltr' id='par_1_32' title="bbox 1109 1196 2115 1506">
     <span class='ocr_line' id='line_1_82' title="bbox 1212 1196 2113 1242; baseline 0 -11"><span class='ocrx_word' id='word_1_433' title='bbox 1212 1199 1280 1231; x_wconf 87' lang='lat' dir='ltr'>Sex</span> <span class='ocrx_word' id='word_1_434' title='bbox 1299 1199 1444 1232; x_wconf 87' lang='lat' dir='ltr'>ordines</span> <span class='ocrx_word' id='word_1_435' title='bbox 1461 1199 1756 1242; x_wconf 74' lang='lat' dir='ltr'>coniugationum</span> <span class='ocrx_word' id='word_1_436' title='bbox 1782 1199 1887 1231; x_wconf 89' lang='lat' dir='ltr'>unico</span> <span class='ocrx_word' id='word_1_437' title='bbox 1914 1196 1982 1231; x_wconf 84' lang='lat' dir='ltr'>hoc</span> <span class='ocrx_word' id='word_1_438' title='bbox 2008 1205 2113 1232; x_wconf 91' lang='lat' dir='ltr'>utun-</span> 
     </span>
     <span class='ocr_line' id='line_1_83' title="bbox 1504 1250 2114 1295; baseline 0.005 -14"><span class='ocrx_word' id='word_1_439' title='bbox 1504 1251 1652 1284; x_wconf 70' lang='lat' dir='ltr'>variatis</span> <span class='ocrx_word' id='word_1_440' title='bbox 1688 1250 1889 1295; x_wconf 85' lang='lat' dir='ltr'>praeteritis</span> <span class='ocrx_word' id='word_1_441' title='bbox 1919 1257 1953 1283; x_wconf 88' lang='lat' dir='ltr'>et</span> <span class='ocrx_word' id='word_1_442' title='bbox 1985 1251 2114 1284; x_wconf 82' lang='lat' dir='ltr'>suturis</span> 
     </span>
     <span class='ocr_line' id='line_1_84' title="bbox 1850 1302 2113 1347; baseline 0.004 -13"><span class='ocrx_word' id='word_1_443' title='bbox 1850 1302 1960 1347; x_wconf 81' lang='lat' dir='ltr'>Atqui</span> <span class='ocrx_word' id='word_1_444' title='bbox 1978 1309 2113 1346; x_wconf 81' lang='lat' dir='ltr'>specta—</span> 
     </span>
     <span class='ocr_line' id='line_1_85' title="bbox 1109 1354 2113 1399; baseline 0.001 -14"><span class='ocrx_word' id='word_1_445' title='bbox 1109 1354 1162 1386; x_wconf 87' lang='lat' dir='ltr'>bis</span> <span class='ocrx_word' id='word_1_446' title='bbox 1182 1354 1215 1385; x_wconf 93' lang='lat' dir='ltr'>in</span> <span class='ocrx_word' id='word_1_447' title='bbox 1235 1354 1504 1398; x_wconf 75' lang='lat' dir='ltr'>paradigmate,</span> <span class='ocrx_word' id='word_1_448' title='bbox 1533 1356 1717 1399; x_wconf 84' lang='lat' dir='ltr'>quomodo</span> <span class='ocrx_word' id='word_1_449' title='bbox 1743 1361 1882 1397; x_wconf 82' lang='lat' dir='ltr'>teinpus</span> <span class='ocrx_word' id='word_1_450' title='bbox 1909 1366 1926 1386; x_wconf 90' lang='lat' dir='ltr'>e</span> <span class='ocrx_word' id='word_1_451' title='bbox 1951 1361 2113 1398; x_wconf 84' lang='lat' dir='ltr'>tempore</span> 
     </span>
     <span class='ocr_line' id='line_1_86' title="bbox 1111 1404 2114 1452; baseline 0.001 -14"><span class='ocrx_word' id='word_1_452' title='bbox 1111 1405 1269 1444; x_wconf 82' lang='lat' dir='ltr'>oriatur,</span> <span class='ocrx_word' id='word_1_453' title='bbox 1295 1412 1333 1438; x_wconf 84' lang='lat' dir='ltr'>ut</span> <span class='ocrx_word' id='word_1_454' title='bbox 1353 1418 1370 1437; x_wconf 89' lang='lat' dir='ltr'>a</span> <span class='ocrx_word' id='word_1_455' title='bbox 1386 1404 1497 1452; x_wconf 77' lang='grc' dir='ltr'><em>τύψω</em></span> <span class='ocrx_word' id='word_1_456' title='bbox 1513 1404 1652 1451; x_wconf 74' lang='grc' dir='ltr'><em>ἔτυψα;</em></span> <span class='ocrx_word' id='word_1_457' title='bbox 1694 1406 1777 1438; x_wconf 84' lang='lat' dir='ltr'>item</span> <span class='ocrx_word' id='word_1_458' title='bbox 1801 1418 1907 1451; x_wconf 84' lang='lat' dir='ltr'>quam</span> <span class='ocrx_word' id='word_1_459' title='bbox 1927 1406 2114 1450; x_wconf 85' lang='lat' dir='ltr'>multiplex</span> 
     </span>
     <span class='ocr_line' id='line_1_87' title="bbox 1557 1456 2115 1506; baseline 0.002 -18"><span class='ocrx_word' id='word_1_460' title='bbox 1557 1457 1625 1489; x_wconf 91' lang='lat' dir='ltr'>alia</span> <span class='ocrx_word' id='word_1_461' title='bbox 1663 1458 1852 1501; x_wconf 82' lang='lat' dir='ltr'>principii,</span> <span class='ocrx_word' id='word_1_462' title='bbox 1898 1457 1965 1489; x_wconf 86' lang='lat' dir='ltr'>alia</span> <span class='ocrx_word' id='word_1_463' title='bbox 1994 1456 2115 1506; x_wconf 64' lang='grc' dir='ltr'><em>ἐγκλί-</em></span> 
     </span>
    </p>
   </div>
   <div class='ocr_carea' id='block_1_31' title="bbox 1083 1505 2113 1555">
    <p class='ocr_par' dir='ltr' id='par_1_33' title="bbox 1083 1505 2113 1555">
     <span class='ocr_line' id='line_1_88' title="bbox 1083 1505 2113 1555; baseline -0.001 -12"><span class='ocrx_word' id='word_1_464' title='bbox 1083 1505 1086 1528; x_wconf 61' lang='lat'><em>³</em></span> <span class='ocrx_word' id='word_1_465' title='bbox 1112 1521 1202 1547; x_wconf 71' lang='grc' dir='ltr'><em>σεως</em></span> <span class='ocrx_word' id='word_1_466' title='bbox 1220 1521 1281 1542; x_wconf 82' lang='lat' dir='ltr'>seu</span> <span class='ocrx_word' id='word_1_467' title='bbox 1297 1508 1397 1547; x_wconf 78' lang='lat' dir='ltr'>finis,</span> <span class='ocrx_word' id='word_1_468' title='bbox 1426 1515 1464 1541; x_wconf 90' lang='lat' dir='ltr'>ut</span> <span class='ocrx_word' id='word_1_469' title='bbox 1487 1507 1630 1555; x_wconf 82' lang='grc' dir='ltr'><em>τέτυφα</em></span> <span class='ocrx_word' id='word_1_470' title='bbox 1658 1521 1675 1541; x_wconf 88' lang='lat' dir='ltr'>a</span> <span class='ocrx_word' id='word_1_471' title='bbox 1697 1506 1826 1544; x_wconf 80' lang='grc' dir='ltr'><em>τύπτω</em></span> <span class='ocrx_word' id='word_1_472' title='bbox 1843 1510 2009 1549; x_wconf 82' lang='lat' dir='ltr'>descivit,</span> <span class='ocrx_word' id='word_1_473' title='bbox 2038 1522 2113 1542; x_wconf 91' lang='lat' dir='ltr'>non</span> 
     </span>
    </p>
   </div>
   <div class='ocr_carea' id='block_1_32' title="bbox 1756 1561 2113 1605">
    <p class='ocr_par' dir='ltr' id='par_1_34' title="bbox 1756 1561 2113 1605">
     <span class='ocr_line' id='line_1_89' title="bbox 1756 1561 2113 1605; baseline -0.003 -11"><span class='ocrx_word' id='word_1_474' title='bbox 1756 1562 1815 1594; x_wconf 78' lang='lat' dir='ltr'>sed</span> <span class='ocrx_word' id='word_1_475' title='bbox 1847 1561 1953 1594; x_wconf 73' lang='lat' dir='ltr'>etiam</span> <span class='ocrx_word' id='word_1_476' title='bbox 1983 1561 2113 1605; x_wconf 77' lang='lat' dir='ltr'>princi-</span> 
     </span>
    </p>
   </div>
   <div class='ocr_carea' id='block_1_33' title="bbox 1688 1715 2113 1759">
    <p class='ocr_par' dir='ltr' id='par_1_35' title="bbox 1688 1715 2113 1759">
     <span class='ocr_line' id='line_1_90' title="bbox 1688 1715 2113 1759; baseline 0 -11"><span class='ocrx_word' id='word_1_477' title='bbox 1688 1715 1822 1759; x_wconf 83' lang='lat' dir='ltr'>pariter</span> <span class='ocrx_word' id='word_1_478' title='bbox 1840 1715 1942 1748; x_wconf 86' lang='lat' dir='ltr'>initio</span> <span class='ocrx_word' id='word_1_479' title='bbox 1960 1716 2113 1749; x_wconf 88' lang='lat' dir='ltr'>variant.</span> 
     </span>
    </p>
   </div>
   <div class='ocr_carea' id='block_1_34' title="bbox 1219 1834 2112 1895">
    <p class='ocr_par' dir='ltr' id='par_1_36' title="bbox 1219 1834 2112 1895">
     <span class='ocr_line' id='line_1_91' title="bbox 1219 1834 2112 1895; baseline -0.002 -26"><span class='ocrx_word' id='word_1_480' title='bbox 1219 1834 1513 1869; x_wconf 85' lang='lat' dir='ltr'>Cl1ar¹2cteristic¹2</span> <span class='ocrx_word' id='word_1_481' title='bbox 1545 1835 1735 1868; x_wconf 64' lang='lat' dir='ltr'>Praeteriti</span> <span class='ocrx_word' id='word_1_482' title='bbox 1749 1835 2112 1895; x_wconf 78' lang='lat' dir='ltr'>plusquamperfecti</span> 
     </span>
    </p>
   </div>
   <div class='ocr_carea' id='block_1_35' title="bbox 1086 1882 2112 1934">
    <p class='ocr_par' dir='ltr' id='par_1_37' title="bbox 1086 1882 2112 1934">
     <span class='ocr_line' id='line_1_92' title="bbox 1086 1882 2112 1934; baseline -0.002 -13"><span class='ocrx_word' id='word_1_483' title='bbox 1086 1902 1087 1906; x_wconf 55' lang='lat'>¹</span> <span class='ocrx_word' id='word_1_484' title='bbox 1114 1903 1131 1922; x_wconf 85' lang='grc' dir='ltr'>ιι</span> <span class='ocrx_word' id='word_1_485' title='bbox 1153 1889 1309 1933; x_wconf 81' lang='lat' dir='ltr'>perfecto</span> <span class='ocrx_word' id='word_1_486' title='bbox 1331 1887 1464 1932; x_wconf 73' lang='lat' dir='ltr'>petitur</span> <span class='ocrx_word' id='word_1_487' title='bbox 1489 1899 1631 1933; x_wconf 73' lang='grc' dir='ltr'><em>τετυφα</em></span> <span class='ocrx_word' id='word_1_488' title='bbox 1656 1882 1865 1933; x_wconf 73' lang='grc' dir='ltr'>ἕτετύφειν,</span> <span class='ocrx_word' id='word_1_489' title='bbox 1901 1901 1929 1934; x_wconf 89' lang='grc' dir='ltr'>φ</span> <span class='ocrx_word' id='word_1_490' title='bbox 1952 1888 1987 1919; x_wconf 88' lang='lat' dir='ltr'>in</span> <span class='ocrx_word' id='word_1_491' title='bbox 2014 1894 2112 1919; x_wconf 89' lang='lat' dir='ltr'>utro-</span> 
     </span>
    </p>
   </div>
   <div class='ocr_carea' id='block_1_36' title="bbox 1114 1935 2114 2502">
    <p class='ocr_par' dir='ltr' id='par_1_38' title="bbox 1114 1935 2114 2502">
     <span class='ocr_line' id='line_1_93' title="bbox 1115 1935 2114 1987; baseline -0.002 -13"><span class='ocrx_word' id='word_1_492' title='bbox 1115 1954 1183 1987; x_wconf 81' lang='lat' dir='ltr'>que</span> <span class='ocrx_word' id='word_1_493' title='bbox 1220 1947 1270 1974; x_wconf 81' lang='lat' dir='ltr'>est</span> <span class='ocrx_word' id='word_1_494' title='bbox 1302 1938 1355 1972; x_wconf 86' lang='lat' dir='ltr'>cb.</span> <span class='ocrx_word' id='word_1_495' title='bbox 1360 1952 1387 1972; x_wconf 90' lang='lat'>21</span> <span class='ocrx_word' id='word_1_496' title='bbox 1391 1939 1586 1972; x_wconf 80' lang='lat' dir='ltr'>acteristica</span> <span class='ocrx_word' id='word_1_497' title='bbox 1611 1939 1746 1972; x_wconf 82' lang='lat' dir='ltr'>Aoristi</span> <span class='ocrx_word' id='word_1_498' title='bbox 1779 1952 1796 1971; x_wconf 86' lang='grc' dir='ltr'>ἰ</span> <span class='ocrx_word' id='word_1_499' title='bbox 1823 1940 1961 1973; x_wconf 72' lang='lat' dir='ltr'>Fuluio</span> <span class='ocrx_word' id='word_1_500' title='bbox 1990 1935 2114 1984; x_wconf 76' lang='grc' dir='ltr'><em>τύψω,</em></span> 
     </span>
     <span class='ocr_line' id='line_1_94' title="bbox 1115 1988 2112 2039; baseline -0.006 -12"><span class='ocrx_word' id='word_1_501' title='bbox 1115 1992 1247 2039; x_wconf 68' lang='grc' dir='ltr'><em>ἕτυψα.</em></span> <span class='ocrx_word' id='word_1_502' title='bbox 1293 1992 1399 2024; x_wconf 77' lang='lat' dir='ltr'>Fines</span> <span class='ocrx_word' id='word_1_503' title='bbox 1418 2003 1501 2033; x_wconf 74' lang='lat' dir='ltr'>ergo</span> <span class='ocrx_word' id='word_1_504' title='bbox 1522 2004 1584 2034; x_wconf 68' lang='lat' dir='ltr'>per</span> <span class='ocrx_word' id='word_1_505' title='bbox 1606 1988 1910 2025; x_wconf 71' lang='lat' dir='ltr'>rbaracteristicas</span> <span class='ocrx_word' id='word_1_506' title='bbox 1926 1991 2052 2023; x_wconf 88' lang='lat' dir='ltr'>Futuri</span> <span class='ocrx_word' id='word_1_507' title='bbox 2073 2002 2112 2022; x_wconf 87' lang='lat' dir='ltr'>ac</span> 
     </span>
     <span class='ocr_line' id='line_1_95' title="bbox 1117 2040 2111 2077; baseline -0.004 0"><span class='ocrx_word' id='word_1_508' title='bbox 1117 2044 1305 2077; x_wconf 82' lang='lat' dir='ltr'>Praeteriti</span> <span class='ocrx_word' id='word_1_509' title='bbox 1326 2043 1524 2075; x_wconf 80' lang='lat' dir='ltr'>variantur.</span> <span class='ocrx_word' id='word_1_510' title='bbox 1578 2042 1649 2075; x_wconf 83' lang='lat' dir='ltr'>Fac</span> <span class='ocrx_word' id='word_1_511' title='bbox 1667 2040 2035 2076; x_wconf 76' lang='lat' dir='ltr'>cbaracteristirariuu</span> <span class='ocrx_word' id='word_1_512' title='bbox 2057 2055 2111 2074; x_wconf 83' lang='lat' dir='ltr'>ra-</span> 
     </span>
     <span class='ocr_line' id='line_1_96' title="bbox 1683 2093 2112 2137; baseline 0.005 -12"><span class='ocrx_word' id='word_1_513' title='bbox 1683 2100 1719 2125; x_wconf 90' lang='lat' dir='ltr'>ut</span> <span class='ocrx_word' id='word_1_514' title='bbox 1752 2094 1898 2137; x_wconf 82' lang='lat' dir='ltr'>singulis</span> <span class='ocrx_word' id='word_1_515' title='bbox 1925 2093 2112 2127; x_wconf 83' lang='lat' dir='ltr'>ordinibus</span> 
     </span>
     <span class='ocr_line' id='line_1_97' title="bbox 1115 2146 2112 2191; baseline -0.003 -9"><span class='ocrx_word' id='word_1_516' title='bbox 1115 2149 1274 2191; x_wconf 77' lang='lat' dir='ltr'>singulos</span> <span class='ocrx_word' id='word_1_517' title='bbox 1298 2146 1520 2180; x_wconf 70' lang='lat' dir='ltr'>characteres</span> <span class='ocrx_word' id='word_1_518' title='bbox 1551 2152 1657 2191; x_wconf 85' lang='lat' dir='ltr'>atque</span> <span class='ocrx_word' id='word_1_519' title='bbox 1684 2146 1774 2177; x_wconf 86' lang='lat' dir='ltr'>adeo</span> <span class='ocrx_word' id='word_1_520' title='bbox 1799 2153 1968 2189; x_wconf 74' lang='lat' dir='ltr'>cognatas</span> <span class='ocrx_word' id='word_1_521' title='bbox 1992 2146 2112 2179; x_wconf 84' lang='lat' dir='ltr'>literas</span> 
     </span>
     <span class='ocr_line' id='line_1_98' title="bbox 1341 2197 2108 2241; baseline -0.003 -11"><span class='ocrx_word' id='word_1_522' title='bbox 1341 2200 1377 2233; x_wconf 86' lang='lat' dir='ltr'><em>B</em></span> <span class='ocrx_word' id='word_1_523' title='bbox 1403 2211 1480 2230; x_wconf 88' lang='lat' dir='ltr'>cum</span> <span class='ocrx_word' id='word_1_524' title='bbox 1506 2211 1531 2232; x_wconf 83' lang='grc' dir='ltr'><em>π</em></span> <span class='ocrx_word' id='word_1_525' title='bbox 1556 2204 1704 2239; x_wconf 68' lang='lat' dir='ltr'>cognata</span> <span class='ocrx_word' id='word_1_526' title='bbox 1730 2204 1798 2236; x_wconf 89' lang='lat' dir='ltr'>est,</span> <span class='ocrx_word' id='word_1_527' title='bbox 1842 2210 1926 2241; x_wconf 76' lang='lat' dir='ltr'>ergo</span> <span class='ocrx_word' id='word_1_528' title='bbox 1952 2197 2108 2230; x_wconf 86' lang='lat' dir='ltr'>eiusdem</span> 
     </span>
     <span class='ocr_line' id='line_1_99' title="bbox 1115 2247 2112 2294; baseline -0.006 -8"><span class='ocrx_word' id='word_1_529' title='bbox 1115 2258 1197 2286; x_wconf 87' lang='lat' dir='ltr'>suut</span> <span class='ocrx_word' id='word_1_530' title='bbox 1229 2250 1504 2294; x_wconf 72' lang='lat' dir='ltr'>coniugatiouis.</span> <span class='ocrx_word' id='word_1_531' title='bbox 1576 2250 1615 2283; x_wconf 80' lang='grc' dir='ltr'><em>Φ</em></span> <span class='ocrx_word' id='word_1_532' title='bbox 1648 2262 1726 2282; x_wconf 86' lang='lat' dir='ltr'>cum</span> <span class='ocrx_word' id='word_1_533' title='bbox 1761 2263 1783 2283; x_wconf 83' lang='grc' dir='ltr'><em>κ</em></span> <span class='ocrx_word' id='word_1_534' title='bbox 1808 2247 1896 2282; x_wconf 84' lang='lat' dir='ltr'>nibil</span> <span class='ocrx_word' id='word_1_535' title='bbox 1932 2250 2112 2289; x_wconf 78' lang='lat' dir='ltr'>convenit,</span> 
     </span>
     <span class='ocr_line' id='line_1_100' title="bbox 1115 2300 2110 2347; baseline -0.004 -11"><span class='ocrx_word' id='word_1_536' title='bbox 1115 2304 1261 2336; x_wconf 82' lang='lat' dir='ltr'>alterius</span> <span class='ocrx_word' id='word_1_537' title='bbox 1279 2309 1329 2336; x_wconf 85' lang='lat' dir='ltr'>est</span> <span class='ocrx_word' id='word_1_538' title='bbox 1354 2302 1461 2344; x_wconf 74' lang='lat' dir='ltr'>igitur</span> <span class='ocrx_word' id='word_1_539' title='bbox 1481 2302 1617 2335; x_wconf 82' lang='lat' dir='ltr'>ordinis</span> <span class='ocrx_word' id='word_1_540' title='bbox 1635 2314 1676 2342; x_wconf 83' lang='grc' dir='ltr'>κ,</span> <span class='ocrx_word' id='word_1_541' title='bbox 1714 2301 1859 2334; x_wconf 85' lang='lat' dir='ltr'>alterius</span> <span class='ocrx_word' id='word_1_542' title='bbox 1881 2315 1924 2347; x_wconf 79' lang='lat' dir='ltr'>(p.</span> <span class='ocrx_word' id='word_1_543' title='bbox 1986 2300 2110 2333; x_wconf 88' lang='lat' dir='ltr'>ludicii</span> 
     </span>
     <span class='ocr_line' id='line_1_101' title="bbox 1115 2353 2111 2397; baseline -0.004 -9"><span class='ocrx_word' id='word_1_544' title='bbox 1115 2354 1201 2388; x_wconf 83' lang='lat' dir='ltr'>baec</span> <span class='ocrx_word' id='word_1_545' title='bbox 1220 2361 1321 2393; x_wconf 85' lang='lat' dir='ltr'>sunt,</span> <span class='ocrx_word' id='word_1_546' title='bbox 1350 2361 1383 2386; x_wconf 75' lang='lat' dir='ltr'>et</span> <span class='ocrx_word' id='word_1_547' title='bbox 1402 2353 1622 2386; x_wconf 83' lang='lat' dir='ltr'>acrimoniae</span> <span class='ocrx_word' id='word_1_548' title='bbox 1642 2353 1824 2386; x_wconf 85' lang='lat' dir='ltr'>cuiusdam</span> <span class='ocrx_word' id='word_1_549' title='bbox 1848 2366 1921 2385; x_wconf 90' lang='lat' dir='ltr'>non</span> <span class='ocrx_word' id='word_1_550' title='bbox 1941 2353 2111 2397; x_wconf 73' lang='lat' dir='ltr'>plebeiae,</span> 
     </span>
     <span class='ocr_line' id='line_1_102' title="bbox 1114 2403 2111 2451; baseline -0.004 -11"><span class='ocrx_word' id='word_1_551' title='bbox 1114 2408 1188 2441; x_wconf 86' lang='lat' dir='ltr'>sine</span> <span class='ocrx_word' id='word_1_552' title='bbox 1207 2419 1277 2451; x_wconf 82' lang='lat' dir='ltr'>qua</span> <span class='ocrx_word' id='word_1_553' title='bbox 1297 2406 1474 2438; x_wconf 79' lang='lat' dir='ltr'>rationem</span> <span class='ocrx_word' id='word_1_554' title='bbox 1500 2403 1711 2450; x_wconf 72' lang='grc' dir='ltr'>μεθοδικὴν</span> <span class='ocrx_word' id='word_1_555' title='bbox 1739 2406 1928 2438; x_wconf 76' lang='lat' dir='ltr'>verborum</span> <span class='ocrx_word' id='word_1_556' title='bbox 1961 2418 2033 2437; x_wconf 87' lang='lat' dir='ltr'>uon</span> <span class='ocrx_word' id='word_1_557' title='bbox 2060 2405 2111 2436; x_wconf 87' lang='lat' dir='ltr'>sa-</span> 
     </span>
     <span class='ocr_line' id='line_1_103' title="bbox 1115 2459 1405 2502; baseline -0.007 -10"><span class='ocrx_word' id='word_1_558' title='bbox 1115 2460 1178 2492; x_wconf 81' lang='lat' dir='ltr'>cile</span> <span class='ocrx_word' id='word_1_559' title='bbox 1199 2459 1405 2502; x_wconf 80' lang='lat' dir='ltr'>adsequere.</span> 
     </span>
    </p>
   </div>
   <div class='ocr_carea' id='block_1_37' title="bbox 1115 2202 1275 2244">
    <p class='ocr_par' dir='ltr' id='par_1_39' title="bbox 1115 2202 1275 2244">
     <span class='ocr_line' id='line_1_104' title="bbox 1115 2202 1275 2244; baseline -0.006 -11"><span class='ocrx_word' id='word_1_560' title='bbox 1115 2202 1275 2244; x_wconf 71' lang='lat' dir='ltr'>deputes.</span> 
     </span>
    </p>
   </div>
   <div class='ocr_carea' id='block_1_38' title="bbox 1501 2552 1722 2594">
    <p class='ocr_par' dir='ltr' id='par_1_40' title="bbox 1501 2552 1722 2594">
     <span class='ocr_line' id='line_1_105' title="bbox 1501 2552 1722 2594; baseline -0.014 -9"><span class='ocrx_word' id='word_1_561' title='bbox 1501 2552 1722 2594; x_wconf 78' lang='lat' dir='ltr'>Coniuga.</span> 
     </span>
    </p>
   </div>
   <div class='ocr_carea' id='block_1_39' title="bbox 1115 2624 2111 2725">
    <p class='ocr_par' dir='ltr' id='par_1_41' title="bbox 1115 2624 2111 2725">
     <span class='ocr_line' id='line_1_106' title="bbox 1219 2624 2111 2668; baseline -0.007 -4"><span class='ocrx_word' id='word_1_562' title='bbox 1219 2632 1342 2664; x_wconf 78' lang='lat' dir='ltr'>Activa</span> <span class='ocrx_word' id='word_1_563' title='bbox 1364 2631 1570 2668; x_wconf 81' lang='lat' dir='ltr'>declinabo,</span> <span class='ocrx_word' id='word_1_564' title='bbox 1600 2629 1634 2661; x_wconf 92' lang='lat' dir='ltr'>id</span> <span class='ocrx_word' id='word_1_565' title='bbox 1662 2635 1732 2667; x_wconf 77' lang='lat' dir='ltr'>est,</span> <span class='ocrx_word' id='word_1_566' title='bbox 1759 2624 1933 2661; x_wconf 74' lang='grc' dir='ltr'>διάθεσιν</span> <span class='ocrx_word' id='word_1_567' title='bbox 1958 2639 2006 2665; x_wconf 82' lang='grc' dir='ltr'><em>ω,</em></span> <span class='ocrx_word' id='word_1_568' title='bbox 2039 2638 2111 2658; x_wconf 86' lang='lat' dir='ltr'>me-</span> 
     </span>
     <span class='ocr_line' id='line_1_107' title="bbox 1115 2678 2110 2725; baseline -0.007 -9"><span class='ocrx_word' id='word_1_569' title='bbox 1115 2685 1182 2717; x_wconf 89' lang='lat' dir='ltr'>diis</span> <span class='ocrx_word' id='word_1_570' title='bbox 1206 2696 1277 2717; x_wconf 82' lang='lat' dir='ltr'>non</span> <span class='ocrx_word' id='word_1_571' title='bbox 1305 2683 1494 2721; x_wconf 77' lang='lat' dir='ltr'>admixtis,</span> <span class='ocrx_word' id='word_1_572' title='bbox 1538 2694 1581 2714; x_wconf 86' lang='lat' dir='ltr'>ne</span> <span class='ocrx_word' id='word_1_573' title='bbox 1608 2680 1693 2725; x_wconf 92' lang='lat' dir='ltr'>quid</span> <span class='ocrx_word' id='word_1_574' title='bbox 1720 2692 1793 2712; x_wconf 91' lang='lat' dir='ltr'>non</span> <span class='ocrx_word' id='word_1_575' title='bbox 1820 2678 1944 2709; x_wconf 85' lang='lat' dir='ltr'>ordine</span> <span class='ocrx_word' id='word_1_576' title='bbox 1969 2690 2032 2710; x_wconf 83' lang='lat' dir='ltr'>suo</span> <span class='ocrx_word' id='word_1_577' title='bbox 2058 2678 2110 2710; x_wconf 90' lang='lat' dir='ltr'>iu-</span> 
     </span>
    </p>
   </div>
   <div class='ocr_carea' id='block_1_40' title="bbox 1087 2742 1433 2779">
    <p class='ocr_par' dir='ltr' id='par_1_42' title="bbox 1087 2742 1433 2779">
     <span class='ocr_line' id='line_1_108' title="bbox 1087 2742 1433 2779; baseline 0 -12"><span class='ocrx_word' id='word_1_578' title='bbox 1087 2774 1089 2776; x_wconf 27' lang='lat'>,</span> <span class='ocrx_word' id='word_1_579' title='bbox 1117 2742 1242 2769; x_wconf 83' lang='lat' dir='ltr'>ventus</span> <span class='ocrx_word' id='word_1_580' title='bbox 1264 2742 1433 2779; x_wconf 78' lang='lat' dir='ltr'>expectet.</span> 
     </span>
    </p>
   </div>
   <div class='ocr_carea' id='block_1_41' title="bbox 1606 2779 1662 2816">
    <p class='ocr_par' dir='ltr' id='par_1_43' title="bbox 1606 2779 1662 2816">
     <span class='ocr_line' id='line_1_109' title="bbox 1606 2779 1662 2816; baseline 0 -19"><span class='ocrx_word' id='word_1_581' title='bbox 1606 2779 1662 2816; x_wconf 57' lang='grc' dir='ltr'>δὲ*</span> 
     </span>
    </p>
   </div>
  </div>
 </body>
</html>
