2389 3037
64 105 141 139 797
700 97 1063 134 ADDITAMENTA
1090 98 1156 133 AD
1185 97 1328 132 VOLL.
1357 96 1484 131 1--X.
2046 97 2122 132 798

66 189 302 230 calendario,
337 188 435 234 quod
461 187 507 220 ad
532 199 597 220 nos
622 186 805 230 pervenit,
843 185 942 220 statis
971 186 1068 219 festis
1096 214 1099 222 .
1228 184 1378 229 Quoties
1404 183 1555 226 leg-imus
1581 195 1599 214 a
1620 181 1698 215 Deo
1723 195 1787 227 per
1806 182 1947 216 Moisen
1966 183 2124 226 praecipi

67 241 192 288 populi
209 240 389 280 Romani,
423 239 530 272 etiam
549 236 718 272 historias
735 239 907 283 quasdam
933 250 1070 270 memo·
1123 235 1283 276 ludaeis,
1319 242 1359 269 ut
1390 235 1574 267 mirandas
1605 234 1716 278 ipsius
1741 234 1972 268 liberationes
2000 236 2123 267 crebra

62 290 196 327 ‘rabiles
226 304 388 336 aspersas
415 302 510 330 esse,
547 303 636 335 quas
661 290 854 323 voluerunt
878 289 1070 322 Pontifices
1124 287 1338 332 repetitione
1361 286 1441 320 filiis
1464 287 1535 320 suis
1561 286 1756 319 inculcent!
1810 285 1857 319 Et
1875 286 2019 331 quidem
2041 285 2127 318 dicit

66 356 187 378 annua
214 343 429 388 repetitione
453 343 498 375 ad
524 353 668 374 omnem
688 341 933 386 posteritatem
955 347 1071 374 trans·
1125 346 1240 372 textus
1265 337 1479 371 nominatim
1495 364 1502 375 ,
1537 337 1618 370 ideo
1648 338 1734 371 festa
1760 337 1921 371 instituta
1950 349 2042 377 esse,
2076 343 2128 377 ut,

67 396 173 430 mitti.
1125 391 1153 424 si
1174 391 1397 433 interrogent
1415 389 1561 434 posteri,
1591 390 1677 434 quid
1695 389 1762 423 sibi
1779 389 1869 423 ritus
1885 389 1935 421 illi
1953 389 2126 422 festorum

169 446 274 480 Hunc
304 444 535 478 utilissimum
568 456 705 478 morem
737 444 1070 489 antiquissimorum
1125 443 1237 475 velint
1250 469 1258 481 ,
1285 442 1425 475 edoceri
1444 441 1581 485 possint
1598 442 1641 474 de
1659 441 1743 485 ipsis
1760 441 1939 474 beneficiis
1958 440 2024 473 Dei
2045 439 2128 474 huic

67 506 232 544 patrum,
267 496 447 537 Ecclesia,
484 508 575 542 quae
609 508 674 540 per
698 496 892 540 Apostolos
923 496 1069 528 collecta
1126 494 1261 539 populo
1287 493 1479 538 praestitis.
1534 493 1616 538 Quo
1635 499 1826 537 praecepto
1844 492 1941 526 Deus
1961 499 1993 525 et
2011 499 2129 537 poste-

66 551 153 592 fuit,
188 550 346 587 imitata,
382 546 477 582 haud
504 548 610 582 dubie
636 548 777 580 monitu
798 547 1072 592 Apostolorum,
1125 558 1186 580 ros
1208 546 1307 579 iubet
1333 557 1505 591 quaerere
1530 545 1573 577 de
1605 544 1865 589 significatione
1896 544 2053 584 rituum,
2088 555 2129 576 ac

67 601 264 648 quotannis
288 599 392 633 certis
414 600 539 634 diebus
569 599 725 633 celebrat
750 599 962 632 memoriam
988 611 1072 632 con·
1127 609 1230 631 causa
1268 596 1422 631 instituti
1456 596 1555 636 festi,
1592 603 1625 628 et
1655 602 1823 640 parentes
1858 596 1972 640 cogit,
2008 603 2066 635 ut,
2101 595 2130 629 si

68 654 181 697 cepti,
217 652 313 691 nati,
348 652 526 692 crucifixi,
559 650 779 689 resuscitati,
818 657 852 684 et
877 651 1009 695 recepti
1035 650 1072 683 in
1128 649 1277 682 omnino
1308 648 1378 693 ipsi
1407 648 1518 680 velint
1549 660 1621 682 esse
1648 655 1719 680 tam
1743 648 1912 681 scelerate
1939 646 2071 691 ingrati
2096 653 2128 679 et

70 705 209 738 coelum
238 703 388 736 Domini
420 703 534 737 nostri
560 702 639 736 lesu
664 700 817 742 Christi,
852 709 887 735 et
916 703 1070 736 aliorum
1099 704 1100 707 ’
1128 700 1314 740 obliviosi,
1343 707 1381 733 ut
1405 712 1468 744 per
1496 712 1530 733 se
1555 711 1628 732 non
1653 705 1817 743 repetant
1845 699 1914 732 illis
1932 699 2017 743 ipsis
2033 698 2130 732 sestis

69 755 301 802 quorundam
325 755 526 794 factorum,
553 761 779 798 sumptorum
809 766 850 787 ex
875 756 999 787 eadem
1020 752 1073 787 hi-
1099 753 1101 774 ³
1128 753 1252 786 diebus
1288 752 1573 796 magnitudinem
1616 750 1822 784 divinorum
1860 751 2130 790 beneficiorum,

69 807 194 847 storia,
223 818 379 852 quorum
396 811 608 851 perpetuam
629 806 665 839 in
683 805 839 839 Ecclesia
858 806 1071 839 memoriam
1100 836 1101 841 ,
1127 805 1251 838 saltem
1277 803 1433 837 filiorum
1461 815 1608 836 suorum
1634 802 1900 847 percontationi
1930 801 2130 836 necessario

70 865 210 898 extare,
237 870 312 891 non
339 858 486 902 prodest
511 858 650 897 solum,
678 858 739 892 sed
765 857 871 890 etiam
890 864 941 891 est
954 869 1074 891 neces·
1100 871 1101 876 ¹
1128 856 1402 893 satisfacientes,
1437 854 1543 888 simul
1568 854 1634 899 ipsi
1662 866 1806 899 quoque
1834 855 2030 886 eorundem
2048 864 2131 897 ope-

69 910 203 945 sarium
217 937 226 950 ,
254 910 364 955 fitque
383 909 587 955 aliquorum
612 909 737 943 talium
759 909 934 942 factorum
956 921 1073 942 recor-
1101 948 1102 951 Ἴ
1127 921 1207 942 rum
1226 907 1293 940 Dei
1313 907 1559 940 recordentur.

70 963 169 995 datio
196 961 266 995 illis
290 961 376 1006 ipsis
402 961 527 994 diebus
551 961 750 999 mensium,
779 961 908 1006 quibus
927 961 1012 994 olim
1034 973 1072 993 ea
1232 958 1309 992 Hoc
1335 964 1564 1003 praeceptum
1591 958 1697 990 etiam
1720 957 1763 988 asl
1784 969 1848 989 nos
1864 957 2043 1001 pertinere
2061 955 2132 988 exi-

71 1013 231 1047 evenisse
255 1014 462 1047 creduntur.
517 1012 619 1058 Quae
649 1013 870 1046 consuetudo
895 1012 1073 1046 Ecclesiae
1100 1051 1103 1055 .
1129 1011 1326 1049 stimemus,
1355 1010 1472 1056 quiin
1489 1009 1644 1043 Ecclesia
1665 1007 1796 1042 Christi
1815 1008 1982 1047 vivimus,
2010 1014 2042 1040 et
2058 1018 2131 1039 non

72 1065 136 1100 etsi
161 1065 206 1098 ab
231 1064 410 1110 aliquibus
435 1065 596 1109 profanis
619 1062 827 1098 hominibus
849 1070 889 1097 ut
906 1063 1074 1109 supersti-
1100 1060 1103 1070 ’
1129 1063 1272 1096 illorum
1292 1068 1432 1095 tantum
1451 1061 1728 1099 beneficiorum,
1758 1072 1849 1105 quae
1868 1060 2002 1104 populo
2020 1058 2132 1092 Israe-

72 1116 162 1151 tiosa
188 1123 223 1150 et
247 1116 384 1149 inutilis
410 1116 591 1150 interdum
621 1116 863 1149 contemnitur
895 1116 952 1161 (ut
976 1117 1075 1148 inve·
1129 1115 1227 1147 litico
1246 1113 1342 1147 Deus
1360 1114 1590 1158 peculiariter
1604 1111 1804 1156 praestitit,
1831 1111 1908 1145 iure
1926 1110 2132 1155 adoptionis

71 1168 224 1202 niuntur
246 1179 512 1213 nonnunquam
530 1168 663 1213 aliqui,
692 1169 822 1213 quibus
840 1180 965 1201 omnes
985 1167 1074 1200 anti-
1102 1199 1103 1205 ,
1130 1166 1322 1211 participes
1351 1165 1436 1198 sacti
1469 1177 1611 1204 sumus,
1658 1165 1716 1197 sed
1751 1164 1855 1195 etiam
1890 1176 1930 1196 ex
1957 1165 2132 1196 immensa

73 1220 220 1266 quitatis
243 1219 333 1253 ritus
358 1219 649 1266 improbantur),
677 1226 796 1253 tamen
818 1220 929 1252 animi
947 1219 1075 1252 libera·
1130 1217 1198 1250 Dei
1226 1216 1492 1256 misericordia,
1535 1228 1613 1248 cum
1641 1215 1747 1248 alieni
1774 1228 1928 1249 essemus
1954 1228 1971 1246 a
1997 1214 2132 1259 populo

71 1273 122 1306 les
139 1284 157 1304 a
177 1270 304 1315 primis
322 1271 426 1305 annis
443 1272 623 1305 assuefieri
641 1272 790 1311 debent,
819 1278 857 1304 ut
883 1271 1076 1316 antiquita·
1102 1284 1103 1287 ¹
1130 1269 1260 1315 ipsius,
1296 1268 1364 1301 alia
1390 1280 1534 1314 quoque
1558 1267 1695 1300 infinita
1718 1266 1782 1299 Dei
1809 1268 1901 1299 dona
1928 1268 1962 1299 in
1989 1263 2133 1299 Christo

73 1324 118 1357 tis
139 1323 198 1368 pia
222 1322 367 1356 inventa
382 1349 390 1363 ,
425 1335 517 1368 quae
542 1335 621 1356 cum
646 1324 755 1356 verbo
776 1322 843 1355 Dei
861 1328 1076 1366 congruunt,
1131 1320 1342 1366 consequuti
1359 1333 1493 1359 sumus,
1522 1332 1675 1365 quorum
1699 1319 1909 1352 memoriam
1928 1331 1994 1352 nos
2008 1329 2134 1362 perpe—

74 1381 108 1409 et
130 1374 302 1419 exemplis
319 1374 654 1420 antiquissimorum
674 1381 818 1419 patrum
837 1375 1077 1419 comproban·
1131 1380 1190 1407 tua
1211 1371 1429 1416 gratitudine
1450 1371 1629 1404 celebrare
1650 1371 1762 1404 multo
1782 1370 1906 1404 iustius
1926 1376 1997 1409 est,
2024 1382 2132 1414 quam

74 1433 153 1467 tur,
191 1437 314 1459 amare
353 1426 510 1466 discant,
550 1432 585 1459 et
611 1437 686 1459 non
714 1433 848 1459 temere
876 1426 1077 1459 convellere
1104 1451 1105 1465 ,
1131 1423 1281 1459 Iudaeos
1307 1424 1556 1457 liberationem
1584 1423 1619 1456 in
1642 1422 1799 1463 diluvio,
1829 1429 1890 1456 aut
1907 1421 2132 1455 eductionem

74 1480 244 1512 audeant.
1104 1500 1106 1523 :
1133 1489 1174 1510 ex
1201 1479 1386 1521 Aegypto,
1429 1481 1490 1509 aut
1526 1474 1803 1519 patefactionem
1839 1474 1925 1518 legis
1954 1473 2134 1506 celebrare

179 1528 271 1563 Cum
295 1528 405 1572 igitur
430 1535 568 1563 constet
593 1542 634 1562 ex
659 1526 714 1563 his
730 1529 901 1573 exemplis
919 1540 1078 1562 summo·
1104 1552 1106 1570 ᾗ
1132 1527 1327 1574 quotannis
1353 1529 1556 1571 oportebat.

75 1593 156 1616 rum
172 1577 489 1620 Patriarcharum,
520 1581 723 1614 narrationi
752 1593 870 1614 rerum
896 1587 1076 1625 gestarum
1238 1578 1313 1611 Hoc
1331 1585 1448 1611 autem
1468 1585 1507 1612 ut
1523 1578 1640 1623 aptius
1656 1577 1731 1610 fieri
1750 1577 1872 1621 possit,
1891 1578 1991 1610 decet
2007 1588 2136 1609 unum-

75 1633 113 1666 in
131 1632 289 1667 Ecclesia
314 1631 395 1665 ideo
418 1631 645 1676 potissimum
667 1632 742 1665 dies
767 1632 896 1666 alicubi
921 1632 1078 1665 adiectos
1104 1625 1107 1648 7
1132 1643 1313 1677 quemque
1330 1643 1432 1664 suurn
1451 1631 1633 1675 quoddam
1654 1629 1828 1663 eiusmodi
1845 1627 2055 1662 historicum
2075 1625 2136 1659 ha-

74 1684 199 1725 fuisse‚
236 1690 275 1718 ut
295 1683 364 1717 illis
385 1684 653 1717 recurrentibus
679 1684 874 1729 quotannis
901 1682 1078 1716 admoniti
1132 1683 1215 1715 here
1232 1682 1507 1721 Calendarium,
1536 1682 1572 1714 in
1598 1694 1669 1726 quo
1689 1681 1809 1724 legens
1828 1681 1958 1724 scripta
1975 1676 2137 1723 Prophe—

76 1736 233 1782 posteri‚
262 1741 297 1769 et
313 1747 449 1780 poenas
469 1735 723 1769 sceleratorum
749 1741 907 1774 atroces,
937 1741 970 1768 et
993 1734 1079 1767 libe·
1104 1740 1108 1776 ι
1133 1734 1199 1766 tica
1226 1739 1259 1766 et
1275 1733 1504 1777 Apostolica‚
1539 1733 1605 1766 sibi
1633 1739 1781 1765 annotet
1806 1733 1880 1765 dies
1905 1738 1938 1765 et
1958 1738 2136 1775 tempora,

76 1788 236 1822 rationes
257 1787 436 1822 Ecclesiae
463 1787 665 1827 mirandas,
700 1787 851 1821 subinde
879 1786 1000 1819 animo
1027 1793 1079 1819 at·
1104 1791 1107 1829 3
1133 1785 1262 1830 quibus
1285 1785 1422 1817 invenit
1448 1791 1561 1828 gestas
1585 1797 1640 1818 res
1659 1784 1694 1816 in
1713 1784 1890 1823 Ecclesia,
1920 1784 2045 1827 dignas
2064 1793 2137 1814 me-

77 1841 210 1874 tentius
235 1839 522 1877 considerarent;
559 1846 593 1872 et
617 1852 695 1872 eam
721 1839 766 1871 ob
793 1851 937 1872 causam
959 1838 1079 1871 Eccle-
1105 1854 1107 1892 Ι
1135 1837 1270 1876 moria,
1299 1843 1338 1869 ut
1360 1837 1445 1870 illud
1472 1843 1593 1881 postea
1619 1836 1761 1870 intuens
1786 1835 1966 1881 quotidie,
2002 1836 2044 1867 de
2069 1833 2137 1867 illis

77 1892 165 1926 siam
192 1903 338 1937 quoque
358 1891 544 1924 videamus
568 1897 683 1924 certos
705 1890 780 1923 dies
806 1890 997 1934 insignium
1025 1901 1080 1922 re·
1105 1898 1109 1960 Ι
1133 1888 1199 1921 Dei
1219 1888 1386 1932 operibus
1404 1894 1437 1921 et
1453 1887 1634 1922 beneficiis
1652 1888 1917 1920 commonefiat.

76 1955 158 1978 rum
183 1955 225 1977 ex
248 1941 398 1977 historia
422 1940 577 1983 Christi,
616 1943 714 1976 fastis
743 1942 815 1976 suis
839 1942 1080 1986 adscripsisse,
1106 1985 1107 1988 Ἴ
1237 1939 1334 1973 Haec
1367 1940 1460 1973 ratio
1487 1941 1668 1986 quandam
1695 1939 1798 1985 quasi
1822 1939 1926 1972 nobis
1950 1937 2137 1971 necessita-

77 2001 118 2029 ut
134 1994 302 2029 omnibus
317 1994 385 2039 piis
399 1994 553 2028 similem
570 1993 791 2038 diligentiam
811 1994 1081 2027 commendaret
1106 1992 1108 2040 [
1134 1998 1203 2025 tem
1230 1992 1404 2036 imponit,
1431 1998 1468 2025 ut
1486 1990 1694 2025 huiusmodi
1712 1990 1923 2034 Catalogum
1944 1989 2137 2034 insignium

79 2053 114 2080 et
134 2046 355 2091 iniungeret:
398 2047 498 2080 decet
521 2058 588 2081 nos
613 2058 758 2092 quoque
783 2052 926 2090 patrum
954 2051 1079 2079 sancto
1106 2051 1109 2099 Ἰ
1134 2050 1326 2077 eventuum
1346 2044 1450 2077 nobis
1467 2044 1532 2088 ipsi
1545 2043 1788 2083 conficiamus,
1805 2043 1833 2076 si
1852 2043 1961 2075 modo
1972 2042 2138 2073 volumus

79 2098 229 2132 consilio
256 2099 568 2142 obtemperantes,
604 2105 638 2131 et
657 2097 834 2131 Ecclesiae
861 2097 1080 2141 apostolicae
1135 2107 1214 2128 cum
1241 2108 1282 2127 eo
1309 2096 1427 2129 fructu
1444 2096 1481 2128 in
1498 2095 1649 2128 lectione
1665 2106 1848 2128 sacrorum
1866 2094 2040 2127 librorum
2062 2103 2138 2124 ver-

79 2151 178 2195 pium
211 2150 413 2194 exemplum
441 2149 642 2191 imitantes,
680 2151 829 2183 eandem
855 2149 1078 2193 diligentiam
1134 2146 1225 2187 sari,
1255 2147 1315 2192 qui
1343 2160 1360 2179 a
1385 2147 1453 2191 piis
1478 2147 1668 2191 praecipue
1688 2147 1804 2191 expeti
1821 2147 1946 2186 debet,
1974 2145 2139 2177 videlicet

78 2208 261 2247 praestare
278 2203 316 2234 in
336 2201 501 2235 universa
520 2201 673 2234 lectione
693 2201 843 2241 biblica,
872 2207 910 2233 ut
928 2201 1082 2234 ubicun-
1135 2205 1175 2232 ut
1190 2211 1265 2231 non
1282 2199 1391 2232 semel
1407 2199 1479 2239 illa,
1509 2211 1599 2244 quae
1619 2200 1661 2231 de
1680 2198 1859 2231 beneficiis
1877 2197 1946 2230 Dei
1960 2196 2139 2230 Ecclesiae

79 2266 148 2299 que
168 2260 304 2287 certum
322 2253 416 2286 diem
436 2254 529 2285 sacto
547 2253 652 2287 alicui
668 2253 835 2286 mirando
860 2253 1079 2297 adscriptum
1107 2248 1110 2290 l
1136 2248 1323 2290 exhibitis,
1358 2257 1479 2284 nostra
1513 2263 1616 2284 causa
1651 2249 1781 2294 scripta
1816 2256 1919 2289 sunt,
1958 2256 2140 2292 utcunque

79 2305 279 2346 cernimus,
307 2311 411 2349 turpe
436 2306 608 2339 ducamus
631 2305 756 2345 nobis,
784 2305 884 2338 illum
911 2304 957 2337 ita
980 2316 1081 2348 prae·
1108 2306 1109 2333 ἶ
1136 2302 1365 2346 cognovisse,
1393 2302 1477 2336 satis
1503 2314 1575 2336 esse
1601 2303 1807 2339 credamus;
1836 2302 1896 2335 sed
1921 2313 2043 2333 corum
2069 2311 2140 2331 me-

79 2363 300 2397 tercurrere,
329 2356 431 2403 quasi
458 2357 587 2391 frustra
614 2357 689 2390 eius
714 2357 849 2389 mentio
869 2368 886 2389 a
907 2356 1081 2400 scriptore
1136 2355 1289 2386 moriam
1324 2354 1372 2386 ita
1406 2355 1659 2387 confirmemus
1691 2360 1725 2385 et
1751 2353 2006 2392 exuscitemus,
2042 2357 2079 2384 ut
2106 2350 2140 2381 in

79 2408 172 2442 faeta
194 2409 260 2454 sit,
287 2415 322 2442 et
346 2420 420 2441 non
438 2409 559 2442 statim
579 2422 658 2442 eum
682 2415 876 2447 annotare,
905 2415 939 2441 et
959 2407 1083 2440 memi-
1108 2430 1109 2451 1
1136 2406 1240 2439 nohis
1267 2406 1377 2438 timor
1397 2405 1481 2447 Dei,
1509 2406 1636 2438 fiducia
1664 2405 1860 2449 promissae
1886 2404 1982 2449 opis,
2013 2402 2140 2445 implo-

79 2459 173 2494 nisse
198 2461 236 2494 in
261 2458 357 2494 hunc
382 2461 497 2504 ipsum
525 2474 650 2500 usum,
684 2466 724 2494 ut
747 2460 941 2505 quotannis
964 2471 1083 2492 rever-
1137 2458 1229 2490 ratIO
1257 2464 1290 2490 et
1315 2457 1514 2501 expectatio
1541 2463 1658 2489 certae
1677 2456 1922 2495 liberationis,
1955 2453 2140 2500 patientia,

81 2518 177 2545 tente
213 2514 338 2546 eodem
375 2513 433 2546 die
468 2512 665 2552 admoniti,
708 2511 775 2544 Dei
814 2512 1011 2556 potentiam
1050 2517 1084 2543 et
1109 2518 1111 2553 fl
1138 2516 1171 2543 et
1189 2509 1247 2542 alii
1267 2509 1316 2553 pii
1334 2515 1452 2542 motus
1468 2509 1619 2542 subinde
1638 2509 1890 2541 accendantur.

80 2564 301 2604 bonitatem,
337 2577 415 2598 cum
444 2565 479 2597 in
506 2563 696 2609 puniendis
721 2563 884 2608 tyrannis
909 2570 941 2596 et
967 2575 1082 2607 perse·
1242 2561 1308 2594 Sed
1346 2563 1387 2593 ad
1426 2559 1519 2593 hanc
1554 2560 1655 2605 quasi
1692 2560 1936 2593 necessitatem
1969 2557 2142 2589 accedunt

81 2615 265 2651 cutoribus
302 2617 464 2660 piorum,
502 2623 576 2650 tum
612 2617 647 2649 in
681 2616 866 2648 liberanda
897 2622 931 2648 et
964 2615 1083 2647 defen·
1110 2653 1111 2664 ἵ
1138 2613 1244 2646 etiam
1271 2612 1442 2646 utilitates
1461 2614 1638 2658 quaedam
1660 2624 1887 2657 nequaquam
1910 2615 2141 2641 contemnen-

81 2669 197 2700 denda
217 2667 393 2709 Ecclesia,
423 2669 545 2701 animo
569 2674 671 2713 grato
692 2667 909 2701 celebremus
929 2673 961 2700 et
983 2679 1084 2711 prae-
1110 2669 1111 2676 ¹
1138 2666 1221 2704 dae,
1257 2665 1373 2709 quod,
1410 2665 1494 2697 dum
1529 2670 1732 2707 temporum
1766 2661 1995 2700 discrimina,
2034 2666 2141 2704 atque

82 2719 252 2754 dicemus.
1138 2718 1227 2749 adeo
1253 2716 1326 2749 dies
1352 2717 1466 2760 ipsos,
1500 2722 1676 2761 quatenus
1695 2715 1923 2757 fierijpotest,
1952 2711 2142 2757 diligenter
