2453 3037
284 135 359 171 207
873 127 996 162 PHIL.
1033 127 1147 162 MEL.
1183 126 1386 161 SCRIPTA
1421 126 1761 163 PHILOLOGICA.
2143 158 2148 162 .
2272 130 2349 166 208

412 221 495 248 Hanc
516 218 669 256 epistolam
694 220 828 253 quartam
854 215 986 252 sequitur
1020 214 1136 252 quinta:
1174 213 1374 242 Melanthonis
1404 214 1441 241 ad
1464 214 1693 252 Egenolphum,
1730 225 1816 253 quam
1850 215 1878 244 h.
1903 216 1923 243 l.
1957 215 2133 251 omittImu53
2171 216 2246 246 hanc
2276 225 2347 247 vero

283 266 500 301 subsequuntur
525 262 596 289 baec
620 258 765 297 praefatio
790 264 819 285 et
844 258 1019 285 admonitio:

1013 316 1205 346 Ioachz'mus
1230 316 1443 347 Camerarius
1468 315 1617 346 Lectori.

409 384 492 411 Hunc
517 381 649 408 libellum
675 380 800 417 primum
826 380 1017 416 compositum
1041 389 1058 407 a
1079 379 1215 416 Philippo
1239 377 1489 414 Melanchtlione,
1525 377 1634 405 deinde
1666 378 1764 406 multis
1789 379 1817 405 in
1844 378 1912 405 locis
1935 383 2054 406 auctum
2078 383 2108 407 et
2133 381 2215 417 quasi
2239 389 2345 408 recon-

283 433 431 459 cinnatum
453 435 470 453 a
493 423 595 452 Iacobo
621 422 759 459 Micyllo,
798 423 940 460 optimum
971 423 1066 450 visum
1096 422 1151 450 fuit
1181 423 1269 450 etiam
1299 421 1379 459 apud
1408 431 1460 449 nos
1492 422 1617 459 proponi
1647 421 1725 449 inter
1755 429 1822 457 eos,
1855 421 1892 448 de
1917 422 2021 459 quibus
2044 421 2193 450 ordinaria
2215 423 2348 452 doctriua

282 472 495 510 explicaretur:
533 466 619 499 Quod
643 476 699 493 nou
725 466 810 493 modo
835 466 1055 494 Grammaticae
1080 466 1126 493 hic
1149 465 1220 492 artis
1245 465 1411 492 necessaria
1431 470 1594 502 praecepta
1618 464 1884 502 complecteretur,
1923 465 1975 492 sed
2007 474 2042 493 ea
2068 466 2131 502 ipsa
2153 471 2292 494 accurate
2316 471 2347 495 et

280 515 393 544 modice
417 514 444 540 in
469 510 519 539 illo
544 510 694 547 descripta
718 515 827 536 essent.
884 508 1090 537 lNDlCATlO
1121 508 1266 546 quaedam
1289 507 1386 535 adhuc
1408 507 1516 535 deesse
1540 507 1694 535 videbatur
1729 516 1794 534 cum
1819 516 1920 535 eorum
1944 508 2092 543 locorum,
2129 518 2206 547 quae
2229 509 2268 537 de
2292 518 2347 536 au-

282 558 393 587 toribus
431 556 550 592 linguae
574 553 697 580 Latitiae
728 552 936 590 exemplorum
969 561 1055 580 eausa
1089 552 1216 579 adducta
1247 557 1363 587 essent,
1401 556 1462 577 tum
1492 551 1615 578 aliorum
1650 550 1852 588 quorundam,
1889 551 1938 587 qui
1969 551 2112 579 nonnulla
2140 552 2347 581 tractavissent

280 600 448 634 verbosius,
480 607 537 625 non
561 595 647 623 modo
672 595 718 622 hic
742 596 797 622 iam
822 600 852 623 ut
877 595 1044 632 discipulis,
1076 595 1127 623 sed
1152 594 1297 631 Magis-tris
1320 595 1408 622 etiam
1434 594 1511 621 utilis
1535 603 1600 622 esse
1624 598 1741 631 posset,
1778 594 1882 631 quibus
1905 602 1957 630 ea,
1996 603 2072 631 quae
2101 595 2167 623 aliis
2197 595 2347 623 tradenda

280 650 365 680 sunt,
400 642 513 670 notiora
536 639 647 667 scilicet
673 647 738 666 esse
762 643 888 676 oportet.
947 636 979 665 In
1005 648 1091 675 quam
1117 647 1177 664 rem
1203 638 1260 665 duo
1289 646 1384 674 nuper
1406 636 1612 665 adolescentes
1635 637 1713 665 docti
1738 642 1767 665 et
1791 645 1934 674 perquam
1958 636 2098 673 studiosi,
2135 638 2270 676 Magistri
2292 639 2346 667 bo..

280 696 385 717 narum
408 685 531 719 artium,
568 682 721 719 Philippus
745 681 871 709 Bechius
903 686 933 709 et
957 679 1036 708 10311.
1060 681 1192 718 Baptista
1216 680 1397 718 Scliengius,
1434 680 1484 717 qui
1514 680 1544 707 in
1574 686 1673 708 nostra
1695 679 1855 708 Academia
1878 680 2107 708 Grammaticam
2130 681 2267 709 Latinam
2290 690 2348 718 pu·-

281 732 357 759 blice
382 728 612 767 profiterentur,
636 734 700 752 eam
726 734 848 762 operam
871 724 1037 761 dederunt,
1066 733 1142 761 quae
1166 733 1182 751 a
1206 732 1253 751 me
1278 723 1443 761 praedicari
1467 729 1517 751 aut
1541 723 1743 751 commendari
1774 733 1831 751 non
1861 723 1966 760 debet,
2003 725 2180 761 praesertim
2212 724 2347 762 exposita

280 775 317 804 ad
340 769 576 810 cognoscendum
600 768 751 805 omnibus,
776 773 822 804 ut,
847 767 1091 805 quemadmodum
1117 767 1176 794 dici
1198 767 1292 803 solet,
1315 761 1397 794 αὐτὸ
1421 762 1460 793 τὰ
1484 762 1582 805 ἔργον
1605 766 1750 795 artificem
1774 766 2042 795 demonstraturum
2065 768 2113 796 sit.
2158 767 2221 795 Etsi
2244 771 2346 795 autem

280 816 443 854 Schengius
467 812 577 840 infinita
602 811 728 849 quadam
753 811 907 849 diligentia
932 810 1074 837 nonnulla
1099 810 1183 837 nimis
1209 810 1356 838 subtiliter
1379 814 1525 838 scrutatus
1549 817 1616 836 esse
1647 809 1740 837 videri
1773 815 1905 847 poterat,
1944 815 1974 838 et
2005 818 2040 837 ea
2071 810 2222 839 interdum
2251 819 2346 838 auno-

280 868 377 893 tasse,
407 865 483 896 quae
508 860 608 882 essent
632 854 661 881 in
685 854 795 881 medio:
826 854 940 881 Tamen
965 854 992 880 in
1016 853 1061 881 his
1085 855 1200 891 paucis,
1230 853 1414 891 quorundam
1438 852 1525 880 etiam
1554 853 1602 880 vel
1633 853 1870 889 occupationibus
1899 853 2012 881 servire
2043 853 2091 881 vel
2125 853 2256 881 laborem
2285 853 2345 881 mi-

279 911 391 938 nuere,
422 900 469 928 vel
494 899 600 934 etiam,
624 896 795 934 <dicendum
820 897 897 924 enim
922 895 992 934 est,)
1016 897 1140 924 inertiae
1163 896 1321 924 subvenire
1346 896 1448 924 voluit.
1500 896 1626 923 Caetera
1649 901 1738 924 erunt
1762 895 1921 933 eiusmodi,
1953 902 1984 924 ut
2008 897 2141 924 omnibus
2165 896 2288 924 eruditis
2312 901 2344 925 et

279 947 362 977 bonis
386 942 503 982 probari
527 949 649 969 necesse
673 940 720 967 sit.
767 940 842 967 Nam
866 945 894 967 et
920 939 1016 966 omnia
1040 949 1092 967 nos
1115 939 1358 977 recognovimus,
1389 944 1419 966 et
1444 940 1472 966 in
1497 939 1668 976 quibusdam
1694 939 1783 966 etiam
1807 939 1990 966 adhibuimus
2016 945 2145 967 nostram
2168 939 2344 976 Censuram,

278 990 328 1029 qui
351 994 433 1016 certe
458 986 481 1014 si
505 984 575 1022 quid
599 984 626 1010 in
652 983 703 1010 ista
728 988 814 1020 parte
842 983 922 1010 nobis
949 982 1047 1010 iudicii
1078 988 1108 1010 et
1137 983 1276 1011 scientiae
1306 982 1517 1018 vendicamus,
1555 982 1584 1009 id
1616 992 1673 1009 non
1705 982 1811 1010 iniuria
1841 982 1980 1019 facimus,
2017 991 2080 1009 cum
2106 983 2135 1010 in
2166 981 2211 1009 his
2240 982 2345 1011 studiis

277 1041 395 1062 omnem
418 1029 483 1056 sere
507 1028 634 1064 priorem
659 1031 787 1054 aetatem
812 1026 1074 1064 consumserinms,
1099 1031 1128 1053 et
1153 1026 1257 1053 eadem
1281 1026 1337 1053 iam
1361 1026 1588 1063 ingravescente
1612 1025 1648 1052 ad
1673 1025 1745 1052 haec
1768 1026 1850 1053 initia
1875 1023 2027 1053 doctrinae
2051 1025 2223 1063 saepissime
2247 1026 2345 1063 respi-

279 1077 398 1105 ciamus.
443 1072 517 1099 Cum
541 1075 639 1097 autem
664 1069 883 1106 Typographus
908 1074 1007 1096 noster
1031 1069 1208 1097 Valentinus
1223 1069 1304 1107 Papa
1328 1069 1403 1096 hanc
1426 1074 1577 1096 recentem
1602 1068 1762 1096 editionem
1783 1068 1983 1096 adornandam
2009 1073 2039 1096 et
2063 1068 2289 1106 exprimendam
2312 1069 2344 1096 in

279 1119 395 1148 officina
419 1124 470 1143 sua
494 1114 675 1150 recepisset,
709 1111 787 1139 hunc
811 1112 943 1139 laborem*
966 1117 1133 1139 nostrorum
1156 1117 1185 1140 et
1209 1122 1305 1140 meam
1332 1121 1449 1150 quoque
1473 1112 1696 1148 industriolam‚
1733 1120 1869 1139 concesso
1892 1112 1921 1140 iu
1952 1111 2007 1138 hoc
2036 1120 2148 1148 genere
2173 1112 2344 1140 Privile-

282 1163 341 1200 gio
365 1159 464 1194 nobis,
497 1157 611 1184 munire
636 1155 732 1192 volui,
762 1164 800 1182 ne
823 1156 920 1182 statim
950 1155 1034 1182 huius
1059 1154 1196 1183 difficiles
1219 1161 1356 1191 conatus,
1386 1155 1435 1182 alii
1463 1154 1551 1182 facile
1574 1155 1750 1192 arripientes
1773 1155 1825 1182 sibi
1850 1160 2038 1192 usurparent.

408 1209 502 1247 quue
527 1208 614 1236 etiam
639 1206 834 1244 permittente
857 1207 967 1234 Autore
990 1206 1125 1236 fecimus.
1168 1207 1231 1234 Erit
1255 1207 1345 1244 igitur
1367 1207 1424 1234 iam
1448 1206 1589 1243 deinceps
1613 1207 1659 1234 hic
1685 1207 1802 1234 libellus
1825 1207 1976 1243 omnibus,
2000 1213 2031 1234 ut
2045 1207 2102 1234 dici
2124 1207 2215 1242 solet,
2239 1215 2346 1234 nume-

281 1257 320 1284 ris
343 1254 509 1288 absolutus,
534 1256 563 1278 et
586 1251 625 1287 is,
649 1250 694 1276 cui
718 1258 816 1287 neque
840 1250 946 1277 deesse
973 1250 1083 1288 aliquid
1108 1259 1288 1287 magnopere
1312 1249 1501 1278 annotatione
1526 1248 1664 1287 dignum,
1694 1259 1792 1287 neque
1815 1250 1961 1278 accedere
1984 1250 2110 1287 amplius
2131 1258 2219 1287 posse
2242 1249 2346 1277 videa-

281 1306 347 1334 tur,
385 1303 415 1324 ut
441 1305 517 1323 nunc
541 1294 700 1321 consistere
724 1292 778 1319 hoc
801 1293 873 1333 11118α
886 1292 1077 1329 perfectiouis
1101 1303 1170 1321 suae
1194 1293 1319 1330 debeat,
1356 1302 1394 1321 ne
1418 1299 1566 1330 perpetua
1589 1294 1751 1321 mutatione
1782 1299 1960 1327 renovetur,
1997 1298 2027 1321 et
2057 1293 2093 1321 sit
2123 1293 2206 1330 quasi
2236 1289 2346 1325 πύλος

283 1338 351 1381 πρὸ
375 1336 519 1374 autom,
552 1334 659 1368 πόλος
682 1344 720 1371 γε
743 1334 806 1372 μὲν
830 1335 918 1364 asim
943 1335 998 1364 καὶ
1022 1331 1136 1369 ἄλλος.
1181 1336 1241 1364 Sed
1265 1336 1303 1363 de
1326 1336 1370 1364 his
1394 1336 1474 1365 satis.

411 1390 527 1418 Nostris
551 1388 666 1416 confido
691 1397 707 1414 a
732 1387 885 1424 plurimis,
923 1388 973 1425 qui
1004 1387 1059 1415 hoc
1089 1388 1189 1416 libello
1220 1388 1262 1415 uti
1292 1387 1456 1423 voluerint,
1494 1387 1616 1423 gratiam
1641 1386 1771 1415 habitum
1795 1387 1845 1423 iri,
1882 1392 1913 1415 et
1937 1395 2002 1414 meo
2026 1387 2113 1414 etiam
2139 1387 2225 1415 simul
2248 1386 2345 1414 studio

279 1447 311 1465 ac
335 1443 435 1463 curae.
494 1432 642 1460 Christum
667 1429 803 1469 σωτῆρα
827 1441 897 1467 otc,
932 1437 963 1459 ut
988 1432 1106 1468 pietatis
1131 1437 1160 1459 et
1184 1432 1324 1459 bonarum
1355 1431 1461 1457 artium
1494 1435 1594 1457 coetus
1625 1430 1703 1457 inter
1732 1430 1783 1457 1105
1807 1430 1912 1458 Mundi
1942 1431 2037 1457 varios
2068 1430 2184 1457 furores
2216 1430 2345 1466 benigne

279 1479 355 1508 tueri
380 1477 469 1512 velit,
500 1474 538 1504 ad
564 1475 694 1502 veritatis
717 1479 858 1501 aeternae
883 1474 1108 1501 illustrationem
1141 1479 1170 1501 et
1201 1474 1324 1511 gloriani
1355 1473 1528 1500 sanctissimi
1559 1473 1685 1499 nominis
1714 1473 1776 1509 sui,
1813 1480 1842 1501 et
1865 1473 2017 1500 Ecclesiae
2047 1482 2118 1500 suae
2149 1473 2344 1501 incrementa.

280 1523 398 1560 Lipsiae
422 1519 502 1547 xlll.
525 1517 649 1546 Calend.
674 1516 821 1544 Octobris.
869 1519 952 1544 Anno
976 1517 1084 1544 Christi
1109 1516 1196 1544 Ihesu
1221 1517 1262 1544 M.
1278 1517 1314 1544 D.
1329 1516 1363 1543 L.

1256 1583 1359 1613 Idem.

407 1641 484 1674 Quia
507 1639 668 1668 arbitrabar
692 1648 763 1675 prae
786 1638 867 1674 aliis,
903 1637 980 1665 huuc
1004 1638 1137 1665 libellum
1162 1643 1241 1665 recte
1265 1644 1295 1665 et
1318 1638 1432 1665 utiliter
1456 1636 1634 1664 discentibus
1657 1636 1776 1663 Latinas
1802 1637 1903 1663 literas
1927 1637 2051 1673 proponi
2077 1645 2182 1674 posse,
2219 1636 2290 1665 Ideo
2314 1642 2344 1665 et

278 1692 362 1717 autor
385 1695 420 1713 ac
442 1684 557 1712 adiutor
579 1682 622 1710 sui
645 1681 843 1709 adornationis
867 1686 897 1708 et
920 1681 1127 1708 elaborationis
1151 1681 1251 1717 huius,
1282 1686 1312 1708 et
1336 1681 1411 1708 hauc
1434 1680 1592 1707 editionem
1618 1685 1649 1707 ut
1673 1686 1819 1715 nostram,
1843 1688 1982 1707 concesso
2007 1679 2089 1707 nobis
2112 1679 2258 1707 Caesareo
2281 1680 2347 1708 Pri-

278 1730 386 1767 vilegio
410 1728 563 1756 defensam
587 1735 620 1753 ac
645 1730 736 1753 tutam
762 1733 826 1752 esse
852 1724 1000 1760 volumus,
1034 1733 1072 1751 ne
1096 1725 1160 1761 quis
1183 1733 1233 1751 sua
1257 1730 1364 1761 sponte
1387 1729 1489 1751 contra
1513 1722 1694 1750 voluntatem
1719 1728 1847 1750 nostram
1872 1722 1970 1750 denuo
1996 1723 2182 1759 exprimere,
2214 1728 2244 1750 et
2269 1722 2346 1751 hanc

278 1782 399 1812 operam
423 1770 608 1809 peculiarem
632 1774 796 1796 nostrorum
821 1777 854 1795 ac
878 1772 1026 1802 nostram,
1058 1777 1111 1804 pro
1136 1777 1186 1795 suo
1211 1767 1330 1794 arbitrio
1354 1775 1497 1803 usurpare
1520 1767 1613 1799 ausit,
1644 1771 1744 1793 contra
1768 1765 1942 1793 facientibus
1966 1766 2057 1793 multa
2080 1766 2246 1803 proposita,
2269 1774 2345 1804 quae

279 1819 308 1845 in
333 1816 494 1855 diplomate
517 1813 672 1840 iudicatur.
718 1811 781 1838 Hoc
804 1810 984 1838 monendum
1010 1819 1111 1837 omnes
1136 1810 1290 1846 duximus,
1319 1818 1357 1837 ne
1381 1808 1446 1847 quis
1469 1809 1547 1837 forte
1571 1809 1781 1837 detrimentum
1806 1809 1859 1836 sibi
1882 1808 1937 1836 hac
1960 1809 1988 1835 in
2012 1815 2098 1846 parte
2122 1815 2301 1839 accerseret.

366 1884 447 1911 Hauc
470 1881 635 1909 Editionem
662 1879 823 1906 (amerarii
849 1879 973 1916 primam
998 1883 1117 1906 secutae
1142 1884 1209 1906 sunt
1233 1878 1306 1906 hae:

410 1940 639 1972 Grammalica
664 1937 822 1977 Philippi
843 1935 1120 1967 Melanchthom·s
1144 1936 1293 1973 Latina,
1318 1935 1394 1966 Iam
1418 1937 1526 1965 denuo
1550 1936 1728 1973 recognita
1752 1939 1783 1963 et
1811 1934 1984 1973 plerisque
2015 1935 2051 1963 in
2082 1933 2163 1963 locis
2195 1934 2346 1973 locuple-

454 1989 547 2019 tata,
587 1987 619 2011 et
649 1983 799 2010 auctoris
831 1982 1005 2010 voluntate
1028 1981 1138 2018 erma,
1178 1979 1398 2010 Accesserant
1422 1985 1454 2009 et
1479 1981 1714 2008 annotationes
1739 1983 1910 2012 recentes,
1948 1977 1988 2006 (Ie
2012 1979 2152 2007 consilio
2176 1977 2349 2008 Ioachz'mi

451 2026 641 2058 Cam-erario?
664 2025 762 2054 utiles
780 2024 934 2064 futurae
957 2029 1027 2052 tam
1046 2022 1234 2062 Magistris
1259 2033 1359 2062 quam
1381 2022 1583 2063 Dz‘scipulis.
1630 2020 1715 2051 Item
1735 2020 1920 2051 Tractatus
1945 2020 1984 2049 de
2001 2020 2240 2061 ortographia
2263 2020 2347 2062 (sie),

453 2080 580 2100 recens.
630 2068 770 2107 Lipsiae
797 2070 834 2097 in
865 2064 1017 2107 officina
1047 2066 1225 2098 Valentini
1247 2067 1376 2107 Papae.
1424 2065 1524 2097 Anno
1549 2064 1600 2095 M.
1616 2064 1658 2095 D.
1675 2064 1760 2094 LII.
1809 2064 1887 2093 Cum
1911 2063 2106 2103 Priuilege'o
2136 2063 2346 2105 quinqenng'j.

452 2114 542 2153 34¹s2
566 2114 664 2151 plagg.
697 2113 754 2141 litt.
774 2121 813 2149 a,
844 2113 866 2140 A
894 2111 931 2150 (Α
952 2110 993 2150 ls²
1012 2112 1074 2148 ph,
1105 2111 1204 2140 41·0u.
1230 2111 1322 2148 cont.)
1339 2112 1429 2148 -Ζ,
1452 2111 1534 2139 a-l
1558 2111 1652 2148 sign„
1688 2108 1811 2138 12f011.
1837 2119 1892 2136 non
1918 2118 2017 2144 num„
2053 2107 2119 2138 523
2142 2119 2229 2148 pagg.
2255 2119 2348 2146 num.,

453 2159 507 2186 ult.
532 2166 597 2195 pag.
623 2161 723 2193 vacat,
752 2155 782 2185 8.
814 2153 882 2195 (fol.
900 2164 922 2183 α
937 2154 1114 2184 2¹¹—A22'
1145 2155 1276 2183 Eaedem
1302 2156 1432 2193 quinque
1456 2154 1620 2192 Epistolae,
1651 2162 1667 2179 a
1691 2153 1794 2190 quibus
1817 2152 1914 2180 Editio
1938 2153 2075 2190 praeced.
2102 2162 2130 2181 a.
2147 2150 2241 2181 1550.
2266 2152 2347 2180 ordi-

452 2207 515 2235 tur3
560 2200 611 2228 fol.
632 2198 807 2228 A21‘m—a1»b
838 2199 1002 2226 Camerarii
1034 2198 1178 2236 praefatio
1208 2199 1328 2236 Lipsiae
1352 2197 1396 2226 Id.
1418 2198 1511 2236 April.
1540 2199 1624 2226 Anno
1648 2196 1689 2223 Μ.
1706 2196 1742 2223 D.
1759 2195 1819 2224 Lll.
1851 2197 1977 2233 scripta,
2016 2196 2139 2233 eiusque
2170 2196 2347 2231 admonitio3

453 2253 522 2283 pag.
541 2241 690 2272 1—·825.
716 2242 916 2271 Grammatica
940 2242 991 2270 lat.
1016 2251 1081 2269 cum
1107 2242 1181 2269 notis
1206 2242 1346 2279 margin.3
1385 2252 1412 2279 p.
1428 2239 1622 2271 326—465.
1640 2239 1717 2267 med.
1748 2239 1793 2267 De
1818 2240 1945 2276 Syntaxi
1968 2249 1993 2267 c.
2017 2245 2090 2268 nott.
2115 2248 2227 2278 marg„
2257 2248 2348 2277 prae-

456 2288 542 2315 missa
564 2285 766 2323 praefatione3
808 2295 838 2323 p.
854 2283 928 2313 465.
947 2284 1026 2313 med.
1041 2301 1084 2305 —
1099 2283 1173 2313 469.
1193 2285 1271 2313 med.
1296 2285 1343 2312 De
1365 2285 1497 2313 Periodis
1522 2294 1546 2311 c.
1571 2288 1644 2312 nott.
1669 2292 1776 2320 marg.;
1824 2293 1851 2321 p.
1869 2282 1943 2312 469.
1960 2288 2037 2312 extr.
2053 2298 2094 2303 ——
2109 2281 2184 2312 471.
2198 2282 2277 2311 med.
2301 2282 2349 2310 De

450 2329 693 2359 Distinctionibus
718 2338 742 2356 c.
767 2334 840 2357 nott.
867 2338 975 2366 marg.;
1023 2338 1053 2366 p.
1071 2326 1145 2357 471.
1165 2334 1241 2358 extr.
1258 2343 1300 2349 —-
1315 2327 1389 2358 507.
1408 2328 1484 2357 med.
1515 2326 1654 2355 Prosodia
1678 2336 1701 2355 c.
1727 2332 1800 2354 nott.
1824 2336 1936 2363 marg.;
1980 2336 2007 2364 p.
2027 2324 2101 2355 507.
2120 2325 2199 2354 med.
2214 2341 2256 2347 —-
2272 2323 2348 2354 523.

452 2373 496 2400 De
521 2370 759 2409 orthographia,
792 2372 820 2398 in
845 2372 925 2399 cuius
950 2371 1009 2399 fine
1036 2371 1135 2399 addita
1158 2377 1225 2399 sunt
1249 2371 1376 2400 haecce:
1416 2367 1609 2401 Ioaclte'mus
1634 2368 1848 2399 Camerarius
1874 2366 2066 2407 Pabeperg.
2097 2369 2268 2407 perscrip.
2294 2365 2347 2398 Id.

454 2412 587 2453 Marm'j
611 2413 709 2444 Anno
732 2412 860 2445 Christi
881 2412 928 2442 M.
945 2413 990 2443 D.
1007 2412 1110 2449 LII.;
1147 2415 1199 2443 ult.
1225 2424 1292 2453 pag.
1317 2414 1415 2453 vacat)
1430 2415 1470 2450 *).

370 2477 528 2505 Camerarii
555 2476 700 2513 praefatio
725 2476 809 2503 huius
833 2476 976 2504 Editionis
1000 2486 1017 2503 a
1041 2477 1225 2513 praefatione
1249 2476 1456 2514 praecedentis
1482 2485 1508 2503 a.
1526 2472 1619 2503 1550.
1644 2483 1679 2502 eo
1704 2480 1815 2501 tantum
1846 2473 1964 2510 differt,
2002 2473 2079 2510 quod
2110 2472 2210 2500 verbis
2238 2480 2350 2507 „sae-

283 2521 420 2560 pissime
443 2518 703 2556 respice'amus.'’
727 2525 757 2547 ct
780 2517 889 2555 „Cum
913 2523 1026 2547 aulem
1054 2517 1308 2559 Typographus
1331 2517 1470 2548 nostcr”
1494 2519 1650 2546 interserta
1680 2523 1747 2545 sunt
1771 2517 1897 2545 haecce:
1936 2517 2050 2544 Deesse
2073 2515 2170 2543 adhuc
2193 2515 2350 2544 videbatur

284 2564 417 2593 doctrina
440 2562 686 2599 Orthographiae.
734 2562 815 2590 Hanc
840 2563 926 2599 igitur
951 2568 981 2590 et
1004 2563 1097 2600 ipsam
1122 2564 1341 2601 adiungendam
1370 2563 1523 2596 duximus,
1561 2561 1691 2589 breviter
1721 2569 1754 2588 re
1786 2561 1912 2588 indicata
1943 2560 2038 2596 potius
2069 2567 2155 2595 quam
2187 2558 2348 2596 explicata.

283 2609 325 2636 113
354 2614 469 2642 tamen,
495 2611 524 2633 ut
548 2605 623 2643 quod
650 2605 685 2632 ad
711 2606 854 2633 rationem
879 2605 1038 2634 emendate
1064 2611 1093 2633 et
1118 2612 1199 2634 recte
1223 2606 1369 2634 scribendi
1392 2605 1558 2643 pertineat,
1588 2604 1615 2631 id
1640 2613 1656 2631 a
1679 2613 1727 2631 me
1754 2598 1797 2636 ὦς
1822 2601 1858 2632 ἐν
1879 2600 1994 2642 τύπῳ,
2033 2607 2062 2630 81
2086 2601 2271 2639 generaliter
2294 2601 2350 2629 de-

283 2655 475 2678 monstratum
500 2649 667 2676 universum
694 2657 757 2675 esse
782 2649 936 2676 confidam.
947 2647 965 2661 '’

319 2775 350 2803 *)
371 2776 444 2800 Haec
466 2777 515 2803 Ed.
537 2784 569 2801 cx
589 2777 714 2802 Biblioth.
736 2778 823 2801 senat.
846 2776 970 2801 Norimb.
992 2778 1018 2800 et
1039 2777 1117 2808 regia
1137 2777 1290 2801 Dresdensi
1309 2776 1372 2801 mihi
1391 2776 1426 2800 ad
1447 2781 1543 2800 manus
1563 2776 1616 2798 est.
