2421 3037
273 96 348 132 487

271 183 406 229 piendi.
472 183 594 228 Quare
622 193 698 214 non
729 180 896 214 dubitare
922 193 958 214 se
985 180 1149 221 aiebant,
1187 180 1275 226 quin

270 235 425 270 Helvetii
450 232 555 267 huius
580 233 730 266 militiae
755 234 861 267 decus
884 232 1039 265 maxime
1057 239 1275 277 expeterent.

272 287 362 322 Cum
391 292 509 319 autem
538 285 663 318 electio
688 285 748 318 illa
775 282 830 319 his
852 284 961 318 tantis
984 285 1090 318 rebus
1111 285 1276 329 gerendis

272 337 579 383 opportunitatem
608 337 760 371 allatura
788 343 898 377 esset,
941 337 1070 369 debere
1088 336 1119 383 ¹)
1148 337 1276 370 Helve-
1301 288 1304 393 Ι

272 391 339 424 tios
363 401 508 435 quoque
533 388 605 422 suis
629 388 776 428 studiis,
804 401 844 422 ac
868 388 1128 433 significatione
1145 390 1277 422 volun—

271 441 353 475 tatis
371 453 449 474 eam
468 440 652 475 adiuvare.
690 441 880 474 Postremo
898 441 1182 485 pollicebantur,
1207 441 1277 474 Re-

271 506 370 538 gem,
400 493 428 526 si
454 493 663 537 eligeretur,
698 492 812 537 gentis
840 493 1045 526 Helveticae
1072 493 1275 526 libertatem

270 545 368 579 nulla
397 545 434 577 in
459 557 498 578 re
522 545 784 578 labefacturum
805 558 899 585 esse,
927 547 988 579 sed
1008 545 1129 589 potius
1147 546 1277 578 confir-

270 604 453 630 maturum
467 624 476 637 ,
513 603 547 630 et
565 597 678 630 multa
697 597 905 631 additurum
925 610 998 631 esse
1015 598 1206 630 commoda
1226 603 1278 630 at-

271 662 340 695 que
365 655 602 689 ornamenta,
636 649 666 683 si
687 648 957 683 Helveticorum
978 649 1092 682 virtus
1121 656 1155 682 et
1175 649 1277 682 forti-

271 702 357 734 tudo
378 713 452 734 non
476 707 565 736 esset
579 702 765 735 communi
784 702 890 736 saluti
906 701 1065 735 nominis
1080 699 1277 735 Christiani

271 754 449 799 defutura.

375 805 472 838 Haec
503 818 583 840 cum
608 805 737 840 Gallici
771 805 879 850 legati
912 811 1276 839 commemorassent:
1303 813 1306 832 ⁸

270 870 481 904 quanquam
515 858 686 902 privatim
721 858 854 891 multos
887 857 1023 902 ingenti
1061 858 1212 902 pecunia
1243 863 1278 890 et

270 910 374 944 novis
412 909 665 954 largitionibus
702 910 879 954 obligatos
914 911 1105 943 tenebant:
1155 916 1277 942 tamen

270 959 413 995 honesti
442 961 510 994 viri
538 961 665 995 delecti
694 974 736 994 ex
766 961 991 1002 civitatibus,
1036 963 1196 996 modeste
1223 974 1277 995 re-

270 1014 511 1058 sponderunt:
547 1026 584 1047 se
602 1026 676 1047 non
694 1014 933 1059 impedituros
954 1014 1157 1047 libertatem
1178 1014 1277 1059 prin-

272 1066 390 1110 cipum
414 1065 644 1106 Electorum,
676 1078 741 1098 nec
773 1066 1034 1111 significatione
1068 1067 1189 1112 aliqua
1214 1078 1277 1099 vo-

270 1118 417 1152 luntatis
441 1130 549 1159 suae,
585 1124 647 1152 aut
672 1124 811 1152 terrore
836 1118 931 1159 ullo,
965 1119 1195 1163 praebituros
1220 1130 1278 1151 oc-

272 1170 452 1203 casionem
496 1170 697 1204 turbandae
737 1171 1009 1216 tranquillitatis
1047 1170 1278 1210 Germaniae,

271 1234 380 1267 quam
405 1229 641 1266 agnoscerent
665 1223 835 1267 patriam.
888 1222 1027 1256 Deinde
1052 1236 1131 1256 cum
1158 1223 1277 1256 nomi-

270 1274 384 1307 natim
422 1274 609 1308 Helvetico
648 1275 793 1308 foedere
831 1276 1036 1319 exceperint
1069 1275 1275 1308 Romanam

269 1324 489 1367 Ecclesiam,
518 1333 552 1360 et
569 1326 777 1360 Romanum
802 1326 1019 1372 Imperium:
1057 1328 1278 1373 profiteban-

269 1385 329 1411 tur
356 1391 392 1412 se
418 1376 510 1412 nibil
537 1385 663 1412 contra
690 1379 850 1413 Romani
874 1379 1021 1425 Imperii
1047 1381 1276 1414 Maiestatem

269 1430 428 1465 facturos
465 1443 550 1466 esse.
620 1431 784 1465 Pertinet
820 1438 939 1466 autem
977 1434 1021 1466 ad
1051 1433 1276 1467 Maiestatem

270 1482 415 1517 libertas
440 1483 647 1528 principum
668 1483 890 1518 Electorum.
946 1484 996 1518 Ita
1017 1485 1131 1519 Gallis
1155 1485 1278 1518 dimis-

272 1534 329 1575 sis,
358 1535 520 1569 scribunt
536 1535 692 1569 Helvetii
706 1536 827 1570 literas
845 1538 889 1569 ad
906 1537 1066 1581 singulos
1083 1536 1278 1577 Electores,

273 1586 310 1619 in
335 1587 466 1633 quibus
492 1594 802 1628 commemorant,
833 1600 869 1622 se
894 1589 1003 1629 scire,
1038 1601 1146 1635 quam
1172 1586 1278 1622 vehe-

271 1645 412 1672 menter
435 1639 572 1673 ambiat
589 1639 714 1674 Gallus
732 1640 924 1685 imperium
937 1668 945 1680 ,
977 1647 1011 1674 et
1029 1642 1127 1687 quod
1147 1641 1277 1674 multo-

272 1703 352 1725 rum
377 1691 519 1726 animos
545 1703 585 1725 ea
613 1692 656 1725 de
682 1704 720 1725 re
744 1692 922 1726 sollicitet.
977 1693 1138 1727 Narrant
1157 1692 1278 1733 etiam,

272 1755 364 1789 quae
388 1745 484 1788 apud
508 1744 606 1788 ipsos
632 1744 819 1789 petiverit,
855 1745 1014 1791 quidque
1038 1745 1106 1790 ipsi
1129 1757 1277 1790 respon-

271 1795 402 1830 derint.
466 1795 608 1830 Deinde
644 1802 849 1841 exponunt,
884 1809 920 1831 se
958 1798 1126 1842 defugere
1155 1797 1277 1830 omnia

273 1847 441 1887 consilia,
478 1860 571 1895 quae
595 1848 788 1882 videantur
812 1861 885 1883 esse
911 1856 1036 1883 contra
1057 1850 1277 1884 Germaniae

274 1899 596 1945 tranquillitatem,
633 1907 667 1934 et
696 1907 830 1945 negant
854 1914 889 1935 se
912 1902 983 1935 ulla
1009 1902 1046 1934 in
1070 1915 1108 1936 re
1134 1902 1278 1935 liberta-

271 1959 342 1985 tem
361 1952 567 1998 principum
583 1951 790 1987 Electorum
808 1953 1047 1998 impedituros
1066 1967 1152 1989 esse.

363 2004 550 2039 Adiiciunt
564 2002 871 2046 dehortationem,
894 2019 939 2040 ne
958 2007 1003 2040 ad
1021 2007 1145 2041 Gallos
1162 2013 1279 2040 trans-

273 2057 409 2090 feratur
432 2056 592 2091 Romani
611 2056 760 2103 Imperii
783 2059 912 2100 decus,
949 2071 1038 2093 neve
1061 2065 1279 2093 moveantur

274 2108 454 2154 principes
478 2111 607 2155 opibus
626 2117 688 2144 aut
706 2110 844 2145 viribus
861 2110 1028 2151 Gallicis,
1058 2112 1141 2158 quia
1161 2109 1278 2146 adhuc

274 2161 312 2193 in
335 2161 551 2196 Germanica
585 2162 733 2196 natione
765 2169 905 2197 tantum
931 2163 976 2197 sit
1000 2164 1140 2198 consilii
1166 2170 1200 2197 et
1226 2163 1277 2196 vi-

272 2213 389 2253 rium,
422 2220 462 2247 ut
486 2212 578 2248 nihil
603 2227 692 2259 opus
717 2214 762 2249 sit
783 2222 923 2249 exteros
942 2215 1058 2260 Reges
1083 2228 1277 2250 accersere.

272 2264 462 2299 Postremo
487 2264 702 2307 hortantur,
737 2274 776 2301 ut
800 2268 931 2313 aliquis
954 2269 1107 2313 eligatur
1129 2281 1171 2302 ex
1187 2268 1276 2302 Ger-

273 2317 415 2351 maniae
450 2319 692 2364 principibus;
736 2325 771 2353 et
804 2319 1040 2364 pollicentur,
1077 2333 1140 2355 sua
1174 2333 1274 2354 arma

272 2381 347 2402 non
369 2369 535 2404 defutura
561 2384 634 2405 esse
654 2372 901 2405 defendendae
918 2373 1172 2419 tranquillitati
1188 2373 1277 2407 Ger-

275 2421 428 2456 maniae.
491 2423 662 2457 Scribunt
687 2430 720 2457 et
745 2425 789 2457 ad
812 2423 971 2458 Leonem
995 2425 1037 2459 X.
1066 2425 1275 2459 Romanum

275 2474 502 2518 pontificem,
535 2482 569 2508 et
596 2482 743 2520 petunt,
779 2489 824 2510 ne
852 2478 898 2511 sit
921 2483 1026 2510 autor
1051 2477 1277 2512 Electoribus

272 2526 427 2571 eligendi
450 2526 558 2571 Regis
584 2527 786 2568 Francisci,
825 2530 921 2574 quod
947 2530 1134 2563 Gallorum
1160 2530 1276 2563 domi-

272 2579 372 2612 natio
396 2578 434 2612 in
458 2578 656 2613 Germania
682 2580 845 2624 paritura
873 2588 961 2615 esset
986 2583 1144 2626 ingentia
1169 2583 1276 2622 bella,

312 2716 630 2776 131151330rJJ's20-Editt.
648 2717 734 2744 1544..
757 2718 843 2746 ¹550.,
866 2718 950 2749 1531„
972 2719 1066 2744 1624:
1087 2720 1171 2747 Eum.
1189 2720 1274 2746 1572..

383 2772 389 2775 s
413 2771 417 2775 .
457 2759 470 2776 Θ
482 2759 506 2776 le

898 93 1023 129 PHIL.
1055 94 1168 129 MEL.
1200 92 1404 127 SCRIPTA
1439 93 1713 131 HISTORICA.

2259 96 2334 133 488

1330 187 1363 214 ct
1385 181 1505 215 futura
1531 182 1679 216 exitiosa
1702 181 1848 228 utrique
1868 181 2022 216 nationi.
2076 181 2150 216 Nec
2168 182 2335 229 impliciti

1330 233 1425 266 Galli
1444 233 1670 268 Germanicis
1694 234 1816 275 bellis,
1845 233 1984 267 Italiam
2007 233 2188 268 defensuri
2206 242 2336 277 essent,

1330 292 1392 319 aut
1409 286 1496 319 alias
1510 298 1566 320 res
1582 286 1686 320 utiles
1702 286 1844 319 nomini
1862 284 2069 320 Christiano
2087 287 2233 321 moturi.
2277 287 2336 322 Ad

1331 335 1394 371 llas
1413 337 1535 372 literas
1552 338 1740 371 Romanus
1758 338 1919 382 pontifex
1941 339 2183 383 respondens,
2210 345 2337 373 narrat

1331 389 1368 422 in
1398 390 1622 430 foederibus,
1662 402 1752 436 quae
1776 390 1943 423 Romana
1976 391 2076 424 sedes
2100 388 2234 424 habeat
2255 402 2336 424 cum

1331 441 1489 485 Regibus
1504 441 1767 486 Neapolitanis,
1792 449 1936 475 cautum
1957 454 2044 483 esse,
2073 454 2118 475 ne
2132 441 2212 488 quis
2230 442 2338 476 simul

1332 493 1538 527 Romanum
1574 493 1769 538 Imperium
1807 500 1938 528 teneat.
2003 494 2092 528 Cum
2121 500 2241 527 autem
2269 493 2338 528 sibi

1332 545 1520 579 Romanae
1543 547 1636 580 sedis
1658 545 1844 591 privilegia
1865 545 2032 590 religiose
2055 552 2089 579 et
2106 558 2246 580 summa
2269 558 2337 590 ope

1332 599 1464 631 tuenda
1483 598 1574 637 sint,
1603 611 1640 631 ea
1663 600 1706 631 de
1726 610 1762 631 re
1783 598 1953 631 certiores
1973 598 2086 631 factos
2104 610 2178 632 esse
2196 597 2337 631 Electo-

1332 662 1405 688 res,
1442 662 1486 683 ne
1513 650 1599 696 quid
1623 651 1723 683 fieret
1749 657 1873 683 contra
1900 650 2103 683 libertatem
2124 656 2159 683 et
2177 662 2338 683 commo-

1332 702 1416 735 dum
1437 701 1626 735 Romanae
1653 703 1758 736 sedis.
1813 702 1922 747 Quod
1946 708 2065 735 autem
2094 701 2204 736 alium
2226 714 2338 748 quen-

1332 755 1414 787 dam
1440 753 1640 798 principem
1663 752 1888 787 evehendum
1908 767 1982 788 esse
2001 754 2046 787 ad
2065 753 2247 799 fastigium
2263 753 2338 787 Ro·

1332 805 1430 839 mani
1460 805 1606 850 Imperii
1640 806 1754 850 magis
1776 806 1944 847 senserit,
1981 807 2176 839 adductum
2202 818 2238 840 se
2263 817 2339 839 non

1333 858 1471 902 privata
1503 858 1777 897 benevolentia,
1819 859 1880 892 sed
1914 864 2011 891 certo
2041 858 2197 898 iudicio,
2239 858 2338 904 quod

1332 910 1543 954 cognoverit
1567 922 1648 943 eum
1671 910 1856 943 excellenti
1882 910 2049 954 ingenio,
2078 909 2279 950 industria,
2305 915 2339 943 et

1332 962 1582 1006 magnitudine
1600 962 1710 994 animi
1732 962 1934 1006 praeditum
1951 974 2045 1002 esse,
2074 968 2109 995 et
2126 974 2256 1006 cupere
2275 974 2338 1007 po-

1332 1014 1481 1048 tentiam
1503 1027 1603 1048 suam
1623 1015 1668 1047 ad
1687 1026 1916 1047 communem
1933 1014 2087 1048 salutem
2105 1014 2280 1048 conferre.

1435 1066 1537 1099 Hanc
1555 1066 1819 1100 excusationem
1841 1066 1984 1111 scripsit
2000 1066 2045 1099 ad
2064 1065 2246 1100 Helvetios
2262 1064 2338 1099 Leo

1333 1119 1512 1163 pontifex,
1542 1117 1682 1152 omissis
1700 1118 1838 1162 Regum
1858 1118 2078 1152 nominibus.
2119 1117 2197 1152 Etsi
2216 1124 2337 1152 autem

1332 1171 1583 1204 intellexerant
1620 1170 1823 1211 Electores,
1866 1183 1958 1216 quae
1998 1170 2162 1203 omnium
2196 1169 2337 1214 Regum

1332 1224 1465 1268 ubique
1489 1229 1667 1256 terrarum
1688 1223 1743 1255 vel
1761 1222 1878 1256 studia
1899 1228 2035 1262 essent,
2063 1222 2119 1255 vel
2138 1221 2339 1266 expectatio

1332 1277 1374 1309 de
1402 1273 1468 1308 hac
1493 1275 1686 1315 electione,
1721 1281 1756 1308 et
1780 1287 1853 1321 quo
1884 1274 2109 1319 singulorum
2135 1274 2340 1308 voluntates

1332 1328 1525 1361 inclinatae
1550 1334 1683 1361 essent:
1719 1327 1787 1372 ipsi
1813 1333 1935 1360 tamen
1960 1338 2100 1361 summa
2122 1338 2202 1360 cum
2221 1325 2341 1371 gravi-

1333 1386 1404 1414 tate
1422 1380 1616 1420 cavebant,
1644 1391 1689 1412 ne
1707 1381 1751 1412 ad
1767 1379 1880 1412 ullum
1897 1378 2078 1412 inflectere
2093 1390 2130 1412 se
2146 1378 2341 1424 quisquam

1332 1432 1517 1465 videretur
1540 1438 1623 1464 ante
1643 1431 1952 1475 suffragationem.
2006 1430 2124 1465 Nemo
2139 1430 2231 1464 ullas
2250 1429 2341 1464 aluit

1331 1485 1524 1524 sactiones,
1551 1496 1660 1517 nemo
1688 1483 1831 1528 paravit
1855 1483 1909 1517 sui
1932 1482 2094 1526 suffragii
2116 1483 2340 1520 defensores;

1331 1537 1392 1570 sed
1428 1536 1577 1580 integris
1612 1535 1743 1569 animis
1771 1541 2020 1569 convenerunt
2049 1535 2086 1567 in
2116 1533 2339 1580 colloquium

1332 1588 1534 1628 Electores,
1577 1601 1594 1621 e
1622 1588 1752 1634 quibus
1776 1587 2014 1631 Moguntinus
2048 1599 2142 1621 unus
2174 1586 2339 1620 omnium

1332 1640 1584 1684 gravissimum
1610 1652 1701 1674 onus
1728 1639 1938 1674 sustinebat.
1992 1638 2085 1674 Nam
2103 1651 2183 1672 cum
2199 1638 2340 1683 primus

1331 1692 1547 1726 senteutiam
1585 1692 1746 1726 dicturus
1781 1698 1886 1733 esset,
1923 1692 2164 1725 laborandum
2201 1690 2233 1723 ei
2260 1690 2340 1732 fuit,

1332 1757 1407 1778 non
1432 1746 1541 1778 modo
1566 1751 1606 1778 ut
1629 1744 1801 1789 suffragio
1828 1756 1893 1778 suo
1924 1744 2080 1790 aliquem
2114 1742 2340 1782 nominaret;

1332 1798 1392 1831 sed
1427 1797 1533 1830 etiam
1567 1809 1691 1831 causas
1723 1809 1808 1831 suae
1837 1795 2106 1841 suffragationis
2131 1801 2340 1840 exponeret,

1332 1856 1371 1883 ut
1388 1849 1548 1895 reliquos
1564 1850 1609 1882 ad
1628 1861 1730 1883 suam
1753 1848 1969 1882 sententiam
1994 1849 2217 1892 adiungeret.
2271 1845 2340 1880 Ita-

1333 1914 1402 1948 que
1421 1901 1521 1946 prius
1538 1913 1618 1934 cum
1636 1900 1836 1940 Friderico,
1863 1899 1962 1933 Duce
1981 1900 2171 1940 Saxoniae,
2200 1901 2244 1933 de
2259 1899 2340 1933 uni-

1334 1966 1433 1988 versa
1459 1953 1641 1998 republica
1668 1951 1893 1993 Christiana,
1939 1958 1973 1985 et
1997 1951 2166 1986 omnibus
2190 1950 2339 1996 Imperii

1333 2005 1543 2040 Germanici
1564 2005 1728 2050 partibus
1750 2004 1982 2050 colloquitur.
2034 2003 2081 2037 Et
2101 2002 2156 2038 his
2173 2016 2339 2049 congres-

1332 2059 1429 2093 sibus
1454 2065 1547 2092 totas
1572 2057 1733 2102 impertit
1758 2063 1899 2090 noctes:
1941 2068 1982 2090 ac
2006 2069 2045 2090 re
2061 2056 2251 2101 diligenter
2268 2055 2338 2090 dis-

1332 2118 1478 2157 putata,
1518 2108 1601 2143 huic
1634 2109 1792 2143 ostendit
1824 2108 1980 2142 maxime
2011 2122 2030 2142 e
2059 2108 2242 2154 republica
2269 2107 2338 2142 sibi

1333 2163 1467 2203 videri,
1501 2169 1541 2196 ut
1570 2161 1721 2195 Carolus
1755 2159 1941 2194 Archidux
1975 2161 2144 2195 Austriae
2173 2160 2337 2205 eligatur.

1332 2215 1429 2249 Idem
1459 2227 1539 2248 cum
1566 2214 1750 2248 videretur
1777 2213 1869 2248 Duci
1897 2213 2096 2254 Saxoniae,
2128 2213 2230 2247 iubet
2254 2224 2336 2246 eum

1332 2273 1540 2302 constanter
1563 2266 1601 2299 in
1624 2266 1802 2301 sententia
1825 2278 1993 2306 manere,
2021 2271 2061 2299 ut
2079 2277 2256 2299 consensu
2270 2276 2335 2298 suo

1331 2320 1538 2354 dubitantes
1554 2319 1771 2359 invitarent,
1799 2325 1833 2352 et
1851 2323 2092 2363 repugnantes
2112 2318 2310 2351 vincerent.

1437 2372 1527 2406 Cum
1552 2371 1662 2416 igitur
1687 2371 1881 2405 constituto
1901 2370 1958 2403 die
1973 2371 2018 2403 ad
2036 2368 2335 2403 deliberationem

1330 2424 1514 2458 Electores
1536 2423 1573 2456 in
1592 2423 1739 2457 Curiam
1756 2422 2042 2457 Francofordiae
2066 2420 2178 2468 (quae
2202 2420 2336 2455 dicitur

1330 2476 1516 2519 Romana)
1543 2476 1813 2510 convenissent:
1854 2473 2091 2519 Moguntinus
2114 2473 2206 2507 bene
2227 2483 2335 2518 para-

1330 2536 1386 2563 tus
1415 2529 1619 2562 orationem
1637 2526 1764 2562 habuit
1787 2527 1824 2561 in
1847 2525 1941 2561 hanc
1967 2525 2197 2560 sententiam.
2249 2524 2333 2560 Non

1330 2581 1456 2615 dubito
1483 2580 1669 2627 equidem,
1706 2579 1905 2626 principem
1934 2578 2013 2612 orbi
2037 2583 2217 2612 terrarum
2242 2576 2334 2610 divi-

1330 2634 1425 2667 nitus
1451 2634 1547 2666 dari:
1585 2640 1706 2667 tamen
1732 2645 1811 2666 cum
1836 2637 1959 2666 nostra
1985 2629 2195 2675 suffragatio
2211 2627 2333 2675 requi-

1330 2692 1450 2726 ratur,
1491 2685 1647 2730 primum
1681 2697 1746 2719 oro
1770 2684 1887 2718 Deum
1914 2683 2093 2728 optimum
2121 2681 2331 2720 maximum,

1330 2745 1369 2772 ut
1393 2745 1530 2772 mentes
1554 2745 1696 2773 nostras
1721 2737 1906 2783 gubernet.
1960 2736 2101 2770 Deinde
2124 2746 2249 2770 censeo
2264 2743 2330 2766 no-
