2389 3037
124 105 200 140 809
768 101 994 137 ADDITAM
1000 102 1131 139 ENTA

228 190 385 237 Reliqua
430 196 482 224 est
522 201 594 223 una
631 188 748 224 adhuc
776 190 932 231 utilitas,
980 196 1131 235 propter

124 255 234 291 quam
261 243 332 276 tale
351 241 608 276 Calendarium
633 241 773 276 institui
798 242 836 275 in
855 242 982 287 primis
1001 254 1131 275 conve-

123 296 189 330 nit.
242 294 336 329 Nam
360 306 441 328 cum
467 293 662 340 unicuique
688 295 724 327 in
741 294 814 327 vita
833 294 946 328 multa
966 293 1132 327 accidant

123 348 308 392 insperata
326 352 433 392 atque
451 345 670 390 improvisa,
698 347 831 391 partim
854 346 968 386 laeta,
995 345 1128 391 partim

123 398 259 439 tristia,
294 398 333 431 in
363 398 493 443 quibus
519 397 587 431 Dei
619 398 854 432 certissimam
886 398 1128 443 praesentiam

124 462 250 484 omnes
265 449 393 483 attenti
414 450 667 494 experiuntur:
705 450 808 483 valde
827 451 974 494 prodest
998 462 1130 494 pueros

124 514 142 535 a
165 501 293 547 primis
317 501 439 536 statim
466 502 570 536 annis
591 502 772 536 assuefieri
796 503 840 534 ad
861 499 954 534 hanc
980 502 1130 546 diligen-

123 554 233 594 tiam,
261 559 301 587 ut
323 559 487 598 tempora
512 553 658 587 illorum
681 554 937 587 beneficiorum
957 552 1024 587 Dei
1049 554 1128 587 dili-

123 612 248 651 genter
275 605 465 639 observent
492 612 527 639 et
552 612 749 646 annotent,
783 618 824 638 ac
842 606 898 638 vel
916 603 983 638 hoc
1001 606 1126 639 saltem

123 658 233 691 modo
256 657 310 690 illi
333 658 578 702 deplorandae
603 657 787 692 securitati
811 664 845 691 et
862 657 1039 691 oblivioni
1056 670 1128 691 me-

122 711 297 750 deantur,
333 721 425 755 quae
451 710 543 743 solet
564 710 671 743 etiam
692 710 796 744 bonis
813 709 950 756 alioqui
970 707 1128 743 homini-

121 762 188 797 bus
215 762 412 806 obrepere,
448 761 496 795 ita
523 768 562 795 ut
586 762 694 806 paulo
721 768 821 807 post,
856 775 963 808 quam
998 762 1055 795 vel
1087 774 1128 795 ex

122 813 283 860 periculo
311 813 433 859 aliquo
461 814 575 847 atroci
601 814 734 859 erepti,
768 814 822 848 vel
848 815 1041 848 commodo
1066 814 1127 847 ali-

123 879 196 913 quo
212 866 396 911 insperato
419 865 592 899 dix-initus
616 866 767 912 aucti¹⁰)
791 873 895 907 sunt,
924 879 1068 899 omnem
1088 866 1128 898 il-

121 919 241 952 lorum
271 918 453 952 bonorum
487 920 702 952 memoriam
739 919 817 952 aliis
849 918 1127 963 cogitationibus

122 970 239 1005 excuti
253 970 319 1004 sibi
339 977 401 1004 aut
419 970 523 1004 obrui
541 971 738 1015 patiantur.

227 1021 320 1056 Huic
361 1023 600 1067 negligentiae
645 1029 679 1056 et
720 1023 905 1056 affectatae
952 1021 1128 1055 oblivioni

123 1074 292 1108 omnibus
310 1075 377 1108 viis
394 1076 656 1108 occurrendum
676 1082 744 1115 est,
776 1088 854 1108 cum
874 1074 1049 1119 flagitiosa
1071 1073 1127 1113 sit,

123 1132 157 1160 et
182 1126 328 1170 indigna
351 1126 419 1171 piis
442 1127 592 1167 animis,
622 1140 711 1173 quos
731 1127 851 1159 onmia
873 1126 939 1159 Dei
961 1138 1069 1170 opera
1090 1125 1127 1158 in

123 1185 316 1223 conspectu
347 1176 501 1219 habere,
538 1186 572 1212 et
596 1186 768 1224 perpetua
795 1178 1013 1223 gratitudine
1039 1178 1127 1211 cele-

122 1231 228 1264 brare
246 1231 366 1271 decet,
391 1243 463 1264 nou
484 1231 564 1264 ideo
582 1237 720 1264 tantum
735 1258 743 1271 ‚
772 1237 811 1264 ut
826 1230 943 1264 Deum
962 1236 1125 1263 autorem

122 1289 307 1316 tantorum
334 1283 517 1317 bonorum
546 1290 579 1316 et
604 1283 880 1323 liberationum,
917 1282 1037 1315 debito
1064 1280 1128 1314 ho-

122 1348 211 1370 nore
243 1335 474 1381 gratitudinis
507 1336 647 1376 colaut,
689 1337 750 1370 sed
776 1336 883 1368 etiam
907 1341 947 1368 ut
970 1347 1005 1368 se
1032 1334 1127 1378 ipsos

121 1388 274 1423 subinde
299 1388 515 1428 exuscstent,
548 1388 584 1420 in
602 1388 709 1422 rebus
732 1387 895 1422 secundis
914 1386 1060 1432 quidem
1083 1386 1127 1418 ad

121 1444 290 1474 timorem
307 1439 376 1473 Dei
393 1446 427 1473 et
445 1441 489 1473 ad
506 1440 718 1474 modestiam
733 1466 742 1480 ‚
773 1452 817 1473 ne
837 1451 900 1484 per
918 1438 1127 1482 impruden-

121 1493 209 1526 tiam
236 1499 298 1526 aut
322 1492 429 1525 aliam
456 1491 599 1536 culpam
623 1504 724 1525 suam
743 1491 964 1524 calamitates
985 1490 1051 1524 sibi
1073 1502 1128 1522 ac-

123 1550 284 1585 cersant,
312 1543 445 1578 similes
470 1544 558 1584 illis,
588 1556 628 1576 ex
654 1544 783 1589 quibus
806 1556 841 1577 se
862 1543 1058 1588 aliquando
1077 1541 1128 1574 ‹li-

122 1597 257 1630 vinitus
290 1602 467 1629 extractos
497 1608 571 1628 esse
604 1596 861 1633 recor-dantum
904 1594 939 1627 in
970 1593 1128 1627 adversis

123 1661 210 1683 vero
237 1648 361 1688 rebus,
398 1649 452 1681 ad
469 1646 765 1691 implorationem
790 1653 824 1679 et
843 1646 1126 1690 expectationem

123 1701 268 1735 divinae
296 1699 375 1745 opis
398 1712 439 1732 ac
457 1698 703 1739 liberationis,
732 1711 839 1745 quam
861 1704 964 1731 antea
984 1709 1129 1742 quoque

123 1754 161 1787 in
195 1753 302 1786 rebus
337 1752 487 1785 fortasse
524 1751 637 1795 magis
666 1750 842 1784 intricatis
870 1756 903 1783 et
932 1749 1130 1794 desperatis

123 1812 208 1840 sunt
228 1803 377 1849 experti.

229 1856 351 1902 Quare
376 1855 515 1889 dabunt
541 1867 688 1900 operam
713 1854 857 1899 ingenui
880 1853 1002 1898 pueri,
1034 1859 1073 1885 ut
1097 1859 1130 1885 et

125 1908 215 1943 alios
239 1908 314 1942 dies
333 1907 525 1952 diligenter
542 1907 578 1940 in
595 1920 660 1941 suo
678 1906 893 1940 Calendario
912 1904 1130 1945 adscribant,

125 1961 256 2008 quibus
279 1973 315 1995 se
342 1966 403 1994 aut
428 1960 465 1993 in
491 1972 624 2003 magno
650 1959 743 1992 vitae
763 1958 991 1998 discrimine,
1021 1970 1037 1990 a
1058 1956 1129 2001 pri-

124 2014 193 2048 mis
218 2012 393 2046 infantiae
417 2012 520 2046 annis
543 2011 716 2045 divinitus
741 2017 901 2045 servatos
926 2022 944 2043 a
972 2009 1128 2054 parenti-

123 2066 190 2100 bus
221 2065 293 2100 suis
324 2065 538 2105 audierunt,
578 2071 639 2098 aut
671 2064 792 2110 aliquo
821 2063 1005 2107 insperato
1031 2062 1128 2094 bono

125 2119 327 2152 cumulatos
360 2130 433 2152 esse
464 2116 727 2156 meminerunt,
769 2122 802 2148 et
833 2114 1018 2159 inprimis
1047 2126 1127 2146 eum

125 2170 220 2204 diem
246 2170 438 2215 diligenter
465 2182 507 2203 ex
532 2169 740 2213 parentibus
764 2167 986 2201 sciscitentur
1013 2172 1047 2198 et
1066 2178 1129 2198 no-

125 2229 221 2263 tent,
250 2235 322 2268 quo
349 2229 433 2256 sunt
456 2235 497 2255 ex
520 2228 623 2254 utero
648 2228 813 2253 materno
842 2219 875 2251 in
903 2217 995 2251 lianc
1013 2217 1127 2250 lucem

124 2274 304 2319 producti.
366 2274 459 2308 Nam
486 2286 565 2306 cum
591 2271 649 2306 hic
674 2273 749 2306 (lies
774 2272 878 2305 nobis
902 2282 1127 2305 summorum

124 2326 382 2360 beneficiorum
402 2325 471 2359 Dei
494 2324 708 2358 memoriam
735 2325 771 2357 in
793 2324 952 2357 animum
973 2328 1129 2363 revocet,

125 2390 255 2413 sumno
281 2377 401 2412 studio
425 2384 476 2411 est
503 2378 768 2417 observandus,
813 2383 847 2409 et
870 2382 968 2421 grata
999 2387 1038 2407 ac
1069 2373 1127 2419 pia

125 2431 259 2464 laetitia
279 2429 473 2476 quotannis
490 2429 736 2462 celebrandus.

229 2482 282 2516 Eo
319 2482 414 2515 enim
447 2481 503 2515 die
531 2494 573 2514 ex
602 2481 762 2515 tristibus
789 2480 944 2514 tenebris
974 2478 1127 2512 materni

125 2534 232 2576 uteri,
259 2541 433 2580 tanquam
456 2546 498 2567 ex
514 2535 605 2567 duro
623 2545 776 2572 carcerc,
805 2532 841 2564 in
859 2530 951 2565 hanc
971 2531 1127 2575 amplam

126 2587 245 2620 sedem
264 2587 445 2631 perfusam
464 2585 607 2619 coelesti
626 2586 722 2625 luce,
750 2597 872 2618 sumus
899 2583 1066 2622 extracti,
1096 2588 1129 2615 et

126 2638 165 2671 in
188 2638 250 2671 illo
277 2638 432 2672 transitu
457 2637 690 2677 difficillimo,
734 2643 765 2669 ct
792 2637 881 2669 dura
913 2635 1128 2669 tractatione

163 2756 210 2789 10)
231 2757 318 2787 aucti]
339 2756 381 2782 sic
399 2757 450 2782 Ed.
463 2757 508 2789 2.;
534 2757 583 2782 Ed.
599 2757 623 2781 ¹.
641 2755 733 2781 affecti

1158 103 1225 138 AD
1254 104 1395 140 VOLL.
1425 105 1550 142 I—X.
2110 120 2187 155 810

1186 193 1466 226 tenerrimorum
1504 195 1772 240 membrorum,
1815 211 1891 234 non
1919 198 2075 236 humana
2107 217 2187 250 ope,

1184 245 1245 277 sed
1270 243 1338 278 Dei
1362 244 1530 291 solius¹¹)
1554 249 1754 291 praesentia
1774 252 1918 287 servati.

1288 295 1342 329 Eo
1366 297 1423 330 die
1448 304 1581 333 matres
1602 306 1748 335 nostrae
1768 315 1785 335 a
1808 311 1983 349 perpetuo
2002 305 2187 351 languore,

1184 359 1290 392 quem
1309 354 1432 382 uterus
1450 349 1566 391 affert,
1594 351 1744 394 levatae,
1767 361 1801 388 et
1818 356 1992 391 foeliciter
2012 358 2186 393 eluctatae

1183 405 1266 432 sunt
1282 405 1354 444 'per
1380 401 1627 437 acerbissimos
1651 405 1793 440 dolores
1818 415 1962 452 partus,
2004 410 2066 455 qui
2091 423 2187 445 non-

1183 462 1370 497 nunquam
1406 453 1580 488 enitentes
1616 463 1748 492 matres
1780 472 1851 492 una
1881 473 1960 494 cum
1989 461 2186 498 infantibus

1184 503 1437 537 miserabiliter
1453 505 1684 551 extinguunt,
1714 516 1748 543 et
1764 518 1844 555 post
1861 519 2003 557 partum
2023 514 2185 548 foelicem

1184 561 1334 601 uterque
1358 569 1489 601 parens
1514 571 1644 601 magna
1671 561 1714 594 de
1749 564 1852 597 nobis
1884 565 2124 600 sollicitudine
2151 573 2186 600 et

1184 614 1280 641 metu
1297 608 1480 649 liberatus,
1509 622 1574 644 nos
1593 624 1714 647 recens
1733 615 1847 649 editos
1863 616 1956 651 ulnis
1972 617 2057 658 suis,
2086 630 2187 652 oscu-

1182 659 1224 693 lis
1244 666 1278 692 et
1294 660 1361 704 piis
1379 661 1471 694 votis
1490 661 1603 696 laetus
1622 667 1770 710 excepit,
1800 674 1833 700 et
1853 669 1952 701 omni
1971 669 2083 702 animi
2102 682 2186 704 cura

1183 723 1223 744 ac
1240 713 1359 745 studio
1377 713 1583 757 complexus
1603 722 1664 750 est.

1286 762 1339 797 Eo
1367 765 1425 797 die
1449 778 1528 798 cum
1557 767 1632 799 nati
1658 780 1814 804 essemus
1838 771 1873 803 in
1893 778 1993 805 reatu
2014 772 2087 806 irae
2106 772 2187 815 Dei,

1182 821 1216 847 et
1242 816 1380 848 aeterni
1404 817 1522 857 exitii,
1562 826 1751 862 parentum
1782 823 1838 866 pia
1867 824 2036 858 sedulitas
2060 825 2188 859 detulit

1183 879 1247 900 nos
1265 867 1422 912 primum
1441 870 1606 913 precibus
1624 872 1834 908 ardentibus
1856 876 1898 908 ad
1920 876 2037 920 ipsum
2056 875 2188 918 Deum,

1182 919 1310 953 deinde
1335 921 1441 953 etiam
1462 923 1506 954 ad
1524 922 1762 958 ministerium
1781 925 1912 970 ipsius,
1946 927 2008 961 ubi
2031 939 2189 962 ceremo-

1182 971 1240 1004 nia
1261 971 1497 1020 Baptismim)
1528 986 1546 1006 a
1567 972 1710 1010 Christo
1735 977 1896 1012 instituta
1924 979 2047 1013 inserti
2066 979 2186 1014 Eccle-

1181 1023 1271 1064 siae,
1300 1030 1335 1057 et
1353 1026 1555 1069 regenerati
1575 1039 1716 1068 sumus,
1747 1036 1780 1062 et
1803 1031 1983 1064 consecuti
2006 1033 2187 1066 remissio-

1154 1103 1156 1108 ,
1182 1088 1263 1108 nem
1290 1084 1541 1120 peccatorum,
1577 1079 1659 1112 facti
1689 1093 1811 1116 sumus
1835 1082 1897 1115 filii
1915 1082 2003 1123 Dei,
2038 1084 2125 1117 socii
2153 1091 2187 1118 et

1182 1125 1354 1162 haeredes
1372 1129 1509 1162 aeterni
1528 1131 1641 1174 regni,
1670 1140 1838 1167 aeternae
1855 1134 2011 1168 iustitiae
2027 1142 2061 1168 et
2080 1136 2186 1170 vitae.

1182 1178 1233 1212 Ita
1260 1181 1386 1213 eodem
1412 1181 1469 1214 die
1495 1181 1602 1216 simul
1629 1185 1664 1217 in
1690 1183 1783 1218 hanc
1807 1186 1918 1219 vitam
1947 1187 2186 1231 temporalem

1153 1255 1155 1275 3
1182 1231 1331 1275 ingressi
1350 1245 1493 1273 sumus,
1521 1240 1555 1266 et
1574 1235 1724 1270 alteram
1746 1238 1956 1271 duraturam
1978 1239 2015 1272 in
2036 1239 2187 1273 aeterni-

1182 1289 1291 1317 tatem
1312 1282 1575 1320 inchoavimus.

1286 1336 1408 1382 Quare
1441 1337 1695 1382 aequissimum
1721 1347 1792 1382 est,
1833 1354 1898 1375 nos
1924 1339 2055 1376 horum
2081 1344 2187 1376 bene-

1180 1387 1344 1422 ficiorum
1371 1390 1584 1423 memoriam
1612 1404 1690 1425 cum
1721 1393 1807 1427 alias
1832 1406 1958 1438 saepe,
1990 1401 2066 1428 tum
2084 1407 2187 1439 prae-

1182 1440 1283 1484 cipue
1301 1441 1357 1474 die
1375 1441 1486 1474 natali
1511 1448 1636 1477 nostro
1662 1456 1859 1485 renovare,
1892 1452 1925 1479 et
1943 1445 2019 1479 Deo
2045 1446 2185 1480 ardenti

1183 1498 1326 1536 pectore
1350 1494 1482 1537 gratias
1504 1507 1629 1538 agere,
1666 1509 1741 1529 non
1769 1498 1878 1531 modo
1902 1510 1969 1542 pro
1995 1498 2090 1532 illius
2115 1498 2186 1531 diei

1182 1545 1381 1586 beneficiis,
1417 1558 1540 1579 verum
1569 1548 1676 1581 etiam
1704 1561 1769 1593 pro
1795 1550 1934 1594 reliqua
1954 1550 2091 1583 infinita
2112 1550 2186 1584 eius

1182 1596 1362 1637 bonitate,
1399 1609 1468 1642 qua
1493 1610 1558 1632 nos
1583 1600 1627 1632 ab
1654 1600 1715 1633 illo
1741 1601 1797 1634 die
1825 1613 1986 1645 egressus
2009 1602 2125 1635 nostri
2146 1614 2186 1635 ex

1184 1654 1286 1681 utero
1311 1655 1497 1690 materno,
1530 1650 1575 1683 ad
1601 1659 1826 1696 praesentem
1848 1665 1961 1698 usque
1979 1651 2107 1686 horam
2128 1653 2187 1686 be—

1185 1699 1290 1743 nigne
1316 1701 1494 1740 defendit,
1524 1702 1632 1743 aluit,
1661 1705 1783 1738 docuit
1796 1704 1861 1751 ¹⁴3),
1891 1711 1925 1737 et
1949 1705 2187 1739 conservavit.

1184 1750 1294 1784 Decet
1322 1752 1429 1785 etiam
1455 1764 1521 1787 nos
1543 1755 1668 1788 eodem
1692 1756 1748 1789 die
1764 1755 1879 1789 Deum
1901 1768 2024 1796 orare,
2052 1763 2091 1789 ut
2106 1756 2187 1789 reli-

1185 1816 1295 1848 quum
1326 1804 1420 1837 vitae
1443 1811 1586 1839 nostrae
1613 1807 1830 1841 curriculum
1857 1808 2051 1841 clementer
2074 1814 2186 1851 regat,

1184 1867 1320 1901 nosque
1355 1857 1521 1897 adiuvet,
1562 1864 1602 1891 ut
1633 1860 1810 1904 possimus
1834 1871 1906 1894 esse
1932 1856 2043 1905 σκεύη
2067 1858 2187 1898 ἐλέους

1156 1919 1157 1935 t
1183 1907 1352 1940 salutaria
1378 1909 1483 1942 nobis
1505 1908 1591 1953 ipsis
1617 1918 1649 1944 et
1667 1910 1866 1951 Ecclesiae,
1896 1923 1936 1944 ac
1954 1911 2105 1944 intanta
2123 1923 2188 1944 no—

1183 1965 1255 1993 stra
1280 1959 1523 1994 imbecillitate
1546 1967 1689 1996 tueatur
1713 1970 1747 1999 et
1768 1969 1940 1998 sustentet
1956 1975 2023 1997 nos
2041 1964 2084 1996 ad
2102 1962 2188 1995 alte-

1184 2024 1263 2044 rum
1299 2025 1411 2058 usque
1444 2013 1656 2055 transitum,
1699 2028 1770 2061 quo
1798 2027 1920 2049 rursus
1947 2027 1987 2047 ex
2009 2012 2077 2047 hac
2102 2014 2188 2055 vita,

1184 2070 1357 2109 tauquam
1382 2077 1423 2097 ex
1450 2064 1531 2097 alvo
1558 2073 1722 2100 matt-rna
1750 2074 1783 2100 et
1806 2066 2010 2100 tristissimo
2032 2078 2185 2105 carcere,

1184 2115 1219 2148 in
1245 2116 1362 2149 sinum
1390 2124 1424 2149 et
1447 2118 1671 2162 complexum
1689 2118 1776 2159 Dei,
1805 2125 1839 2152 et
1866 2125 2047 2151 aeternam
2070 2118 2185 2151 lucem

1184 2180 1224 2200 ac
1241 2168 1351 2201 vitam
1373 2169 1587 2211 educemur,
1617 2178 1649 2204 et
1665 2178 1805 2216 petere,
1834 2177 1890 2210 ut,
1918 2171 2008 2203 sicut
2028 2170 2131 2203 nobis
2150 2169 2186 2202 in

1184 2220 1301 2264 primo
1328 2220 1423 2253 exitu
1448 2227 1573 2254 nostro
1599 2236 1640 2256 ex
1665 2223 1789 2256 matris
1815 2229 1940 2262 utero,
1975 2234 2038 2255 ceu
2065 2222 2186 2255 sedula

1183 2278 1218 2304 et
1241 2272 1407 2306 salutaris
1433 2273 1607 2308 obstetrix
1631 2275 1763 2315 adfuit,
1798 2274 1845 2307 ita
1873 2273 2018 2307 alterius
2042 2285 2186 2318 quoque

1183 2336 1343 2368 egressus
1373 2324 1487 2358 nostri
1512 2337 1553 2358 ex
1578 2324 1643 2359 hac
1669 2326 1740 2359 vita
1767 2325 2011 2358 difficultatem
2036 2332 2070 2358 et
2094 2324 2186 2369 peri-

1183 2376 1281 2416 cula,
1309 2388 1371 2409 sua
1396 2378 1598 2420 praesentia
1627 2384 1661 2411 et
1686 2378 1818 2411 auxilio
1838 2377 2031 2410 clementer
2048 2377 2186 2420 mitiget

1183 2434 1218 2461 et
1245 2428 1429 2473 gubernet.

1287 2479 1355 2513 Sed
1390 2480 1497 2513 nimis
1532 2481 1594 2514 diu
1627 2481 1788 2515 fortassis
1817 2480 1960 2514 detineo
1984 2478 2051 2513 hac
2078 2479 2181 2522 longa

1184 2531 1531 2565 commemoratione
1554 2532 1751 2566 utilitatum
1777 2545 1855 2573 eos,
1891 2532 1951 2578 qui
1981 2532 2092 2575 ipsam
2119 2529 2184 2562 Ca—

1219 2668 1266 2697 11)
1286 2668 1389 2697 solius]
1410 2667 1452 2691 sic
1470 2668 1519 2693 Ed.
1534 2667 1576 2698 2.;
1605 2667 1655 2690 Ed.
1673 2668 1695 2693 1.
1714 2666 1803 2697 ipsius

1220 2711 1267 2739 12)
1289 2710 1437 2741 Baptismi]
1458 2710 1498 2734 sic
1517 2711 1566 2735 Ed.
1583 2710 1627 2740 2.;
1651 2710 1685 2733 ab
1704 2709 1753 2733 Ed.
1770 2710 1792 2733 1.
1812 2709 1899 2732 abest.

1220 2754 1267 2783 13)
1287 2753 1413 2785 docuit,]
1439 2753 1478 2777 sic
1495 2753 1545 2777 Ed.
1561 2753 1604 2785 23
1632 2753 1681 2776 Ed,
1697 2753 1718 2776 1.
1737 2751 1867 2781 instituit,
