2389 3037
159 657 214 700 11.
275 658 456 701 PHIL.
500 656 661 698 MEh.
704 654 1178 696 EXHORTATIO
1225 652 1707 694 MAXIMIMANI
1751 648 2105 694 CAESARIS

495 723 587 765 AD
628 723 926 764 BELLUM
966 720 1222 764 TURCIS
1264 718 1771 761 INFERENDUM.

93 830 206 888 Haec
228 860 421 897 Exhortatio,
451 859 717 888 Melanthonis
741 859 868 887 auctoris
890 859 1010 886 nomine
1034 857 1200 895 adscripto,
1232 857 1377 885 Chronico
1401 856 1534 884 Carionis
1557 864 1574 883 a
1595 855 1729 883 Peucero
1753 854 1888 892 proxime
1911 861 2032 881 annexa
2054 854 2171 881 inveni-

92 908 140 932 tur
163 904 193 931 in
216 904 320 931 iisdem
344 903 430 931 huius
454 902 562 940 Operis
585 902 787 938 Editionibus,
818 911 890 939 quas
912 910 1000 939 supra
1025 911 1053 939 p.
1068 899 1133 930 439
1148 911 1212 939 sqq.
1238 900 1390 934 recensui,
1420 899 1482 928 scil.
1506 900 1533 926 in
1560 896 1667 926 Editt.
1691 893 1874 935 H”z'teberg.
1901 895 1994 926 1572.
2021 902 2051 924 et
2076 895 2169 926 1580.

92 946 157 975 Fol.
179 956 250 985 pag.
265 945 469 983 707—7’20.,
496 944 560 977 Ed.
578 944 750 984 Francos.
779 944 871 975 1581.
893 944 924 974 8.
952 954 981 982 p.
998 943 1251 981 1125-1M5„
1275 942 1341 972 Ed.
1368 940 1536 980 Francos.
1564 941 1657 971 1621.
1682 941 1714 971 8.
1739 952 1768 979 p.
1789 938 2049 977 1309—133l.,
2080 945 2171 977 atque

92 989 124 1018 in
139 990 330 1018 vernaculam
346 990 475 1027 linguam
500 999 516 1017 a
540 989 760 1026 Christoph.
784 987 948 1016 Pezelio
973 988 1116 1016 translata
1141 988 1250 1025 legitur
1274 988 1301 1014 in
1327 987 1378 1014 illa
1403 986 1488 1014 huius
1502 985 1641 1013 Clu-onici
1666 985 1860 1013 translatione
1877 984 2044 1022 germanica
2064 983 2169 1011 eodem

93 1033 157 1061 loco
180 1033 349 1071 descripta,
380 1042 457 1071 quae
487 1029 701 1070 W'ilebergae
726 1031 819 1062 1578.
846 1032 910 1061 Fol.
935 1031 1060 1069 prodiit,
1089 1041 1118 1069 p.
1138 1023 1380 1060 1084—1104.

223 1093 286 1120 Hoc
309 1093 451 1129 Peuceri,
489 1093 593 1131 generi
617 1093 830 1128 Melanthonis,
868 1093 1036 1120 testimonio
1059 1091 1153 1120 fretus
1180 1091 1254 1118 haue
1280 1090 1524 1118 Eximi-tationem
1550 1098 1588 1117 ex
1613 1089 1692 1117 illius
1716 1088 1854 1117 chronici
1880 1084 2039 1115 Ede'tione
2065 1084 2170 1115 'Vile-

93 1133 253 1173 bergensi
273 1137 360 1165 anni
382 1134 478 1167 1572.
504 1136 531 1165 h.
550 1137 569 1165 1.
593 1136 695 1165 recudi
720 1146 800 1164 curo.

151 1373 505 1412 EXHORTATIO
534 1374 894 1411 MAX1M1L1AN1
922 1374 1179 1412 CAESARIS
1208 1375 1280 1412 AD
1310 1374 1525 1411 BELLUM
1555 1372 1743 1410 TURCIS
1772 1371 2118 1410 INFERENDUM

675 1444 882 1473 SCRtPTA
918 1447 940 1473 A
975 1445 1205 1476 PHILIPPO
1241 1444 1594 1474 MELANTHONE.

198 1531 399 1577 Postquam
424 1531 632 1565 nuntiatum
664 1538 735 1572 est,
770 1531 979 1577 Selymum,
1011 1531 1106 1566 Tur-

1131 1538 1136 1573 ἶ
1162 1546 1243 1566 eum
1271 1532 1501 1578 maximeque
1520 1531 1622 1564 varia
1640 1532 1731 1564 bella
1749 1536 2006 1569 exercuerunt,
2036 1529 2073 1562 in
2092 1529 2173 1575 qui-

95 1596 218 1617 carum
242 1582 401 1628 Regem,
436 1590 538 1628 capta
565 1583 668 1628 Syria
696 1590 805 1629 atque
829 1585 1017 1630 Aegypto,
1046 1585 1106 1617 de-
1132 1576 1135 1618 i
1160 1586 1227 1619 bus
1252 1597 1307 1619 res
1332 1596 1485 1629 magnae
1512 1596 1638 1618 omnes
1667 1585 1798 1624 ductu,
1836 1583 1989 1619 virtute,
2030 1588 2063 1615 et
2089 1594 2173 1614 con-

94 1635 265 1670 nuntiare
282 1635 417 1669 bellum
434 1635 654 1669 Pannoniis:
686 1635 959 1670 Maximilianus
972 1635 1106 1670 Caesar

97 1793 173 1827 lum
206 1792 435 1832 incumbere,
473 1798 507 1826 et
537 1799 697 1826 caeteros
729 1793 775 1825 ad
808 1798 930 1826 tantae
959 1799 1107 1838 tamque

98 1844 278 1890 gloriosae
304 1845 357 1877 rei
379 1844 589 1878 societatem
618 1841 801 1877 attrahere
835 1851 966 1889 posset.
1031 1844 1109 1879 Nisi

98 1897 195 1932 enim
227 1897 414 1931 communi
444 1908 621 1931 consensu
651 1908 777 1930 omnes
803 1909 928 1941 regum
956 1909 1043 1941 opes
1069 1909 1109 1930 ac

98 1949 194 1983 vires
224 1948 489 1984 immanissimo
525 1962 566 1982 ac
598 1948 849 1993 potentissimo
876 1947 972 1983 hosti
996 1962 1109 1994 oppo-

99 2007 294 2042 nerentur,
329 2002 374 2034 ab
403 2013 445 2034 eo
468 2001 796 2044 pertimescendum
821 2002 1012 2036 universae
1040 2001 1109 2035 rei-

99 2053 266 2100 publicae
299 2051 527 2088 Christianae
559 2053 745 2087 interitum
778 2053 973 2088 iudicabat.
1036 2054 1109 2088 Nec

101 2107 314 2151 ignorabat,
356 2105 619 2150 Imperatorem
659 2105 1108 2151 Constantinopolitanum

102 2165 137 2192 et
159 2158 347 2203 Principes
374 2157 548 2192 Graeciae
580 2158 689 2203 paulo
723 2165 806 2191 ante
839 2159 877 2191 in
910 2165 1108 2192 extremam

103 2210 345 2244 calamitatem
379 2209 566 2251 incidisse,
602 2223 643 2243 ac
675 2210 817 2255 penitus
852 2211 989 2246 deletos
1023 2224 1110 2252 esse,

101 2263 188 2297 dum
205 2262 309 2295 ferali
326 2261 504 2296 discordia
523 2260 822 2298 distraherentur.

206 2314 324 2349 Erant
350 2321 470 2348 autem
499 2314 535 2347 in
561 2314 813 2349 Maximiliano
839 2328 918 2349 cum
947 2322 1109 2350 caeterae

103 2367 255 2401 virtutes
271 2379 404 2412 magno
423 2367 502 2400 viro
520 2367 670 2411 dignae,
698 2373 774 2401 tum
793 2380 879 2401 vero
898 2368 941 2402 iis
960 2369 1110 2410 artibus,

105 2431 199 2466 quae
221 2419 260 2452 in
282 2431 425 2454 summo
443 2419 614 2464 Principe
639 2419 788 2453 existere
812 2420 945 2454 debent
967 2420 1111 2466 (videli-

105 2477 161 2505 cet
176 2471 324 2505 scientia
343 2473 523 2517 regendae
543 2471 761 2516 reipublicae
780 2472 817 2505 in
836 2485 936 2517 pace,
965 2479 999 2507 et
1015 2474 1111 2519 peri-

105 2524 156 2557 tia
191 2523 245 2557 rei
272 2524 457 2571 militaris)
493 2524 600 2568 longe
629 2536 754 2559 omnes
781 2525 997 2566 excellebat,
1035 2539 1112 2560 non

105 2580 249 2609 tantum
274 2588 359 2610 suae
381 2576 509 2612 aetatis
534 2589 655 2621 reges,
691 2583 840 2623 eratque
868 2590 1037 2623 prorsus,
1073 2585 1113 2613 ut

106 2627 167 2661 ille
195 2640 358 2663 summus
388 2630 485 2674 apud
506 2629 708 2663 Homerum
736 2629 958 2674 imperator,
992 2637 1027 2664 et
1051 2643 1114 2665 rex

108 2679 291 2725 optimus,
319 2687 354 2714 et
373 2681 591 2717 fortissimus
615 2681 780 2716 bellator.
834 2681 929 2717 Nam
953 2682 1039 2717 inde
1057 2696 1114 2718 us-

109 2744 179 2778 que
210 2733 255 2766 ab
291 2733 533 2769 adolescentia
568 2747 633 2780 per
659 2746 805 2768 omnem
830 2733 964 2776 vitam,
999 2736 1114 2771 multa

1134 1676 1135 1679 Ἰ
1161 1637 1242 1671 silio
1260 1636 1372 1681 ipsius
1411 1643 1506 1671 estne
1525 1642 1621 1670 sunt.

95 1687 285 1722 intestinas
302 1686 595 1722 Christianorum
615 1687 815 1721 discordias
833 1689 1106 1733 componendas
1133 1681 1136 1725 f
1388 1649 1408 1681 g

96 1752 172 1774 esse
197 1739 316 1780 duxit,
344 1746 384 1774 ut
402 1741 503 1773 omni
523 1752 607 1773 cura
629 1740 666 1772 in
686 1752 799 1773 unum
817 1739 1014 1773 Turcicum
1035 1741 1108 1773 bel·
1134 1748 1136 1785 ζ

1268 1688 1565 1734 Diligentissime,
1580 1694 1775 1733 antequam
1797 1686 1872 1720 acie
1889 1687 2092 1726 dimicaret,
2108 1698 2174 1730 pu-

1163 1741 1299 1785 gnandi
1332 1740 1644 1786 opportunitatem
1679 1739 1933 1783 praevidebat,
1979 1745 2013 1772 et
2035 1738 2072 1770 in
2097 1737 2173 1782 ipsa

1164 1794 1238 1826 acie
1265 1794 1417 1827 consilio
1442 1799 1477 1826 et
1502 1791 1754 1836 magnitudine
1775 1791 1889 1824 animi
1907 1790 2081 1835 singulari
2098 1797 2174 1823 ute-

1163 1845 1288 1885 batur,
1331 1857 1426 1891 qua,
1459 1845 1642 1878 interdum
1670 1856 1750 1878 cum
1778 1841 1929 1877 haberet
1954 1843 2173 1876 infirmiores

1164 1897 1306 1942 copias,
1348 1903 1411 1931 aut
1442 1896 1570 1943 iniquo
1602 1896 1683 1929 loco
1712 1895 1892 1941 praelium
1920 1895 2174 1932 committeret,

1164 1956 1287 1982 tamen
1318 1946 1477 1983 hostium
1513 1949 1689 1983 exercitus
1719 1948 1927 1993 dissipavit,
1963 1954 2025 1981 aut
2058 1947 2174 1981 elusit.

1164 2002 1283 2048 Atque
1308 2001 1358 2035 ita
1380 2002 1649 2047 responderunt
1671 2001 1785 2035 exitus
1807 2000 1933 2034 virtuti
1961 2006 1995 2033 et
2012 1999 2176 2033 felicitati

1165 2054 1259 2094 eius,
1289 2060 1347 2094 ut,
1377 2067 1455 2088 cum
1484 2054 1632 2099 gesserit
1654 2053 1812 2098 plurima
1836 2052 1928 2086 bella
1947 2064 2027 2086 cum
2047 2058 2175 2097 poten-
2210 2058 2221 2069 ³

1164 2106 1312 2141 tissimis
1343 2107 1488 2151 regibus
1519 2119 1559 2139 ac
1592 2105 1758 2151 populis,
1794 2104 1953 2150 coegerit
1982 2105 2027 2138 ad
2049 2116 2174 2149 pacem

1165 2160 1360 2204 petendam
1388 2171 1526 2193 omnes.
1597 2158 1649 2191 Ita
1677 2157 1774 2191 enim
1801 2157 1948 2202 gerebat
1974 2157 2089 2197 bella,
2124 2163 2177 2195 ut,

1165 2224 1246 2245 cum
1272 2211 1411 2257 patrios
1442 2210 1668 2257 principatus
1693 2210 1930 2250 defendisset,
1966 2221 2042 2243 non
2069 2221 2177 2254 appe·

1164 2270 1256 2297 teret
1286 2263 1404 2297 aliena
1439 2276 1572 2308 regna,
1618 2263 1680 2297 sed
1708 2262 1803 2296 tueri
1835 2262 1943 2296 etiam
1977 2268 2012 2295 et
2045 2273 2177 2306 augere

1165 2323 1371 2350 exterorum
1396 2328 1521 2361 regum
1547 2328 1633 2361 opes
1657 2322 1692 2349 et
1714 2314 1950 2360 dignitatem,
1983 2311 2174 2348 honestum

1165 2375 1321 2414 putaret.

1270 2420 1509 2461 Adolescens,
1552 2426 1747 2465 postquam
1789 2418 1891 2452 duxit
1926 2417 2049 2452 Caroli
2087 2417 2177 2451 Bur-

1166 2473 1279 2518 gundi
1306 2473 1438 2514 filiam,
1474 2485 1554 2506 cum
1581 2472 1679 2506 Galli
1710 2471 1821 2505 armis
1852 2477 2059 2516 repeterent
2086 2470 2177 2504 Bur·

1167 2526 1340 2570 gundiam
1368 2531 1402 2558 et
1426 2524 1659 2559 Flandriam:
1698 2536 1816 2570 neque
1842 2523 2091 2568 magnitudine
2120 2535 2177 2555 co-

1167 2578 1313 2623 piarum
1339 2590 1500 2623 unquam
1529 2575 1764 2622 perterritus,
1798 2588 1917 2622 neque
1940 2574 2177 2609 diuturnitate

1167 2630 1271 2671 belli,
1299 2630 1398 2676 quod
1415 2629 1557 2676 aliquot
1577 2641 1693 2663 annos
1712 2640 1842 2673 magna
1863 2627 2061 2673 pertinacia
2079 2638 2178 2671 gere-

1168 2683 1296 2722 batur,
1329 2682 1465 2716 fractus
1492 2688 1563 2721 est;
1599 2682 1662 2716 sed
1690 2693 1796 2726 saepe
1820 2681 1982 2725 ingentes
2005 2679 2178 2713 exercitus

1170 2747 1284 2781 parva
1310 2746 1423 2769 manu
1444 2734 1539 2769 fudit
1558 2740 1592 2768 et
1607 2733 1765 2778 fugavit,
1792 2739 1826 2767 et
1841 2731 2081 2767 constantiam
2100 2738 2180 2765 tan-

1670 2783 1754 2822 29*
