2453 3037
290 107 341 145 35

397 194 563 229 Invenias
588 197 683 239 apud
708 201 833 239 poetas
855 205 1121 239 nonnunquam
1149 201 1183 227 et
1206 195 1295 229 alios

293 248 581 292 comparativos,
625 253 664 279 ut
691 243 874 292 βράσσων
911 246 1055 290 segnior
1084 258 1102 278 a
1132 244 1295 293 βραδύς,

292 296 454 334 θάσσων
471 299 620 333 celerior
644 310 663 330 a
690 294 826 342 ταχύς,
855 304 889 331 et
912 297 1069 332 πάσσων
1095 298 1247 332 crassior
1277 312 1295 331 a

293 350 434 396 ssaxt'g,
469 357 503 384 et
527 349 677 389 similes,
706 362 796 395 quos
823 356 924 383 tuum
951 350 1018 382 erit
1040 350 1153 383 lector
1177 351 1296 384 obser-

292 415 389 436 vare.
434 402 527 436 Nam
545 402 582 434 in
598 401 758 445 regulam
779 402 1054 445 grammaticam
1075 403 1198 434 omnia
1218 402 1295 446 cogi

293 459 489 499 nequeunt.
559 452 801 486 Inveniuntur
828 460 862 487 et
893 453 1162 498 comparativa,
1205 466 1297 500 quae

293 506 388 538 unde
404 506 557 539 deducta
573 505 657 545 sint,
674 517 748 538 non
763 512 927 550 apparet,
944 512 984 539 ut
1003 504 1147 553 ἄλγιον,
1163 503 1300 554 ῥίγιον,

294 557 409 603 ῥᾷον,
440 557 511 591 nisi
539 569 558 590 a
587 557 704 591 verbis
733 569 807 591 esse
836 558 928 590 facta
958 557 1018 590 illa
1047 557 1228 598 dicamus,
1260 563 1300 591 ut

292 607 510 643 Latinorum
530 609 662 655 aliqui,
691 609 849 643 deterius
869 621 887 642 a
906 610 1029 642 detero
1040 608 1098 656 79).

580 708 1016 744 Denominativum.

402 799 486 830 κος,
515 792 555 820 ut
578 783 759 831 μουσικός

400 850 476 881 ιος,
504 844 544 871 ut
559 834 735 884 οὐράνιος

399 887 515 935 ωδης,
544 895 581 922 ut
602 886 768 935 λιθώδης
785 889 948 933 lapideus

399 953 491 985 ειος,
521 953 612 986 quae
642 940 925 985 possessivorum
955 940 1101 985 proprie
1125 940 1301 985 significa-

296 992 433 1026 tionem
450 990 577 1033 habet,
607 999 644 1026 ut
660 990 882 1038 Ἡράκλειος.

618 1086 972 1122 Diminutivum.

357 1164 671 1198 Diminutivorum
690 1165 909 1199 masculinae
927 1165 1202 1200 terminationes
1218 1172 1302 1200 sunt

453 1230 531 1260 ων,
560 1223 600 1250 ut
616 1215 794 1263 μωρίων,
825 1217 944 1250 morio

454 1269 519 1315 αξ,
548 1275 588 1302 ut
609 1266 745 1313 λίθαξ,
773 1269 917 1313 lapillus

453 1330 560 1361 σκος,
590 1326 629 1353 ut
646 1318 935 1367 ἀνθρωπίσκος,
964 1319 1162 1354 homuncio

452 1373 535 1415 λος,
561 1377 600 1405 ut
617 1370 812 1413 ναυτίλος,
841 1379 964 1406 nauta.

347 1423 604 1463 Foeminfflae,
627 1436 677 1464 ις,
707 1430 746 1456 ut
765 1421 991 1470 θεραπαινίς

454 1487 541 1520 σκη,
571 1481 611 1508 ut
629 1473 827 1520 παιδίσκη,
858 1476 999 1508 ancilla.

348 1527 592 1566 Neutrorum,
619 1539 721 1568 νιον,
750 1534 788 1560 ut
807 1525 996 1573 ὀψώνιον,
1024 1526 1173 1559 coenula

453 1592 556 1623 κιον,
584 1584 623 1611 ut
640 1577 855 1624 μειράκιον,
887 1578 1173 1612 adolescentulus

455 1633 555 1671 λιον,
585 1636 625 1663 ut
642 1628 849 1674 εἶὸύλλιον,
879 1630 1108 1674 imaguncula

455 1695 564 1728 (μον,
593 1687 633 1715 ut
650 1677 841 1728 ζωύφιον,
869 1682 1021 1715 bestiola

455 1731 558 1775 διον,
588 1739 628 1767 ut
644 1730 843 1780 κρεάδιον,
871 1734 1078 1767 caruncula.

350 1801 404 1835 De
438 1802 643 1836 verbalibus
679 1802 759 1834 vide
799 1802 835 1834 in
870 1802 940 1835 fine
971 1800 1192 1846 regularium
1224 1812 1303 1833 ver-

299 1855 442 1888 borum.

690 1949 916 1982 Genera.

457 2026 698 2060 Masculinum
804 2024 1002 2071 ἀρσενικόν
1012 2051 1023 2066 ,
1035 2022 1067 2060 ὁ.

456 2078 713 2112 Foemininum
804 2073 974 2122 θηλυκόν
983 2103 995 2118 ,
1007 2074 1040 2121 ἡ.

457 2131 649 2165 Neutrum.
804 2126 1005 2174 οὐδέτερον
1014 2154 1028 2170 ,
1038 2124 1093 2163 τό.

460 2183 661 2216 Commune
802 2178 983 2224 κοινόν,ὃ
1004 2177 1068 2214 καὶ
1087 2176 1120 2224 ἡ.

460 2234 713 2268 Promiscuum
806 2230 1009 2268 ἐπίκοινον.

407 2305 452 2338 Et
470 2305 567 2349 apud
586 2304 745 2337 Graecos
769 2298 860 2333 nihil
883 2301 926 2333 de
953 2298 1143 2344 generibus
1168 2296 1305 2342 praeci-

302 2359 421 2404 pitur,
450 2357 548 2402 quod
566 2353 867 2389 declinationibus
883 2357 1157 2397 cognoscantur.
1197 2350 1305 2394 Quod

304 2411 333 2445 si
353 2410 433 2455 quis
451 2408 601 2442 omnino
622 2413 655 2440 et
674 2418 845 2450 generum
874 2405 1015 2448 regulas
1042 2402 1219 2447 postulet,
1254 2414 1307 2435 se-

305 2468 438 2509 quatur
471 2462 607 2494 formas
641 2459 802 2491 Latinas.
872 2455 911 2489 In
944 2469 967 2490 α
998 2454 1195 2488 foeminina
1224 2459 1308 2488 sunt

304 2520 448 2559 praeter
466 2512 645 2551 verbalia,
674 2511 710 2544 in
738 2524 761 2556 η
788 2508 1009 2547 foeminina,
1044 2513 1078 2540 et
1104 2506 1153 2540 sic
1181 2507 1224 2539 de
1251 2518 1307 2539 re-

245 2589 256 2602 ,
305 2566 425 2611 liquis.

343 2710 392 2738 79)
413 2709 593 2733 Inveniuntur
612 2720 647 2724 —-
666 2707 789 2734 detero]
817 2704 857 2728 sic
879 2704 962 2727 Editt.
985 2702 1078 2733 15⁸2,
1100 2701 1195 2731 1548,
1217 2699 1310 2730 1557.;

382 2745 408 2769 in
428 2746 509 2769 Editt.
527 2742 716 2768 1522ffl1541.
738 2742 764 2764 et
786 2739 859 2763 1545.
880 2739 945 2762 haec
964 2738 1074 2762 desunt¹

877 106 1003 142 PHIL.
1041 107 1154 142 MEL.
1190 106 1395 143 SCRIPTA
1429 106 1769 142 PHILOLOGICA.

1560 193 1587 227 C
1597 206 1614 227 a
1627 208 1673 229 su
1683 208 1697 229 s
1709 221 1718 235 ,
1935 196 2084 235 πτῶσις.

1508 253 1764 287 Nominativus
1852 251 2092 300 ὃνομαστική.

1509 305 1701 339 Genitivus
1858 302 1998 352 γενική.

1508 356 1663 391 Dativus
1857 357 1999 404 δοτική.

1508 409 1742 443 Accusativus
1855 408 2052 454 αἰτιατική.

1509 460 1706 495 Vocativus
1856 459 2020 507 κλητική.

1680 552 2028 586 Declinatio.

1459 621 1631 667 Quinque
1647 629 1731 656 sunt
1751 622 1896 656 ordines
1915 621 2075 656 Graecae
2092 620 2357 661 declinationis,

1356 686 1447 720 quos
1466 673 1646 718 simplices
1664 686 1852 714 vocamus,
1889 680 1923 707 et
1947 686 1988 707 ex
2015 673 2140 719 quinta
2160 679 2358 707 nascuntur

1356 726 1504 772 quidam
1523 725 1669 759 ordines
1684 726 1850 759 flectendi
1868 727 2032 765 nomina,
2061 737 2153 771 quae
2162 723 2358 758 Contracta

1357 784 1501 811 vocant.
1530 777 1623 812 Nam
1637 790 1717 811 cum
1736 778 1773 810 in
1790 778 2005 824 quibusdam
2024 776 2235 810 nominibus
2253 776 2358 821 quin-

1356 835 1414 863 tae
1441 829 1694 863 declinationis
1721 829 1914 863 continuae
1936 829 2078 863 vocales
2096 828 2232 861 faciant
2246 839 2360 862 κακο-

1357 879 1529 928 φωνίαν,
1558 882 1675 914 solent
1692 894 1753 915 eae
1773 882 1914 916 vocales
1940 881 2095 922 mutari,
2132 875 2300 923 c’oncerpi
2324 884 2359 911 et

1357 932 1498 973 collidi,
1525 945 1570 965 ne
1590 931 1709 966 hiulca
1726 933 1771 967 sit
1786 933 2051 978 pronuntiatio.
2104 930 2192 965 Inde
2207 929 2359 964 nomina

1357 985 1535 1030 quaedam
1556 991 1739 1018 contracta
1759 991 1909 1026 vocant,
1937 984 2117 1019 servantia
2135 982 2280 1029 quidem
2295 993 2359 1014 na-

1357 1043 1475 1070 turam
1495 1037 1746 1070 declinationis
1771 1037 1939 1082 quintae,
1974 1037 2036 1070 sed
2062 1034 2192 1069 alicubi
2216 1040 2360 1067 mutan-

1356 1088 1406 1121 tia
1424 1086 1592 1121 nonnihil
1612 1095 1762 1133 propter
1778 1089 1984 1122 suaviorem
2007 1085 2359 1132 pronuntiationem.

1357 1140 1438 1185 Qua
1457 1140 1500 1172 de
1519 1152 1556 1172 re
1573 1140 1666 1173 infra
1684 1140 1802 1184 plura.

1459 1200 1578 1232 Porro
1596 1200 1680 1244 quia
1707 1199 1907 1244 simplicem
1931 1210 2078 1233 casuum
2102 1196 2360 1232 formationem

1358 1250 1465 1283 etiam
1487 1251 1631 1295 linguae
1648 1252 1852 1296 proprietas
1870 1250 2052 1285 interdum
2070 1249 2208 1290 variat,
2235 1249 2278 1282 de
2295 1247 2361 1282 hac

1357 1314 1503 1348 quoque
1521 1304 1716 1347 repetenda
1735 1303 1913 1348 quaedam
1932 1302 2075 1347 longius
2089 1301 2276 1342 videntur,
2299 1311 2362 1333 an-

1357 1360 1502 1400 tequam
1521 1355 1565 1387 ad
1582 1355 1677 1398 ipsas
1698 1354 1957 1387 declinationes
1975 1354 2163 1387 veniamus
2174 1352 2235 1400 ⁸⁰).

1684 1446 1748 1480 De
1777 1446 2027 1480 Dialectis.

1461 1515 1551 1548 Lata
1562 1514 1609 1562 Sl)
1637 1516 1705 1549 suit
1732 1516 1854 1560 regio,
1888 1528 1980 1562 quae
2009 1514 2182 1549 Graeciae
2210 1513 2361 1547 nomine

1358 1569 1543 1613 quondam
1577 1580 1680 1601 censa
1710 1574 1772 1601 est.
1842 1567 1967 1613 ltaque
2004 1573 2038 1600 et
2074 1566 2192 1600 omnis
2220 1565 2360 1610 generis

1358 1619 1629 1665 disciplinarum
1659 1620 1837 1664 plurimos
1865 1620 2058 1664 scriptores
2086 1616 2224 1652 habuit.
2277 1617 2364 1650 Fuit

1359 1683 1443 1715 ergo
1473 1678 1507 1705 et
1534 1672 1722 1715 multiplex
1748 1671 1923 1717 loquendi
1950 1671 2045 1704 ratio
2075 1670 2154 1704 aliis
2185 1669 2361 1714 partibus.

1357 1722 1409 1756 Ea
1436 1723 1611 1769 loquendi
1638 1723 1842 1768 proprietas
1871 1720 2062 1762 διάλεκτος
2089 1733 2108 1755 a
2131 1720 2361 1767 Quintiliano

1358 1781 1602 1819 nuncupatur.
1658 1774 1875 1819 Discrepant
1891 1775 2035 1808 dialecti
2056 1786 2135 1807 cum
2152 1771 2363 1818 grammati-

1360 1827 1408 1861 cis
1436 1827 1709 1868 inflexionibus,
1750 1827 1905 1860 transitu
1940 1826 2148 1865 literarum,
2187 1824 2362 1857 varietate

1359 1887 1554 1920 tonorum,
1592 1887 1668 1913 turn
1707 1880 1767 1913 filo
1795 1878 1993 1918 orationis,
2036 1877 2135 1923 quod
2163 1876 2362 1921 genuinum

1361 1933 1489 1978 cuique
1501 1931 1674 1965 Graeciae
1691 1931 1786 1976 parti
1806 1929 1901 1964 haud
1920 1942 2005 1963 raro
2023 1925 2281 1974 deprehendet,
2299 1926 2364 1973 qui

1360 1984 1406 2018 sit
1427 1985 1500 2017 acri
1516 1984 1663 2017 iudicio.
1718 1983 1808 2028 Quis
1827 1982 1920 2016 enim
1943 1982 2071 2027 Syram
2097 1980 2298 2014 orationem
2319 1979 2364 2012 ab

1330 2042 1332 2044 ’
1359 2037 1477 2069 Attica
1495 2048 1570 2069 non
1596 2035 1842 2069 internoscat?
1874 2034 1981 2067 etiam
2006 2034 2035 2068 si
2052 2032 2181 2066 Atticis
2205 2030 2365 2076 coeperit

1360 2089 1413 2121 uti
1431 2088 1535 2133 Syria
1556 2088 1690 2132 figuris.
1742 2088 1811 2121 Sed
1840 2087 1883 2119 de
1913 2085 1981 2120 hoc
2010 2086 2081 2119 alio
2110 2084 2190 2117 loco
2219 2089 2364 2127 agetur;

1360 2139 1418 2173 hic
1454 2140 1709 2184 grammaticos
1747 2139 1970 2173 variatarum
1999 2135 2205 2173 διαλέκτων
2234 2135 2363 2168 modos

1362 2194 1525 2227 observa.

1465 2254 1582 2289 Attica
1595 2281 1604 2293 ,
1633 2253 1732 2286 cuius
1750 2264 1834 2285 usus
1851 2251 1887 2283 in
1906 2250 2054 2293 regione
2070 2248 2186 2282 Attica
2205 2247 2292 2287 fuit,
2322 2258 2362 2279 ea

1362 2315 1414 2342 est
1449 2305 1735 2350 elegantissima,
1785 2310 1825 2337 ut
1859 2299 2034 2337 θάλαττα
2066 2313 2134 2346 pro
2168 2296 2362 2334 θάλασσα.

1361 2360 1437 2393 Hac
1465 2365 1549 2393 sunt
1576 2357 1650 2397 usi,
1683 2356 1744 2402 qui
1767 2353 1917 2388 Athenis
1944 2354 2120 2393 floruere,
2147 2348 2362 2384 Demosthe-

1360 2425 1444 2453 nes,
1471 2407 1734 2454 Aristophanes
1751 2414 1785 2440 et
1804 2406 1947 2440 caeteri.

1462 2471 1583 2504 Ionica
1596 2498 1605 2511 ,
1634 2469 1797 2514 proxima
1813 2465 1973 2506 Atthidi,
1998 2471 2038 2498 ut
2053 2475 2120 2509 pro
2137 2461 2222 2509 ὄρος
2237 2456 2360 2507 οὖρος,

1361 2523 1427 2558 hac
1445 2524 1624 2556 Homerus
1643 2521 1797 2554 maxime
1817 2532 1900 2554 usus
1919 2524 1981 2552 est.

1333 2603 1337 2634 Ι
1362 2607 1483 2612 “n

1394 2645 1443 2676 80)
1468 2645 1557 2669 Porro
1575 2656 1610 2661 -—
1628 2642 1797 2671 veniamus]
1830 2638 1870 2663 sie
1901 2637 1984 2662 Editt.
2007 2635 2080 2661 1542.
2099 2641 2175 2665 sqq.;
2213 2633 2239 2656 in
2274 2631 2368 2656 Editt„

1433 2680 1626 2704 1522—1541.
1646 2679 1753 2701 desunt.

1395 2732 1444 2760 8¹)
1464 2728 1548 2761 Lata]
1571 2730 1611 2753 sic
1624 2729 1708 2754 Edntt.
1727 2724 1917 2751 1522—1542.
1932 2729 2007 2752 sqq.;
2037 2721 2085 2746 Ed.
2104 2720 2178 2745 1518.
2198 2717 2304 2748 Ampla.
