2421 3037
274 101 351 137 >371

565 187 619 212 DE
646 187 994 213 CONIUNCTIONE.

385 249 599 283 Coniunctio
625 253 687 280 aut
710 247 843 281 similes
869 260 969 281 rasus
997 248 1204 291 coniungit,
1233 257 1286 283 ut:

276 302 385 336 Amat
421 307 453 334 et
491 306 591 344 potat
619 312 719 343 puer.
783 299 956 344 Virgilius
985 307 1019 333 et
1049 300 1174 334 Cicero
1203 309 1288 335 sunt

277 354 456 398 principes
466 351 619 385 Latinae
639 351 796 394 linguae.
818 350 1083 399 [Ovid.Amor.
1098 352 1125 393 I,
1142 351 1285 402 6,59.]:

277 405 357 440 Nox
378 411 412 437 et.
428 417 532 437 amor
550 404 749 449 vinumque
766 402 859 437 nihil
879 405 1102 438 moderabile
1120 408 1285 440 suadent.

378 464 451 497 Aut
477 465 678 497 orationem
705 476 838 498 novam
863 465 1041 510 superiori
1063 467 1218 507 adtexit,
1246 474 1286 500 ut

275 515 395 566 [Virg.
412 518 502 550 Aen.
519 517 561 556 Χ,
579 514 650 550 501
673 513 765 563 sq.]:

345 585 447 610 Nescia
465 592 542 609 mens
562 585 700 609 hominum
720 585 770 609 fati
788 585 929 617 sortisque
948 587 1072 616 futurae,

344 629 379 652 Et
398 633 518 652 servare
537 629 646 652 modum
665 629 748 653 rebus
771 630 882 653 sublata
901 630 1030 654 secundis
1042 629 1085 661 38),

378 682 442 715 Est
468 689 587 715 autem
616 682 912 716 coniunctionum
938 691 1066 716 natura
1093 683 1284 727 diligenter

274 735 522 773 observanda,
560 734 643 780 quia
678 734 772 767 enim
799 735 971 778 colligunt
998 736 1096 768 velut
1120 742 1219 769 artus
1236 735 1282 781 3ξ’)

274 786 490 820 orationem.
551 786 726 830 Magnum
755 787 881 819 vitium
910 794 959 820 est
987 787 1106 833 aliqua
1134 801 1220 820 voce
1246 788 1281 820 in

273 839 522 872 connectendo
549 839 662 874 abuti.
721 838 813 873 Nam
841 840 989 873 obscura
1019 847 1053 872 et
1077 847 1280 874 monstrosa

272 892 310 925 fit
341 891 478 931 oratio,
517 890 546 924 si
583 891 852 924 confundantur
889 889 956 924 hae
986 892 1205 935 particulae,
1244 899 1284 925 ut

272 950 517 977 monstrosum
547 955 677 987 corpus
703 943 788 982 erit,
817 943 845 976 si
873 944 1015 987 iugulus
1034 944 1070 976 in
1093 951 1193 988 tergo
1211 945 1284 977 col-

271 995 429 1035 locetur,
456 995 622 1039 scapulae
641 995 677 1027 in
696 1001 852 1039 pectore.

377 1056 446 1093 Ut,
475 1056 682 1088 coniunctio
703 1056 875 1095 causalis,
903 1056 1067 1090 adsciscit
1084 1057 1282 1090 coniuncti-

271 1120 368 1142 vum.
430 1108 466 1141 Si
496 1120 664 1152 praesens
692 1109 840 1141 verbum
868 1110 1079 1153 praecedat,
1116 1122 1284 1154 praesens

276 1161 545 1193 coniunctivum
572 1161 650 1194 erit.
705 1160 741 1193 Si
758 1161 991 1205 praeteritum
1013 1161 1162 1194 verbum
1180 1174 1284 1205 prae-

275 1213 438 1253 cesserit,
466 1213 534 1245 erit
558 1213 829 1246 coniunctivum
858 1213 1091 1257 praeteritum
1118 1214 1283 1258 imperse-

274 1271 391 1305 ctum,
428 1271 483 1298 ut:
525 1263 632 1304 Iussi,
668 1271 706 1297 ut
740 1266 885 1298 faceres.
952 1265 1136 1309 Significat
1163 1273 1281 1299 autem

274 1316 470 1362 aliquando
489 1323 642 1361 tempus,
665 1316 867 1366 [Virg.Ecl.
880 1318 915 1357 8,
933 1315 1028 1366 41.]:
1058 1318 1108 1352 Ut
1125 1318 1221 1359 vidi,
1245 1325 1285 1352 ut

273 1369 386 1413 perii,
419 1370 453 1402 id
480 1375 550 1409 est,
586 1376 778 1414 postquam
801 1371 888 1405 vidi.
949 1370 1134 1415 Repetitio
1162 1378 1281 1404 autem

273 1421 410 1455 Graeca
429 1420 549 1465 est⁴⁰).
584 1422 768 1466 Significat
787 1429 820 1456 et
836 1425 1036 1469 quomodo,
1061 1422 1178 1472 [Virg.
1194 1423 1283 1457 Aen.

272 1472 315 1514 II,
332 1471 404 1522 4.]:
439 1474 620 1508 Troianas
637 1481 676 1508 ut
694 1487 792 1519 opes,
821 1482 854 1508 et
870 1476 1102 1509 lamentabile
1120 1488 1283 1520 regnum.

271 1526 456 1570 Significat
476 1533 507 1559 et
529 1539 656 1572 quam:
695 1527 745 1560 Ut
767 1528 863 1561 serus
881 1535 952 1568 est,
981 1540 1089 1574 quam
1108 1528 1203 1561 ferus
1221 1534 1284 1562 est.

271 1578 445 1623 Designat
471 1585 502 1611 et
531 1579 826 1612 similitudinem:
872 1580 921 1613 Ut
949 1593 1068 1614 mores
1094 1586 1196 1620 sunt,
1234 1580 1281 1613 ita

270 1632 414 1664 fortuna
442 1633 648 1676 respondet.
713 1631 759 1665 Et
787 1632 1009 1676 superlativo
1035 1638 1185 1676 cognata
1213 1638 1283 1665 est:

270 1683 321 1716 Ut
339 1685 491 1730 quisque
507 1684 643 1728 optime
663 1683 800 1717 Graece
818 1685 945 1724 sciret,
974 1685 1020 1717 ita
1040 1697 1114 1718 esse
1140 1685 1283 1730 nequis-

270 1749 414 1771 simum.

272 1803 397 1823 omnes
422 1790 588 1834 perdant.

269 1896 451 1929 laudanda
469 1895 648 1928 voluntas.

377 1955 417 1989 In
458 1954 775 1989 coniunctionibus
819 1954 1011 1998 diligenter
1048 1954 1288 1987 observentur

273 2007 360 2048 hae,
404 2021 496 2054 quae
533 2007 860 2041 circumductiones
897 2006 1074 2046 efficiunt,
1119 2004 1187 2039 hoc
1223 2012 1286 2047 est,

273 2074 365 2107 quae
391 2062 462 2093 duo
485 2062 588 2095 κῶλα
614 2060 859 2105 coniungunt,
888 2065 927 2092 ut
955 2059 1004 2099 si,
1033 2071 1135 2098 curn,
1172 2070 1285 2104 quan-

273 2126 403 2159 quam,
431 2119 464 2145 et
492 2112 636 2146 similes.

511 2214 566 2238 DE
590 2212 1040 2239 PRAEPOSITIONIBUS.

379 2275 673 2320 praepositiones
690 2276 726 2308 in
743 2275 974 2320 Etymologia
994 2273 1170 2308 recensui.
1206 2273 1284 2307 Hae

274 2333 417 2361 mutant
443 2329 635 2362 verborum
667 2328 975 2368 constructiones,
1004 2333 1059 2360 ut:
1096 2326 1198 2360 Adeo
1220 2339 1288 2372 pa-

311 2484 358 2517 38)
378 2485 429 2510 Εὐ.
450 2485 525 2508 1539.
547 2485 571 2509 h.
587 2484 604 2509 l.
625 2484 717 2507 addit:
753 2483 819 2506 Rari
847 2482 946 2513 quippe
965 2481 1043 2504 bonis
1064 2481 1128 2505 viae
1147 2484 1212 2505 sunt
1233 2489 1286 2506 nu-

346 2526 423 2544 mero
454 2520 567 2543 totidem
601 2521 666 2550 quot
692 2519 846 2542 Thebarum
873 2519 972 2547 portae
1000 2517 1044 2539 vei
1072 2517 1168 2540 divitis
1194 2517 1287 2541 hostia

345 2556 409 2579 Nili.

309 2598 356 2630 39)
377 2596 470 2630 artus]
493 2597 534 2621 sic
554 2598 602 2621 Ed.
624 2598 717 2627 1526.;
745 2597 794 2622 Ed.
814 2596 892 2620 ¹539.
913 2593 1044 2624 articuli3
1070 2595 1120 2618 Ed.
1141 2594 1215 2618 1529.
1237 2601 1286 2619 ar-
1311 2604 1314 2636 ἱ

346 2634 418 2657 etius

311 2676 358 2707 40)
379 2677 516 2706 Repetitio
535 2689 569 2693 —
588 2673 655 2707 est]
677 2675 725 2700 Ed,
744 2675 818 2699 1539.
835 2680 884 2703 pro
902 2674 944 2696 his
962 2674 1086 2697 exhibet:
1112 2679 1164 2703 quo
1181 2674 1208 2697 in
1223 2674 1286 2699 loco

347 2713 485 2740 Virgilius
505 2713 629 2736 Graecos
650 2711 771 2733 imitatus
792 2711 835 2732 est
855 2710 975 2738 repetita
993 2709 1198 2735 coniunctione.

312 2754 359 2785 41)
379 2753 484 2786 desint]
509 2754 556 2778 Ed.
577 2753 652 2777 1529.
673 2758 770 2776 errore
789 2753 865 2782 typ.:
893 2751 997 2775 desiuit

868 102 994 137 PHlL.
1031 102 1146 138 MEL.
1181 100 1385 136 SCRIPTA
1421 102 1763 139 PHILOLOGICA.

468 1736 516 1769 Et
532 1736 828 1781 imprecativum:
866 1737 914 1770 Ut
934 1737 1032 1770 illum
1053 1737 1101 1769 dii
1125 1738 1285 1782 deaeque
1311 1761 1312 1766 ,

651 1787 698 1821 Et
726 1789 912 1834 quamvis,
946 1787 1072 1838 [Ovid.
1099 1802 1140 1822 ex
1164 1789 1284 1822 Ponto
1312 1798 1313 1801 ’

273 1843 374 1888 epist.
393 1841 451 1883 ΠΙ,
471 1840 507 1882 4,
525 1839 624 1890 79.];
661 1841 711 1874 Ut
735 1841 911 1889 desint‘fl)
935 1843 1050 1882 vires,
1086 1848 1207 1874 tamen
1235 1847 1287 1874 est
1312 1870 1314 1874 .

2270 106 2347 145 3722

1343 196 1456 230 trem,
1483 202 1562 223 cum
1589 190 1642 224 Eo
1667 198 1806 236 patrem
1832 203 1906 224 non
1926 191 2068 226 dicitur.
2110 192 2229 226 Latini
2248 206 2350 239 repe-

1342 243 1470 275 titione
1489 243 1732 284 delectantur,
1755 251 1809 278 ut:
1839 244 1940 277 Adeo
1959 245 2002 276 ad
2022 250 2159 288 patrem
2170 246 2230 292 ⁴²).

1649 329 2043 355 INTERIECTIONES.

1445 381 1511 413 Hei
1531 383 1691 414 dativum
1713 383 1891 416 adsciscit:
1923 383 1989 415 Hei
2007 381 2109 423 mihi,
2129 383 2245 429 qualis
2262 390 2349 419 erat.

1340 432 1419 467 Heu
1438 434 1699 467 accusativum:
1728 434 1808 468 Heu
1827 435 1974 479 stirpem
1996 435 2162 470 invisam.
2214 435 2263 470 Et
2285 448 2350 469 no-

1341 485 1575 520 i‘ninativui‘n:
1605 486 1684 520 Heu
1708 487 1841 531 pietas,
1870 484 1939 520 heu
1964 488 2079 532 prisca
2099 488 2199 522 fides.
2250 485 2351 522 Proh

1339 536 1520 582 Iuppiter,
1548 537 1647 572 Proh
1665 539 1770 572 deum
1789 545 1897 585 atque
1914 537 2105 574 hominum
2123 540 2245 575 fidem.

1753 624 1938 669 Regula.

1442 691 1734 727 Exclamationes
1754 694 1828 727 fere
1840 707 1911 739 qJer
1929 694 2148 728 infinitivum
2160 693 2209 742 ⁵³)
2232 701 2266 728 et
2294 707 2350 729 ac-

1338 744 1538 778 cusativum
1566 745 1789 787 efferuntur,
1825 753 1880 780 ut:
1921 746 2072 780 Adeone
2097 759 2171 781 esse
2199 747 2350 781 invenu-

1338 802 1430 829 stum
1451 810 1657 843 quenquam
1672 824 1681 838 ,
1710 804 1749 831 ut
1765 811 1829 842 ego
1846 812 1924 832 suni
1936 799 1996 845 Μ).

1650 848 1751 884 Finis
1769 850 1969 895 Syntaxeos
1978 849 2039 897 ⁴⁵).

1667 943 1721 968 DE
1747 943 2018 974 PERIODlsfl).

1443 995 1540 1029 Inter
1565 997 1652 1031 alias
1677 1005 1794 1042 pestes
1818 999 1868 1031 rei
1888 998 2092 1040 literariae,
2123 999 2231 1043 plane
2251 1011 2348 1032 com-

1338 1049 1414 1093 peri
1440 1049 1671 1094 praecipuam
1685 1050 1732 1097 4⁷)
1760 1063 1853 1090 esse,
1881 1053 1979 1096 quod
2007 1051 2043 1084 in
2070 1043 2163 1085 ludis
2179 1051 2349 1085 litorariis

1338 1101 1411 1134 rari
1428 1102 1625 1134 admodum
1644 1103 1898 1146 grammaticas
1917 1103 2190 1148 praeceptiones
2207 1104 2349 1137 docent.

1337 1152 1449 1199 quue
1493 1154 1569 1186 fieri
1610 1154 1716 1187 video
1755 1155 1844 1189 alias
1886 1155 2014 1188 inertia
2058 1162 2350 1200 praeceptorum,

1339 1218 1430 1251 quos
1454 1205 1590 1239 laboris
1616 1206 1724 1250 piget.
1791 1207 1884 1241 Nam
1912 1207 1994 1252 quia
2023 1208 2240 1252 subasperae
2266 1214 2350 1241 sunt

1339 1258 1633 1302 praeceptiones,
1661 1270 1736 1291 non
1763 1259 1839 1292 sine
1857 1259 2004 1303 negotio
2023 1261 2067 1292 ad
2085 1271 2144 1294 eas
2162 1259 2349 1293 discendas

1338 1310 1441 1355 pueri
1467 1310 1728 1355 perpelluntur.
1781 1311 1882 1345 Alios
1905 1313 2018 1356 pudet
2039 1311 2077 1344 in
2098 1324 2158 1352 re,
2187 1323 2279 1358 quae
2295 1311 2350 1344 ni-

1338 1360 1389 1396 hil
1413 1360 1521 1396 habet
1546 1363 1817 1403 ostentationis,
1854 1363 2003 1398 versari.
2056 1363 2107 1397 Ita
2134 1364 2195 1405 fit,
2228 1369 2269 1397 ut
2290 1363 2350 1397 vix

1337 1427 1499 1460 unquam
1514 1442 1523 1455 ‚
1558 1415 1728 1459 neglectis
1750 1413 1806 1449 his
1831 1415 1958 1460 primis
1982 1416 2169 1449 literarum
2192 1416 2349 1449 elemen-

1338 1467 1403 1508 tis⁷
1432 1467 1535 1511 pueri
1553 1469 1597 1500 ad
1612 1468 1750 1512 frugem
1770 1467 1996 1512 perveniant.
2050 1468 2119 1502 Sed
2135 1468 2230 1500 enim
2251 1479 2349 1512 egre-

1338 1519 1433 1563 giam
1456 1531 1603 1563 operam
1622 1532 1758 1553 navare
1777 1517 1867 1553 mihi
1886 1520 2074 1561 videntur,
2103 1519 2166 1566 qui
2182 1521 2226 1552 ad
2245 1532 2350 1565 prae-

1373 1655 1422 1687 42)
1441 1655 1669 1685 Praepositiones
1689 1655 1716 1678 iu
1735 1669 1770 1672 —
1789 1657 1921 1686 patrem]
1942 1657 2037 1680 horum
2057 1657 2134 1685 loco,
2154 1656 2181 1680 in
2201 1657 2250 1681 Ed.
2273 1656 2348 1682 1539.

1410 1691 1542 1719 leguntur
1569 1691 1686 1714 haecce:
1728 1691 1955 1721 Praepositiones
1982 1692 2086 1714 addunt
2110 1691 2349 1715 circumstantiam

1409 1726 1512 1755 verbis,
1532 1728 1662 1755 tanquam
1687 1726 1816 1752 Articuli,
1853 1727 1933 1749 Aliae
1947 1728 2039 1750 antem
2056 1727 2253 1756 Accusativos‚
2272 1727 2348 1750 aliae

1410 1761 1560 1784 Ablativos
1581 1760 1735 1790 requirunt.
1780 1762 1857 1784 Hanc
1877 1761 2012 1787 Regulam
2033 1761 2152 1784 recitent
2170 1761 2196 1784 in
2216 1762 2348 1785 constru-

1411 1796 1481 1819 endo
1504 1796 1597 1825 pueri,
1617 1802 1713 1819 verum
1733 1803 1766 1819 ex
1784 1796 1962 1826 Etymologia
1981 1796 2090 1820 discere
2111 1797 2258 1826 debebunt,
2278 1802 2348 1826 quae

1411 1831 1634 1860 praepositiones
1654 1830 1797 1860 requirant
1817 1831 1999 1854 Accusativos
2012 1848 2019 1857 ,
2040 1837 2109 1861 quac
2128 1831 2285 1855 Ablativos.

1444 1866 1605 1889 Addendum
1627 1867 1668 1888 est
1688 1869 1713 1888 et
1732 1867 1783 1889 hoc
1804 1868 1997 1895 praeceptum,
2026 1867 2096 1895 quod
2123 1865 2347 1895 praepositiones

1409 1903 1517 1924 mutant
1549 1901 1774 1923 constructiones
1807 1902 1962 1924 verborum.
2013 1901 2125 1924 Addunt
2154 1901 2225 1924 euim
2256 1901 2350 1925 verbis

1410 1943 1488 1959 suuni
1508 1942 1619 1962 casum,
1639 1937 1682 1958 ut:
1703 1935 1779 1958 Adeo
1800 1937 1922 1965 patrem,
1943 1941 1992 1964 pro
2012 1936 2052 1958 Eo
2071 1936 2107 1959 ad
2127 1937 2242 1965 patrem.
2280 1937 2349 1960 Nam

1410 1972 1449 1994 Eo
1470 1971 1576 2000 patrem
1597 1976 1650 1993 non
1670 1970 1780 1995 dicitur.
1818 1971 1852 1993 Et
1866 1970 1958 1993 Latini
1977 1970 2095 1994 libenter
2115 1972 2245 2001 repetunt
2263 1977 2348 2001 prae-

1409 2006 1588 2036 positionem:
1615 2005 1724 2028 Accede
1745 2005 1779 2028 ad
1799 2005 2003 2035 pedissequam.

1374 2049 1421 2081 43)
1442 2046 1618 2080 infinitivum]
1639 2049 1689 2073 Ed.
1709 2049 1786 2072 1539.
1804 2048 1940 2072 infinitum

1374 2092 1422 2124 44)
1443 2093 1472 2116 ln
1491 2093 1541 2118 Ed,
1561 2092 1633 2117 1539.
1655 2093 1679 2115 h.
1700 2093 1716 2116 Ι.
1738 2092 1880 2121 adscripta
1900 2093 1966 2115 sunt
1986 2093 2069 2115 haec:
2097 2092 2128 2115 ln
2148 2092 2220 2115 hunc
2239 2093 2348 2117 modum

1409 2133 1494 2158 saepe
1522 2128 1652 2157 querelae
1681 2133 1729 2155 per
1757 2127 1937 2150 accusativos
1965 2129 1993 2150 et
2011 2127 2166 2150 infinitivus
2187 2127 2347 2157 efferuntur,

1409 2169 1479 2193 quos
1506 2162 1584 2192 pueri
1612 2162 1636 2185 in
1658 2162 1867 2192 interpretando
1889 2162 2034 2185 resolvere
2054 2162 2154 2186 debent
2173 2162 2201 2185 in
2219 2162 2349 2191 indicati,-

1409 2204 1468 2222 νος,
1514 2197 1652 2225 Virgilius
1678 2197 1798 2227 [Georg,
1820 2197 1840 2222 1,
1864 2197 1912 2220 199
1930 2198 2004 2227 sq.]:
2039 2197 2085 2221 Sic
2109 2197 2202 2221 omnia
2225 2197 2292 2221 tatis
2316 2198 2349 2221 ln

1411 2233 1487 2262 peius
1510 2238 1592 2255 ruere
1612 2234 1639 2255 et
1659 2234 1735 2255 retro
1755 2233 1888 2261 sublapsa
1906 2231 2018 2255 referri.-

1443 2269 1472 2292 ld
1499 2267 1539 2290 sic
1565 2268 1609 2290 cst
1629 2267 1884 2296 interpretandum:
1915 2267 1963 2291 sic
1987 2266 2079 2291 omnia
2099 2268 2183 2290 ruunt
2202 2267 2280 2293 fatis.
2317 2267 2347 2292 ln

1409 2303 1488 2333 peius
1510 2304 1537 2325 et
1556 2303 1633 2325 retro
1653 2303 1785 2331 sublapsa
1806 2302 1975 2325 referuntur.
2022 2304 2056 2325 Et
2075 2304 2167 2325 tamen
2187 2302 2265 2325 addit
2283 2302 2348 2326 infi—

1409 2338 1513 2360 nitivus
1533 2338 1670 2360 adfectum
1694 2338 1845 2367 quendam,
1877 2338 1956 2367 quasi
1981 2338 2072 2361 dicas:
2103 2337 2267 2361 Miserabile
2293 2339 2348 2369 est,

1410 2373 1450 2396 sic
1470 2373 1561 2395 omnia
1581 2379 1663 2395 ruere
1683 2373 1709 2395 in
1729 2373 1815 2401 peius,

1373 2418 1421 2445 45)
1443 2418 1518 2440 Haec
1537 2416 1703 2445 subscriptio
1723 2417 1757 2439 ab
1778 2416 1825 2440 Ed,
1849 2415 1922 2440 1539,
1944 2416 2033 2440 abest.

1373 2462 1420 2487 46]
1443 2461 1492 2484 Hic
1518 2461 1612 2484 brevis
1638 2461 1672 2484 de
1695 2461 1827 2491 periodis
1851 2460 1990 2483 tractatus
2016 2460 2042 2482 in
2067 2458 2157 2482 titulis
2176 2459 2348 2490 quarundam

1408 2496 1510 2523 Editt..
1536 2496 1644 2518 scilicet
1663 2496 1868 2519 Grammaticae
1888 2496 1949 2519 Lat.
1969 2494 2070 2518 Educ:
2098 2494 2189 2519 Paris.
2212 2494 2284 2519 1532.
2305 2496 2346 2524 (p.

1412 2533 1459 2555 195
1481 2538 1521 2560 sq.
1550 2531 1725 2560 descripta),
1760 2531 1835 2560 Lips.
1863 2530 1889 2553 in
1917 2529 1960 2554 off.
1981 2529 2063 2553 Fabri
2090 2536 2113 2553 s.
2135 2535 2161 2555 a.
2183 2531 2211 2553 et
2230 2529 2345 2560 Tubing.

1410 2566 1485 2590 15⁴6.
1513 2567 1552 2595 (p.
1579 2566 1624 2589 197
1645 2573 1686 2595 sq.
1713 2566 1877 2592 recensitis)
1908 2566 1934 2588 et
1960 2566 2121 2594 syntaxeos
2151 2565 2198 2588 Ed.
2226 2564 2346 2588 Norimb.

1411 2601 1477 2624 ¹529
1512 2604 1552 2629 (p.
1568 2601 1620 2624 339
1640 2608 1680 2630 sq.
1708 2601 1862 2627 recensita)
1896 2601 2025 2629 tanquam
2053 2599 2209 2629 singularis
2234 2600 2345 2623 libellus

1408 2640 1585 2660 memoratur.
1624 2636 1697 2659 ldem
1712 2637 1851 2659 indicatur
1866 2635 1915 2658 illa
1927 2634 2149 2664 subscriptione:
2177 2635 2260 2659 Finis·
2273 2637 2346 2662 syu-

1408 2673 1530 2699 tumeas,
1561 2672 1587 2694 in
1611 2671 1693 2695 Editt.
1716 2671 1802 2698 1526..
1823 2670 1897 2694 1529.
1920 2670 1981 2693 huic
2000 2670 2133 2694 tractatui
2152 2669 2346 2699 antecedente,

1409 2712 1461 2736 qna
1482 2707 1504 2728 is
1524 2712 1540 2729 a
1561 2706 1681 2736 Syntaxi
1701 2707 1866 2730 secernitur.

1374 2750 1421 2778 47)
1443 2748 1630 2781 praecipuam]
1651 2750 1701 2775 Ed.
1721 2750 1794 2773 1529.
1815 2748 1990 2779 praecipuum
