2421 3037
249 109 325 145 543

354 194 476 230 XCVI.
527 194 608 226 Dux
646 191 824 225 Saxoniae

248 250 396 296 quando
415 248 555 282 sederet
570 246 606 277 in
625 256 746 277 mensa
766 256 847 276 cum
867 244 958 284 aliis,
984 250 1018 276 et
1038 243 1141 276 multi
1158 242 1258 275 iacti-

248 307 369 335 tarent
393 312 452 333 sua
482 300 576 331 dona
604 303 637 329 et
663 309 744 330 suas
772 308 849 336 res,
896 296 954 329 ille
978 293 1069 328 nihil
1095 295 1259 329 laudavit

247 365 393 388 suarum
430 362 576 390 rerum,
626 361 711 383 suae
743 348 837 381 enim
869 346 1036 382 heroicae
1069 360 1144 380 non
1176 353 1260 381 sunt

248 403 506 442 iartabundae,
535 402 596 436 sed
615 401 705 434 dixit
723 413 758 434 se
776 398 908 434 habere
926 414 1037 434 unam
1061 400 1259 440 civitatem,

246 458 284 490 in
304 468 374 502 qua
403 461 521 489 essent
547 454 615 487 tria
642 454 817 486 miracula
843 465 995 497 magna,
1026 453 1094 486 tria
1118 465 1191 486 esse
1221 452 1259 485 in

246 510 306 542 illa
325 507 469 541 civitate
494 506 737 545 monasteria,
773 504 798 540 l.
828 505 1092 540 Monasterium
1117 504 1260 550 praedi-

862 191 1032 225 Albertus
1075 203 1155 224 cum
1192 190 1256 223 ali-

248 563 411 595 catorum
431 558 564 593 habere
587 559 742 592 multum
762 558 937 591 frumenti
963 565 997 591 et
1023 570 1099 591 non
1126 556 1259 590 habere
1285 590 1286 594 ,

249 625 375 658 agros,
410 610 452 646 II.
480 611 743 645 Franciscanos
764 609 982 651 monachos,
1015 610 1077 656 qui
1097 610 1259 643 abunda-

246 671 329 699 rent
346 664 499 709 pecunia
512 692 520 703 ,
548 676 613 697 nec
631 670 753 696 tamen
770 661 904 696 habere
923 663 1059 696 reditus
1072 690 1080 702 ,
1109 660 1166 695 Ill.
1190 662 1259 697 ffiic

245 716 430 763 Zbomat'et
462 717 617 763 moucbcn
648 716 694 752 bic
727 717 834 759 herten
864 716 911 751 vil
941 716 1061 751 amba·
1092 719 1156 750 ont>
1183 714 1258 759 bod)

246 771 334 807 {eine
359 770 490 805 mcibcr.

246 882 327 915 tur,
356 874 417 919 qui
446 874 604 906 dicebat:
644 873 735 913 &ent
761 873 790 908 it
816 872 847 914 fo
866 870 1103 917 (Ξααηςςῐὶῖᾶ),
1141 874 1203 906 bag
1230 871 1259 905 it

247 930 296 964 bie
314 929 384 964 bieb
407 925 557 972 bencfct?

352 978 507 1013 XCVIII.
548 976 659 1010 Venit
676 975 931 1020 &Vitebergam
960 973 1163 1009 monachus
1186 974 1258 1008 Bo·
1286 1007 1287 1015 3

247 1031 429 1071 hemicns,
458 1030 520 1077 qui
547 1029 700 1063 multum
728 1041 770 1062 ex
795 1028 1017 1062 monasterio
1047 1035 1137 1062 esset
1163 1028 1260 1061 sura-
1286 1038 1288 1074 j

247 1092 324 1125 tus,
353 1084 507 1117 multum
527 1082 631 1117 serici
654 1084 718 1117 »ub
743 1080 851 1127 {ebone
876 1083 1139 1127 messgemeubcr,
1172 1080 1258 1113 item
1286 1093 1288 1095 ¹

587 1134 717 1168 Postea
744 1133 812 1167 huc
839 1141 1017 1167 venerunt
1032 1131 1260 1179 Bohemiffl),

248 1190 310 1236 qui
327 1190 429 1222 illum
447 1186 506 1221 hic
523 1187 741 1220 invenerunt
760 1193 794 1219 et
810 1187 1030 1230 petiverunt,
1055 1192 1094 1219 ut
1112 1197 1260 1230 suspen·
1288 1225 1289 1228 ,

246 1243 413 1281 deretur,
441 1242 503 1275 sed
520 1239 564 1274 D.
578 1238 684 1285 M.'⁴⁸)
703 1239 832 1283 petivit
848 1240 913 1273 sibi
931 1239 1074 1272 donari.
1107 1238 1259 1271 Factum
1287 1242 1288 1265 ἶ

1287 1304 1288 1307 ¹
1314 1294 1435 1333 partes
1451 1286 1687 1332 Imperatoris
1703 1285 1997 1319 administrarem
2011 1312 2020 1326 ,
2049 1285 2208 1329 optimos
2226 1295 2330 1317 cura-

1287 1365 1288 1369 ,
1314 1353 1391 1373 rem
1418 1340 1501 1384 eligi
1528 1336 1738 1383 Theologos
1758 1350 1799 1371 ex
1827 1345 1982 1384 utraque
2007 1343 2110 1383 parte
2136 1337 2194 1370 vel
2221 1342 2330 1377 secta,

247 1137 374 1170 calices
398 1143 432 1170 et
450 1136 533 1169 alia.

248 1301 320 1333 est;
357 1295 418 1328 sed
444 1294 502 1326 ille
526 1293 673 1326 tandem
700 1292 844 1335 effugit,
882 1299 1003 1336 postea
1032 1302 1106 1324 non
1132 1289 1259 1335 procul

247 1348 292 1380 ab
319 1347 501 1391 Amberga
538 1346 678 1378 furatus
716 1351 785 1384 est,
835 1344 884 1377 ibi
922 1345 1069 1377 tandem
1107 1354 1260 1387 suspen-

247 1413 306 1434 sus
332 1405 395 1433 est.

351 1449 474 1485 XCIX.
514 1449 598 1484 Non
617 1455 699 1482 ante
725 1448 858 1482 multos
885 1460 999 1481 annos
1025 1447 1124 1481 venit
1138 1446 1260 1482 Wite-

246 1505 395 1548 bergam
413 1501 600 1548 aliquis‘ffl)
613 1529 621 1542 ‚
651 1501 714 1547 qui
731 1501 872 1533 dicebat
890 1513 925 1534 se
942 1501 1049 1534 fuisse
1068 1499 1261 1533 conciona-

886 102 1010 138 PHIL.
1040 102 1153 137 MEL.
1183 100 1387 136 SCRIPTA
1415 98 1688 135 HISTORICA.

1285 794 1286 802 3
1314 763 1443 797 vadis?
1482 764 1619 809 (inquit
1638 763 1890 811 Elector)‘⁴⁹³).

352 820 491 855 XCVII.
536 821 694 866 Quidam
730 820 982 863 XVittebcrgae
1017 818 1286 863 suspendeba-2

1285 866 1286 882 ³
1314 869 1374 902 ille
1398 868 1604 912 respoudit:
1639 868 1673 905 θ
1700 868 1729 903 it
1753 867 1838 911 must
1863 877 2043 913 gemonen,
2068 867 2160 915 ,bert
2177 867 2328 909 §Btubec'

2247 98 2324 136 544

1313 200 1462 221 manum
1500 187 1682 221 inferrem.
1763 186 1967 231 Respondit
2004 184 2187 220 Marchioz
2234 188 2326 228 Sjett·

1312 242 1443 285 Ξυεηι,
1472 248 1544 275 meu
1565 240 1607 284 id)
1629 244 1664 275 εέ
1682 240 1760 285 aud)
1787 238 1886 282 mast„
1915 238 1948 281 fo
1973 240 2055 274 molt
2080 239 2124 284 id>
2149 240 2220 285 eud)
2247 232 2326 284 iem:

1313 303 1381 329 met
1398 293 1462 336 bot}
1481 294 1620 328 ttunben
1638 290 1819 338 gefclfdyaft
1838 290 1958 334 [cisten.
2007 291 2122 324 Paulo
2143 298 2224 336 post
2241 304 2327 325 con-

1313 351 1432 390 specta
1473 351 1525 378 est
1560 344 1663 388 virgo
1700 346 1745 377 ad
1781 346 1876 378 latus
1913 341 2139 377 Marchionis
2183 343 2326 386 collata,

1314 410 1423 444 quam
1452 409 1531 431 cum
1559 396 1642 429 Dux
1669 396 1850 441 Augustus
1885 396 2043 437 videret,
2086 396 2328 440 interrogavit

1314 450 1495 497 quendam
1516 449 1698 489 nobilem,
1727 461 1745 482 a
1766 461 1838 495 quo
1856 455 1946 482 esset
1963 450 2135 487 adducta;
2171 459 2326 494 cumque

1285 512 1286 515 ’
1314 503 1466 543 nobilis,
1495 515 1601 548 quem
1628 502 1952 546 percunctabatur,
1981 514 2016 535 se
2042 501 2179 535 nullam
2204 501 2327 534 videre

1314 555 1470 595 diceret,
1498 555 1547 588 ita
1566 554 1634 589 sibi
1654 554 1795 595 timuit,
1823 560 1863 587 ut
1883 553 1982 586 color
2001 554 2039 586 in
2059 553 2148 587 facie
2167 560 2328 588 mutare-

1314 614 1384 641 tur.
1441 607 1606 653 Cumque
1621 607 1770 640 fratrem
1795 619 1901 641 suum
1919 605 2134 640 Mauritium
2161 618 2241 640 cum
2265 605 2328 638 illa

1313 660 1391 704 ipsa
1410 659 1550 703 virgine
1567 659 1848 693 familiarissime
1867 658 2026 703 colloqui
2043 664 2077 691 et
2098 658 2223 692 ludere
2250 657 2328 690 ani-

1314 711 1587 752 madvertisset,
1623 712 1666 744 de
1692 724 1815 746 mensa
1842 711 2006 745 abiturus
2027 710 2194 745 surrexit.
2254 709 2329 743 Cur

1943 763 2076 798 Nonne
2100 762 2187 810 (ait)
2214 761 2329 803 vides,

1313 829 1423 862 quam
1444 813 1670 849 horrendum
1696 823 1899 850 monstrum
1922 813 2179 860 amplectaris?
2222 814 2329 848 Tunc

1314 926 1350 957 εδ
1372 919 1411 964 ist
1434 920 1499 956 mit
1523 923 1587 956 nub
1613 921 1752 956 meinem
1777 926 1871 957 »atet
1897 922 1946 956 nit
1974 919 2089 964 ueube.
2142 918 2196 953 lbi
2224 919 2327 963 virgo

1313 973 1490 1019 paulatim
1526 973 1644 1017 coepit
1676 974 1831 1013 mutari,
1875 974 1990 1011 donec
2026 973 2134 1017 plane
2168 971 2329 1005 evanuit.

1314 1026 1416 1059 Hanc
1459 1023 1648 1059 historiam
1686 1023 1777 1058 mihi
1810 1022 1982 1070 Philippo
2020 1031 2055 1058 et
2089 1024 2214 1058 multis
2249 1022 2329 1057 aliis

1314 1077 1563 1124 praesentibus
1597 1084 1631 1110 et
1664 1077 1903 1112 assidentibus
1932 1077 2097 1111 recitavit
2119 1075 2165 1111 D.
2189 1073 2329 1109 loachi-

1315 1144 1394 1165 mus
1413 1130 1644 1164 Camerarius
1664 1130 1701 1162 in
1719 1131 1867 1164 aedibus
1884 1129 1930 1163 D.
1947 1128 2147 1163 Pomerani
2171 1127 2328 1173 pastoris

1315 1190 1442 1217 nostri.

1422 1233 1493 1269 Cll.
1537 1231 1704 1267 Marchio
1728 1231 2026 1268 Culmbachensis
2048 1232 2155 1266 dixit:
2199 1231 2236 1265 Si
2262 1244 2328 1276 ego

1315 1393 1467 1439 illosque
1485 1392 1707 1425 includerem
1728 1390 1766 1423 in
1784 1391 1935 1423 domum
1953 1390 2115 1436 aliquam
2132 1390 2224 1422 bene
2251 1400 2331 1422 mu-

1287 1443 1288 1460 ³
1314 1446 1452 1486 uitam,
1481 1445 1603 1489 eisque
1624 1443 1759 1476 victum
1783 1443 2053 1487 suppeditarem
2078 1440 2330 1482 sufficientem,

1315 1498 1431 1530 donec
1454 1509 1567 1530 unum
1591 1495 1729 1540 aliquid
1757 1507 1883 1528 omnes
1910 1495 2167 1534 decernerent,
2202 1498 2332 1538 postea

247 1563 364 1590 torem
384 1554 641 1588 inVoitlandia
654 1581 663 1594 ,
692 1553 789 1599 quod
806 1558 840 1585 et
856 1552 975 1597 lingua
996 1552 1199 1591 indicabat,
1228 1557 1263 1584 et
1288 1558 1290 1596 3
1317 1562 1359 1583 ex
1376 1549 1445 1583 illis
1466 1560 1700 1594 quaererem,
1736 1558 1783 1579 an
1803 1547 1911 1579 etiam
1931 1546 2084 1580 firmiter
2103 1557 2167 1580 sua
2185 1546 2330 1579 decreta

247 1609 353 1642 valde
371 1614 449 1641 erat
466 1607 661 1646 facundus,
690 1611 725 1638 et
747 1604 898 1638 omnino
919 1605 1058 1650 patiens
1081 1604 1262 1643 laborum,
1288 1599 1291 1654 3
1317 1602 1506 1635 crederent
1529 1606 1563 1633 et
1590 1605 1727 1639 morte,
1755 1599 1785 1632 si
1803 1611 1894 1643 opus
1917 1605 2026 1639 esset,
2054 1604 2239 1644 praestare
2257 1597 2333 1644 vel<

248 1663 299 1694 ita
326 1667 367 1695 ut
392 1660 499 1693 etiam
527 1671 659 1704 pueros
693 1664 871 1702 gestaret,
918 1669 983 1691 nos
1014 1657 1064 1690 illi
1097 1657 1262 1689 dedimus
1288 1655 1291 1713 3
1316 1654 1403 1688 lent.
1463 1652 1500 1686 Si
1527 1652 1772 1691 affirmarent,
1811 1651 1932 1685 statim
1960 1663 2078 1685 arcem
2104 1650 2180 1695 igni
2206 1661 2331 1684 accen-

251 1714 299 1748 10
315 1713 350 1747 fl.
405 1711 514 1745 Venit
531 1712 568 1744 in
586 1723 788 1755 cauponam
802 1737 811 1750 ,
840 1716 875 1743 et
893 1714 1044 1743 'omnem
1070 1708 1260 1754 pecuniam
1288 1716 1291 1749 3
1317 1707 1439 1740 derem
1452 1732 1461 1745 ,
1491 1711 1526 1738 et
1542 1716 1668 1737 omnes
1686 1703 1854 1736 incendio
1873 1703 1992 1748 perire
2012 1715 2198 1742 curarem;
2232 1707 2331 1747 post-

250 1765 493 1810 consumpsst,
522 1764 607 1798 lusit
629 1769 663 1796 et
680 1763 809 1796 deinde
837 1761 961 1796 abiens
984 1774 1060 1795 non
1088 1760 1263 1806 persolvit
1289 1754 1291 1802 3
1318 1771 1358 1792 ea
1377 1758 1524 1792 illorum
1541 1755 1693 1790 decretis
1710 1757 1906 1790 crederem.

250 1829 467 1863 cauponam.
1288 1809 1291 1855 ξ
1423 1808 1511 1844 CIII.
1553 1808 1593 1841 ln
1616 1808 1825 1843 Neumarck
1849 1807 2000 1847 accidit,
2033 1813 2074 1840 ut
2099 1819 2179 1840 cum
2208 1805 2332 1852 aliqua

357 1870 396 1904 C.
433 1866 658 1904 wilhelmus
692 1869 764 1901 dux
786 1866 966 1900 Bavariae
994 1866 1084 1900 (lixit
1113 1867 1158 1898 ad
1180 1877 1263 1899 suos
1289 1871 1291 1900 ζ
1318 1862 1529 1897 muliercula
1550 1861 1725 1894 infantem
1745 1861 1884 1893 lavaret
1897 1860 1935 1893 in
1953 1871 2094 1899 vanno,
2124 1865 2158 1892 et
2176 1858 2332 1891 alterum

250 1923 404 1957 aulicos:
441 1920 602 1965 &auffetl
636 1919 761 1965 ἱερῆα,
797 1921 904 1966 bfitet.
959 1919 1047 1955 Ubet·
1071 1923 1174 1954 metbt
1199 1919 1264 1954 mit:
1290 1903 1291 1960 3
1318 1928 1472 1961 puerum
1493 1914 1607 1948 cultro
1628 1925 1663 1947 se
1682 1912 1824 1946 laesisse
1852 1912 2013 1952 audiret,
2047 1911 2195 1957 iamque
2220 1910 2333 1944 mori-

252 1987 317 2012 uut·
335 1977 385 2011 nit
403 1973 592 2021 ῐυῒῡετίἵᾶ),
619 1974 703 2018 quia
723 1979 757 2006 et
776 1973 851 2017 ipse
869 1974 941 2005 dux
958 1971 1025 2005 fuit
1043 1973 1094 2007 eiu
1112 1969 1264 2015 OEeuffer.
1290 1961 1292 2021 3
1318 1970 1462 2003 bundus
1480 1973 1632 2000 matrem
1652 1971 1819 2005 vocaret,
1847 1964 1925 2009 ipsa
1944 1965 1990 1998 ad
2014 1976 2170 2009 puerum
2193 1963 2332 1997 laesum

357 2027 413 2062 CI.
449 2031 557 2062 Anno
586 2024 700 2062 1552.
730 2024 764 2059 4.
791 2024 873 2058 Idus
898 2024 1089 2057 Februarii
1111 2024 1148 2057 in
1174 2024 1263 2058 sesto
1290 2023 1292 2071 3
1319 2021 1476 2055 accurrit
1496 2032 1572 2053 non
1596 2016 1733 2052 habens
1756 2017 1937 2051 rationem
1961 2016 2109 2051 infantis
2129 2016 2168 2049 in
2195 2027 2332 2057 vanno,

250 2079 579 2115 Bacchanaliorum
604 2091 676 2112 una
700 2079 848 2112 fuerunt
869 2076 1031 2110 Dresdae
1056 2076 1138 2110 Dux
1159 2076 1264 2109 Mau-
1290 2072 1292 2105 3
1319 2074 1382 2121 qui
1407 2074 1560 2107 abeunte
1588 2071 1663 2116 ipsa
1688 2070 1897 2105 submersus
1920 2075 1982 2104 est.
2051 2068 2206 2103 Maritus
2237 2068 2331 2101 forte

251 2134 357 2167 ritius
373 2132 538 2173 Elector,
566 2131 650 2165 Dux
667 2130 870 2175 Augustus,
901 2135 935 2162 et
952 2126 1119 2162 Mai-chio
1138 2128 1265 2162 Alber-
1290 2136 1292 2170 3
1319 2125 1565 2160 interveniens
1584 2123 1780 2156 arbitratus
1798 2129 1850 2156 est
1873 2122 2000 2157 matris
2021 2121 2187 2156 socordia
2212 2120 2333 2154 infan-

253 2192 310 2220 tus
338 2183 646 2219 Culmbachensis.
709 2182 760 2216 Ibi
788 2196 867 2216 cum
892 2188 974 2227 post
1000 2194 1152 2215 coenam
1179 2179 1265 2214 cho-
1290 2179 1292 2210 ἕ
1320 2186 1391 2213 tem
1425 2178 1575 2217 obiisse,
1622 2182 1656 2209 et
1683 2182 1913 2220 conspectam
1949 2174 2140 2219 coniugem
2171 2173 2332 2219 pugione

252 2250 331 2271 reas
348 2239 540 2278 ducerent,
566 2238 658 2270 forte
679 2242 861 2269 certamen
878 2235 974 2268 inter
991 2234 1070 2268 illos
1095 2233 1133 2267 in
1156 2234 1266 2267 collo·
1321 2231 1499 2269 confodit;
1542 2228 1693 2262 audiens
1724 2234 1849 2272 postea
1879 2240 1956 2262 rem
1990 2227 2127 2273 ipsam,
2164 2225 2233 2260 sibi
2262 2225 2333 2271 ipsi

255 2290 355 2336 quio,
382 2296 462 2323 uter
479 2290 517 2322 in
533 2289 731 2334 praeterito
747 2288 842 2321 bello
860 2287 1161 2321 formosissimam
1181 2298 1266 2320 con·
1291 2285 1293 2328 3
1320 2291 1474 2319 mortem
1496 2282 1626 2328 laqueo
1648 2281 1833 2315 conscivit.

254 2343 423 2376 cubinam
450 2339 645 2376 habuisset.
699 2340 861 2386 Quisque
887 2352 988 2374 suam
1014 2340 1158 2380 laudat,
1193 2345 1266 2373 stu-
1291 2329 1294 2375 3
1427 2333 1530 2371 Cllll.
1571 2334 1628 2367 Ad
1652 2331 1824 2367 Rhenum
1850 2333 1918 2367 fuit
1942 2332 2091 2379 quidam
2117 2331 2332 2376 Episcopus,

254 2395 322 2429 diis
348 2395 545 2428 certamina
573 2400 756 2434 crescunt,
786 2399 819 2426 et
844 2394 958 2426 fervet
983 2392 1097 2425 multo
1125 2392 1266 2436 lingua·
1320 2389 1384 2438 qui
1401 2400 1526 2422 omnes
1544 2399 1721 2432 pauperes
1740 2386 1786 2419 ad
1803 2398 1840 2420 se
1866 2386 2051 2419 venientes
2076 2391 2111 2418 et
2135 2384 2332 2428 eleemosy-

256 2460 325 2494 que
356 2459 491 2493 corque
523 2459 637 2481 mero.
699 2446 866 2479 Tandem
896 2445 1016 2491 inquit
1052 2444 1264 2478 Mauritius:
1320 2455 1404 2476 nam
1438 2446 1601 2487 petentes
1633 2439 1671 2472 in
1700 2450 1813 2473 unam
1837 2439 1987 2472 domum
2014 2436 2261 2476 concluserat,
2297 2440 2332 2468 et

255 2500 340 2534 Mea
357 2501 448 2533 adeo
467 2500 626 2533 formosa
649 2506 718 2538 est,
753 2505 811 2538 ut,
834 2498 863 2532 si
884 2498 972 2531 tales
992 2497 1138 2541 angelos
1157 2497 1194 2529 in
1211 2497 1265 2530 in·
1320 2495 1418 2528 illam
1438 2494 1664 2532 incenderet,
1701 2504 1855 2537 cumque
1874 2491 1925 2525 ibi
1943 2490 1996 2523 illi
2019 2489 2142 2524 miseri
2163 2486 2331 2522 homines

255 2553 341 2586 fimo
374 2552 474 2586 coelo
509 2549 674 2585 habitare
701 2552 848 2590 scirem,
898 2548 1016 2584 adhuc
1041 2548 1150 2583 hodie
1176 2547 1266 2583 mihi
1320 2548 1391 2582 alta
1419 2559 1507 2581 voce
1533 2546 1752 2584 clamarent,
1794 2543 1900 2578 dixit:
1943 2542 2075 2576 Audite
2101 2554 2227 2576 vocem
2251 2552 2332 2573 mu-

1320 2601 1429 2635 rium.
1483 2598 1544 2633 Ille
1568 2598 1644 2643 ipse
1662 2596 1863 2642 Episcopus
1886 2609 1905 2629 a
1930 2595 2095 2629 muribus
2120 2594 2250 2629 deinde
2278 2597 2331 2626 est

1321 2665 1487 2693 arrosus,
1520 2657 1554 2684 et
1582 2664 1662 2685 cum
1685 2661 1761 2683 non
1784 2655 1904 2694 posset
1932 2648 2161 2693 ingruentem
2186 2644 2330 2691 copiam

292 2655 340 2688 47)
361 2654 484 2687 Bohemi]
505 2654 591 2680 Cod.:
619 2654 730 2678 Pohemi

291 2700 339 2729 48)
360 2701 393 2725 Ι).
409 2701 461 2729 Μ.]
487 2700 528 2724 sic
555 2699 622 2723 cod.
651 2697 713 2731 (aut
740 2704 788 2729 pro
815 2698 847 2724 D.
867 2698 950 2722 Mart.
970 2697 1110 2729 Luthero,
1140 2698 1188 2722 aut
1215 2703 1266 2728 pro

327 2735 396 2759 Phil.
415 2733 620 2766 Melanthone).

294 2777 342 2810 49)
364 2779 481 2811 aliquis]
501 2779 584 2805 Com:
610 2779 672 2811 quis

1356 2773 1424 2801 49²)
1444 2772 1546 2804 (iuquit
1565 2769 1718 2804 Elector-1]
1739 2770 1822 2796 Cod.:
1853 2769 1972 2802 (inquit)
1992 2769 2117 2798 Elector,
