2389 3037
45 103 120 142 485

44 190 227 237 diligentia
246 189 283 223 iu
304 189 472 224 omnibus
490 189 596 223 rebus
613 188 867 234 providendis,
894 199 986 233 quae
1003 188 1046 219 ad

43 243 274 289 imperatoris
307 254 430 276 curam
466 241 671 286 pertinent,
715 247 813 274 tanta
846 240 974 280 fuerit,
1009 245 1048 271 ut

43 295 345 342 peritissimorum
372 293 595 327 confessione
624 305 732 326 nemo
762 293 794 326 ei
821 293 953 326 ducum
980 288 1048 323 hoc

42 354 207 393 tempore
231 346 483 380 anteferendus
499 345 556 379 sit.
610 344 755 378 Etenim
775 345 873 391 quod
890 341 958 376 hoc
974 342 1048 375 bel-

42 400 117 434 lum
135 411 210 433 non
228 404 368 432 tanturn
386 397 555 442 auspiciis
573 397 682 442 ipsius
695 425 703 438 ‚
730 398 791 431 sed
808 396 914 429 etiam
933 394 1049 428 consi-

43 451 99 486 liis
124 458 159 484 et
175 452 283 484 ductu
298 456 435 494 gestum
455 449 579 483 fuerit:
618 449 692 494 ipse
709 449 785 482 loca
804 448 928 481 castris
948 459 1048 491 cepe-

42 503 110 543 rit,
137 503 296 536 intentus
318 502 426 535 fuerit
451 501 487 534 in
506 501 710 535 occasiones
728 499 932 545 pugnandi;
965 511 1049 543 pro-

42 554 187 594 viderit,
213 560 252 588 ut
272 566 347 586 non
363 551 476 588 hostis
494 553 658 591 arbitrio,
681 554 741 586 sed
759 564 824 586 suo
840 551 1048 588 dimicaret;

42 606 223 640 rationem
240 605 375 646 inierit,
400 618 555 652 quarum
574 606 710 638 arcium
730 603 954 649 oppugnatio
973 609 1049 636 ten·
1074 614 1077 638 ς

42 659 153 692 tanda
179 664 289 699 esset,
323 658 386 692 ubi
412 656 524 692 hostis
550 657 629 690 elici
653 663 784 701 posset.
846 655 940 701 Quia
963 667 1048 688 vero

41 710 81 744 in
105 709 390 755 Imperatoribus
413 722 488 743 non
513 709 633 743 minus
651 709 821 748 felicitas,
849 720 958 753 quam
977 708 1051 740 sor·
1074 732 1078 767 Ι

319 101 376 138 lu.
430 101 495 136 DE
524 100 803 136 ELECTIONE
829 100 894 135 ET
924 97 1280 135 CORONATIONE
1310 95 1491 132 CAROLI
1519 97 1562 132 V.
1593 96 1832 132 CAESARIS.

2032 97 2107 132 486

1102 185 1181 219 Deo
1207 185 1403 219 adiuvante
1424 183 1561 229 optima
1578 185 1648 218 fide
1664 184 1822 218 facturos
1841 196 1914 218 esse
1931 183 1985 224 id,
2010 185 2110 229 quod

1102 238 1327 282 postularent
1343 237 1437 281 leges
1448 263 1457 276 ‚
1485 242 1519 269 et
1534 236 1697 270 instituta
1714 236 1911 278 maiorum,
1931 242 1966 270 et
1980 235 2109 281 religio

1100 289 1356 329 iurisiurandi,
1384 289 1483 334 quod
1500 288 1694 322 dedissent.

1206 341 1357 374 Miserat
1380 346 1501 373 autem
1527 340 1652 374 Gallus
1674 340 1784 385 paulo
1809 346 1892 373 ante
1912 340 2048 384 legatos
2071 339 2110 372 in

1101 387 1303 426 Helvetiam
1318 419 1327 433 ‚
1355 392 1582 438 petieratque
1605 392 1717 425 indici
1741 398 1958 425 conventum
1973 419 1982 433 ,
2011 392 2110 437 quod

1101 457 1167 490 pro
1195 444 1308 477 veteri
1333 444 1513 484 amicitia,
1541 456 1633 489 quae
1653 443 1826 478 Helvetiis
1842 444 1910 477 suit
1928 456 2008 478 cum
2025 443 2111 477 Gal-

1073 491 1076 553 1
1100 497 1169 530 lico
1195 509 1328 541 regno,
1356 497 1532 542 quaedam
1556 497 1601 528 ad
1626 495 1818 530 utilitatem
1839 495 2010 540 Europae
2030 507 2110 540 per-

1102 548 1276 588 tinentia,
1304 549 1349 581 ad
1378 548 1475 592 ipsos
1500 548 1634 581 referre
1654 554 1812 593 cuperet.
1864 546 2004 580 lndicto
2026 559 2110 580 cou-

1102 608 1233 641 ventu,
1275 606 1517 645 exposuerant
1547 599 1674 644 legati,
1716 600 1851 644 Regem
1876 599 2111 633 Franciscum

1102 666 1140 687 re
1157 652 1356 686 deliberata
1374 665 1455 686 cum
1473 651 1623 686 summis
1641 650 1866 696 principibus
1883 649 2110 691 Christianis,

1103 704 1359 739 adhortatione
1385 704 1493 738 etiam
1520 704 1772 750 quorundam,
1801 716 1957 750 quorum
1975 703 2112 748 praeci·

42 763 160 796 titudo
185 763 380 807 spectanda
403 761 466 795 sit:
503 759 676 795 hactenus
699 760 816 794 Deum
841 760 970 794 favisse
996 759 1050 792 in-
1075 777 1078 811 Ι
1102 770 1174 803 pua
1209 757 1255 791 sit
1288 757 1483 797 autoritas,
1520 762 1556 789 et
1589 756 1757 790 voluntas
1793 768 1877 800 erga
1915 755 2112 800 rempubli-

43 814 153 859 ceptis
172 813 281 858 Regis
297 813 501 853 Francisci,
529 819 564 846 et
588 813 626 846 in
644 825 742 857 spem
762 824 887 846 omnes
907 811 1050 852 adduci,
1075 816 1078 847 J
1103 809 1181 843 cam
1200 807 1444 843 Christianam
1464 808 1600 853 optima
1613 835 1622 849 ,
1651 807 1898 848 constituisse,
1926 813 2048 852 petere
2067 808 2111 840 ab

42 872 193 911 propter
219 871 378 900 caeteras
401 865 477 900 eius
494 865 644 899 virtutes
658 863 752 898 hanc
768 864 974 898 felicitatem
998 863 1051 897 di-
1075 876 1078 911 3
1102 861 1350 902 Electoribus‚
1379 868 1419 895 ut
1446 860 1654 905 designetur
1680 859 1870 894 Romanus
1895 857 2111 904 Imperator.

42 924 215 952 uturnam
233 918 324 952 fore.

146 971 195 1004 At
227 967 319 1002 nihil
357 982 450 1009 esse,
486 970 585 1015 quod
613 967 824 1002 Germanici
858 964 1078 1012 principes,⁸

43 1021 216 1056 accersito
234 1020 334 1066 Rege
352 1021 505 1061 Galliae,
528 1027 692 1054 metuant
710 1020 824 1053 veteri
841 1032 927 1053 suae
944 1019 1051 1053 liber-
1076 1061 1079 1074 »

44 1073 130 1115 tati,
157 1085 239 1107 cum
263 1080 297 1107 et
317 1073 393 1106 Rex
415 1085 478 1107 sua
506 1073 694 1106 voluntate
714 1073 810 1116 leges
831 1078 866 1105 et
887 1071 1051 1105 instituta
1077 1079 1078 1104 ζ

43 1127 227 1160 maiorum
256 1125 412 1159 libenter
446 1126 631 1166 observet,
669 1131 703 1158 et
721 1124 949 1159 Electoribus
972 1136 1052 1169 per·
1076 1108 1079 1151 i

43 1178 217 1213 missurus
239 1178 303 1218 sit,
330 1184 370 1211 ut
395 1177 621 1211 conditiones
646 1177 784 1217 ferant,
812 1188 901 1222 quas
917 1176 1052 1210 eumin

43 1229 255 1275 accipiendo
272 1229 428 1274 imperio
443 1242 587 1264 servare
604 1229 727 1263 velint.
774 1229 869 1273 Quia
885 1228 963 1261 Rex
979 1241 1054 1261 non

45 1282 154 1315 aliam
180 1281 226 1314 ob
253 1293 396 1315 causam
417 1288 517 1326 petat
539 1281 754 1326 imperium,
782 1280 851 1314 nisi
870 1281 968 1326 quod
986 1280 1053 1314 toti
1078 1276 1080 1293 ἦ

44 1333 188 1367 1101111111
220 1331 427 1367 Christiano
465 1331 559 1367 hanc
593 1334 733 1367 Galliae
761 1318 1081 1381 Germaniaeque}

46 1385 340 1419 coniunctionem
370 1385 527 1418 maxime
547 1386 777 1430 profuturam
805 1397 879 1418 esse
904 1385 1053 1418 iudicet:
1078 1382 1081 1420 l

46 1449 140 1484 quae
175 1436 383 1471 coniunctio
420 1449 496 1470 non
532 1443 622 1471 esset
653 1437 825 1470 diuturna
856 1443 890 1470 et
917 1430 1081 1480 stabilis{

45 1490 188 1530 futura,
224 1489 255 1524 si
289 1489 454 1522 alterutri
489 1489 629 1522 nationi
664 1489 812 1523 libertas
841 1488 1081 1533 eriperetur-¹

46 1541 213 1587 Eamque
238 1541 284 1574 ob
306 1553 381 1574 rem
407 1541 708 1585 promittebatur,
737 1541 873 1585 Regem
892 1553 968 1574 non
986 1541 1056 1574 col·
1080 1516 1081 1570 1

48 1594 253 1627 locaturum
287 1605 362 1626 esse
386 1593 523 1626 Gallica
554 1593 735 1637 praesidia
767 1594 803 1626 in
835 1575 1083 1631 Germania;⁸

48 1646 111 1680 sed
128 1644 367 1679 Germanicos
388 1645 562 1678 exercitus
578 1658 644 1679 suo
660 1645 841 1690 stipendio
861 1646 1058 1678 conductu-

48 1710 131 1731 rum
157 1709 252 1737 esse,
281 1697 412 1742 quibus
436 1698 480 1730 de
506 1697 655 1731 consilio
684 1697 911 1742 principum,
940 1696 1058 1730 Duces

50 1749 281 1789 Germanici,
310 1761 466 1794 quorum
496 1749 607 1783 virtus
628 1756 662 1782 et
683 1750 769 1783 fides
787 1749 939 1794 probata
956 1755 1059 1789 esset,

50 1802 344 1847 praeficerentur.

156 1853 426 1888 Ostendebatur
446 1852 575 1893 etiam,
603 1865 692 1898 quas
711 1852 987 1886 commoditates
1009 1852 1060 1884 al-

52 1907 170 1940 latura
194 1905 371 1950 paulatim
397 1911 488 1939 esset
511 1905 735 1950 principibus
756 1903 843 1938 haec
867 1905 1058 1938 nationum

53 1957 284 1999 coniunctio,
326 1969 407 1990 cum
440 1957 519 1990 Rex
550 1957 660 1990 etiam
686 1957 833 1991 Gallicis
862 1956 1060 1990 ditionibus

53 2011 255 2044 donaturus
281 2015 371 2044 esset
389 2009 607 2043 Germaniae
625 2009 826 2054 principes,
860 2010 950 2043 sicut
973 2009 1060 2042 olim

54 2063 120 2098 sub
158 2061 292 2096 Carolo
321 2061 457 2106 Magno
494 2061 607 2107 aliqui
644 2062 827 2107 principes
864 2062 1062 2095 tenuissent

55 2114 197 2160 amplos
218 2113 444 2159 principatus
467 2113 504 2146 in
528 2120 684 2160 utroque
709 2127 833 2158 regno.

162 2165 260 2199 Haec
276 2167 348 2199 [ere
367 2178 507 2199 summa
526 2165 593 2199 suit
611 2166 771 2199 Gallicae
790 2165 980 2206 orationis,
1006 2165 1063 2199 cui

59 2224 136 2252 erat
153 2217 292 2251 adiecta
310 2215 519 2251 adhortatio
531 2244 541 2258 ,
568 2224 608 2251 ut
622 2217 803 2253 Electores
822 2231 897 2252 non
922 2218 1064 2251 amitte-

58 2276 140 2304 rent
171 2267 265 2303 hanc
290 2269 516 2304 occasionem
542 2270 815 2315 coniungendae
843 2271 1063 2304 Germaniae

60 2334 142 2356 cum
165 2321 303 2356 Gallia:
340 2323 438 2368 quod
464 2334 503 2355 ea
526 2334 582 2355 res
608 2322 800 2357 Germanis
829 2330 919 2358 esset
942 2324 1063 2357 sutura

60 2374 231 2419 gloriosa,
259 2374 334 2420 qui,
363 2372 430 2408 hac
445 2373 578 2407 virium
597 2375 798 2409 accessione
814 2376 921 2416 facta,
948 2376 1063 2408 multo

61 2432 178 2460 essent
199 2427 312 2461 futuri
339 2428 383 2460 ad
408 2439 463 2460 res
480 2426 655 2460 maximas
670 2428 845 2471 gerendas
860 2427 1066 2462 instructio-

62 2490 136 2516 res;
175 2484 210 2511 et
242 2481 341 2525 quod
378 2480 424 2512 ad
458 2478 706 2512 defensionem
732 2479 924 2524 Europae,
956 2486 991 2513 et
1020 2481 1066 2513 ad

64 2527 261 2563 Christiani
284 2532 382 2566 orbis
407 2531 708 2577 tranquillitatem
725 2529 817 2564 nihil
834 2529 901 2565 hac
916 2532 1066 2565 coniun-

64 2581 182 2615 ctione
200 2589 320 2626 posset
333 2583 456 2617 utilius
474 2583 623 2628 cogitari
643 2596 684 2616 ac
706 2584 870 2628 reperiri.
924 2583 1067 2617 Recita-

63 2633 109 2668 tis
131 2632 332 2676 legatorum
359 2635 491 2677 literis,
524 2636 683 2669 breviter
704 2637 970 2680 responderunt
986 2636 1067 2670 Ele·

28 2723 33 2726 ·
66 2691 201 2719 ctores:
245 2693 385 2731 gratam
414 2687 481 2722 sibi
511 2701 585 2723 esse
610 2689 902 2722 benevolentiam
925 2689 1066 2734 Regum

1081 1723 1084 1736 1

1076 926 1077 961 ᾗ
1104 914 1406 948 Commemorant
1440 911 1532 946 nihil
1566 912 1620 953 vi,

1670 909 1763 945 nihil
1795 924 1861 957 per
1897 911 2111 946 seditionem

1103 967 1283 999 facturum
1319 978 1393 999 esse
1429 971 1555 998 contra
1585 964 1855 998 Germanorum
1890 964 2113 1000 libertatem;

1076 1046 1078 1055 ι
1103 1020 1164 1052 sed
1182 1017 1390 1051 Electorum
1409 1016 1610 1061 suffragiis,
1644 1022 1679 1050 et
1695 1015 1884 1050 autoritati
1906 1015 2113 1061 pontificiae

1104 1083 1180 1104 rem
1212 1069 1475 1115 permissurum
1509 1081 1595 1103 esse.
1662 1068 1732 1102 Sed
1757 1070 1803 1102 ad
1829 1066 1898 1102 hoc
1922 1067 2114 1102 consilium

1105 1122 1209 1156 initio
1236 1121 1486 1166 adiungendos
1509 1121 1651 1155 duxisse
1668 1120 1872 1162 Helvetios,
1904 1126 1964 1161 ut,
1990 1120 2019 1155 si
2032 1119 2114 1153 Ele-

1077 1196 1079 1219 ⁴}
1106 1181 1246 1208 ctorum
1271 1174 1451 1218 suffragiis
1475 1174 1584 1207 fuerit
1611 1173 1764 1213 electus,
1799 1172 1869 1218 ipsi
1891 1184 1967 1205 non
1986 1173 2115 1205 adver-

1078 1222 1079 1270 Ῑ
1105 1233 1249 1265 sentum
1282 1227 1344 1260 sed
1372 1226 1493 1271 potius
1518 1226 1590 1260 sint
1605 1225 1644 1258 in
1661 1225 1846 1270 partibus,
1883 1230 1917 1258 et
1933 1222 2026 1257 hanc
2045 1224 2115 1257 ele-

1107 1279 1263 1312 ctionem
1290 1290 1362 1312 una
1387 1279 1595 1312 defendant.
1656 1277 1766 1323 Quod
1791 1283 1829 1311 ut
1850 1276 2004 1317 faciant,
2039 1288 2115 1309 non

1107 1332 1216 1364 modo
1242 1336 1344 1365 vetus
1370 1343 1450 1364 cum
1470 1330 1583 1364 Gallis
1607 1329 1786 1369 amicitia,
1822 1328 1956 1362 mutuis
1983 1328 2115 1362 utrius-

1107 1395 1176 1429 que
1205 1382 1320 1427 gentis
1355 1383 1537 1416 beneficiis
1566 1382 1800 1421 confirmata,
1838 1393 1899 1414 eos
1928 1378 2114 1417 hortetur;

1106 1436 1167 1469 sed
1206 1435 1315 1468 etiam
1354 1435 1450 1469 salus
1482 1434 1592 1468 totins
1629 1431 1827 1467 Christiani
1862 1432 1980 1473 orbis,
2031 1432 2115 1477 quia

1107 1486 1195 1520 haec
1216 1487 1343 1531 petitio
1370 1487 1561 1531 praecipue
1586 1484 1681 1519 hanc
1707 1486 1752 1519 ob
1778 1497 1923 1519 causam
1951 1484 2116 1517 instituta

1107 1539 1173 1580 sit,
1213 1540 1313 1584 quod
1342 1540 1387 1571 ad
1416 1551 1540 1583 pacem
1570 1538 1608 1571 in
1635 1536 1785 1582 Europa
1814 1536 2117 1575 constituendam,

1081 1629 1083 1635 Ι
1109 1598 1144 1625 81
1169 1592 1215 1624 ad
1240 1591 1473 1635 depellendos
1493 1591 1651 1630 Turcas,
1680 1587 1772 1623 nihil
1801 1588 1953 1633 cogitari
1977 1600 2118 1622 accom-

1109 1643 1293 1677 modatius
1319 1643 1451 1688 possit,
1489 1655 1599 1688 quam
1624 1641 1831 1676 coniunctio
1856 1640 1999 1681 Italiae,
2033 1640 2118 1674 Gal-

1109 1696 1178 1728 liae
1207 1701 1242 1728 et
1266 1695 1505 1728 Germaniae:
1549 1706 1641 1740 quae
1667 1693 1696 1727 si
1719 1694 1951 1738 procederet,
1982 1693 2117 1726 bellum

1110 1754 1206 1780 terra
1230 1747 1396 1793 marique
1423 1748 1594 1780 adversus
1613 1745 1752 1780 Turcas
1776 1746 1853 1778 Rex
1878 1751 2043 1779 moturus
2066 1756 2119 1778 es-

1110 1805 1174 1833 set.
1226 1797 1290 1832 Est
1314 1805 1433 1832 autem
1454 1798 1639 1831 Helvetiae
1657 1798 1745 1832 situs
1764 1803 2013 1843 opportunus,
2046 1795 2119 1841 pri-

1112 1863 1212 1884 mum
1248 1851 1294 1883 ad
1330 1849 1454 1884 Italiae
1492 1849 1793 1896 tranquillitatem
1836 1849 2118 1885 defendendam

1111 1903 1241 1936 deinde
1276 1903 1322 1935 ad
1358 1903 1604 1948 expeditiones
1640 1903 1685 1935 ad
1729 1902 1846 1935 vicina
1880 1899 2004 1934 Italiae
2041 1900 2120 1934 loca

1111 1955 1368 2000 suscipiendas.
1426 1954 1552 2001 Itaque
1582 1955 1746 1988 ferebant
1767 1954 1904 1998 Regem
1931 1952 2120 1986 adiunctu-

1112 2020 1194 2041 rum
1219 2020 1293 2042 esse
1319 2007 1460 2042 Gallico
1488 2007 1665 2053 equitatui
1691 2005 1917 2040 Helveticum
1943 2005 2119 2050 peditem:

1113 2060 1221 2106 idque
1250 2060 1362 2094 robur
1386 2072 1427 2093 ac
1453 2072 1584 2093 nervos
1610 2057 1807 2093 Christiani
1831 2057 2006 2091 exercitus
2030 2057 2119 2090 fore.

1112 2112 1196 2147 Non
1219 2112 1317 2146 enim
1338 2113 1527 2146 dubitabat
1543 2111 1620 2145 Rex
1644 2112 1799 2144 libenter
1816 2116 1988 2143 venturos
2007 2109 2044 2142 in
2064 2121 2120 2143 so-

1114 2164 1279 2198 cietatem
1304 2165 1455 2210 periculi
1477 2176 1671 2209 generosos
1689 2162 1939 2197 Helvetiorum
1961 2161 2121 2207 spiritus,

1115 2217 1200 2263 quia
1227 2218 1325 2252 nulla
1354 2223 1469 2251 aetate
1490 2216 1638 2258 iustius,
1667 2222 1729 2249 aut
1747 2214 1862 2260 magis
1877 2213 2121 2248 necessarium

1114 2270 1248 2303 bellum
1279 2282 1440 2316 unquam
1467 2275 1605 2314 gestum
1634 2268 1690 2302 sit.
1753 2267 1998 2312 Depellendus
2024 2272 2077 2300 est
2101 2277 2123 2298 a

1114 2322 1248 2356 nostris
1270 2322 1468 2356 cervicibus
1485 2319 1617 2361 hostis,
1646 2319 1707 2367 qui
1725 2332 1801 2353 non
1817 2321 1860 2353 de
1877 2318 1992 2363 gloria
2009 2317 2122 2362 impe-

1116 2374 1180 2415 rii,
1214 2381 1253 2408 ut
1280 2381 1416 2408 veteres
1442 2370 1682 2412 Monarchae,
1724 2372 1817 2406 bella
1846 2371 1955 2416 gerit;
1999 2371 2061 2404 sed
2084 2376 2124 2403 111

1116 2426 1328 2471 relig-ionem
1344 2425 1589 2461 Christianam
1616 2425 1750 2465 deleat,
1781 2430 1820 2458 ut
1837 2423 2044 2458 universam
2071 2421 2123 2455 di-

1116 2479 1305 2523 sciplinam
1325 2479 1479 2519 civilem,
1508 2484 1548 2512 ut
1565 2478 1645 2512 iura
1665 2475 1984 2510 matrimoniorum
2009 2474 2124 2513 tollat,

1117 2537 1158 2564 ut
1182 2532 1226 2564 ad
1252 2538 1376 2576 stupra
1401 2536 1542 2566 nostras
1572 2530 1742 2573 coniuges
1765 2542 1805 2563 ac
1830 2529 1963 2562 liberos
1992 2526 2124 2570 rapiat,

1118 2583 1327 2617 liberandae
1359 2590 1443 2617 sunt
1475 2580 1542 2616 hac
1572 2581 1776 2616 miserrima
1803 2581 1975 2616 servitute
2001 2583 2123 2622 gentes

1119 2636 1276 2676 vicinae,
1311 2648 1403 2681 quae
1429 2632 1617 2670 nobiscum
1642 2634 1816 2679 religione
1838 2639 1873 2666 et
1897 2631 1976 2665 aliis
2002 2629 2123 2663 multis

1118 2688 1324 2722 foederibus
1350 2694 1454 2721 antea
1479 2688 1693 2722 coniunctae
1714 2687 1872 2720 fuerunt.
1940 2681 2016 2715 Hae
2041 2688 2123 2716 sunt

67 2748 151 2783 erga
185 2751 320 2774 nomen
349 2740 625 2780 Germanicum;
668 2742 730 2776 sed
757 2742 800 2775 de
827 2741 1002 2776 electione
1030 2754 1067 2776 se
1090 2756 1095 2769 ·
1119 2753 1246 2776 causae
1280 2752 1406 2785 graves
1438 2747 1474 2774 et
1504 2741 1618 2775 iustae
1649 2738 1735 2773 viris
1762 2737 1916 2772 sortibus
1941 2746 2042 2769 arma
2069 2746 2125 2768 ca-

1615 2787 1704 2826 31*
