2421 3037
251 126 325 161 447

354 211 517 244 THABOR
534 215 654 246 MONS,
682 217 743 238 seu
764 204 958 249 puritatem
979 203 1167 247 significat,
1194 215 1257 237 seu
1283 202 1287 213 ¹

249 264 450 299 mutatione
470 260 606 305 primae
625 257 748 290 literae
766 256 990 295 umbilicum,
1020 255 1103 301 quia
1125 255 1259 288 eminet

249 318 287 350 in
314 316 388 349 eius
413 311 569 356 regionis
588 309 760 355 planitie,
790 308 887 342 velut
906 308 1109 341 umbilicus.
1163 307 1256 341 Nam

250 367 402 402 altitudo
421 371 472 398 est
487 363 687 397 stadiorum
708 360 855 405 triginta
868 387 877 400 ,
904 367 938 393 et
957 359 1152 394 cacuminis
1174 372 1256 393 area

249 420 466 454 diametrum
486 413 595 448 habet
615 414 816 447 stadiorum
834 413 907 445 fere
927 412 1065 457 viginti.

351 469 578 507 BETHANIA,
606 466 745 499 Domus
772 464 999 498 obedientiae
1019 464 1075 497 vel
1095 463 1258 496 afflictio-
1284 489 1285 494 ,

248 523 325 563 nis,
370 521 443 555 sive
475 521 605 552 domus
636 518 773 562 gratiae
799 517 972 557 Domini,
1009 516 1071 549 ubi
1095 514 1258 549 Christus

247 587 349 610 suam
376 572 553 605 infinitam
581 572 782 615 potentiam
808 569 939 603 illustri
962 567 1172 602 testimonio
1199 568 1257 600 de-

249 625 420 665 claravit,
449 629 618 657 revocato
645 623 683 655 in
705 622 814 655 vitam
835 621 976 654 Lazaro
993 627 1075 653 ante
1096 620 1255 652 triduum

249 679 417 712 extincto.
474 676 613 709 Mentio
638 673 746 708 huius
770 675 808 707 fit
825 671 954 707 Mattli.
971 674 1033 709 21.
1062 672 1175 706 Marc.
1198 671 1256 705 11.

253 731 311 765 14.
340 729 466 763 Ioaun.
490 729 546 762 ll.
568 729 628 763 12.

351 782 478 821 NMM,
514 781 551 813 id
575 786 647 819 est,
676 790 840 812 amoena.
896 775 1059 810 Christus
1082 788 1099 809 e
1125 775 1257 819 Caper-

247 848 357 868 naum
384 834 504 867 exiens
524 831 725 877 ingreditur
745 830 850 864 Naim
864 856 872 869 ,
903 836 936 862 et
953 829 989 861 in
1008 834 1112 873 porta
1134 827 1258 860 civita-

248 888 292 921 tis
307 886 453 921 unicum
472 886 601 918 viduae
619 884 731 917 filium
751 895 767 915 a
789 881 941 914 mortuis
963 881 1112 920 excitat,
1142 886 1175 912 et
1195 880 1258 912 do-

247 940 361 973 lorem
388 938 599 982 luctumque
626 936 755 969 viduae
779 934 816 966 in
834 934 1094 967 iucunditatem
1117 939 1151 965 et
1172 944 1258 976 gau-

248 992 347 1025 dium
370 989 559 1023 convertit.

351 1042 647 1079 DALMANUTHA,
677 1038 711 1071 id
739 1044 811 1077 est,
840 1049 1043 1082 pauperum
1066 1034 1257 1074 habitatio,

248 1107 383 1128 nomen
409 1093 627 1126 couveniens
649 1089 842 1124 Ecclesiae.
896 1088 937 1122 Iu
956 1087 1049 1122 lianc
1070 1088 1255 1131 regionem

249 1147 347 1180 venit
377 1144 539 1179 Christus
574 1157 654 1177 cuin
691 1142 876 1187 discipulis
911 1142 1003 1181 suis,
1043 1138 1174 1174 Manli.
1198 1139 1257 1174 16.

249 1199 362 1233 Marc.
381 1198 415 1231 8.

354 1250 612 1287 BETHABARA,
657 1246 839 1290 Significat
880 1247 1029 1278 domum
1074 1244 1257 1278 transitus.

248 1303 302 1338 Eo
324 1302 418 1336 enim
439 1302 518 1334 loco
533 1300 668 1334 divisae
690 1311 805 1344 aquae
823 1296 987 1331 Iordanis
1006 1303 1123 1330 tutum
1143 1303 1258 1330 trans·
1283 1315 1286 1323 v

249 1356 339 1389 itum
364 1353 489 1388 Iosuae
520 1359 553 1386 et
581 1352 647 1385 toti
665 1351 800 1396 populo
819 1349 1014 1384 Israelitico
1033 1361 1097 1394 per
1116 1349 1257 1381 alveum

249 1408 409 1442 fluminis
435 1406 700 1450 praebuerunt,
735 1403 801 1437 Ios.
822 1403 857 1436 3.
875 1401 909 1437 4.
971 1401 1039 1434 Hic
1063 1401 1260 1445 baptizavit

249 1459 403 1494 Ioannes
430 1457 613 1492 Christum
646 1463 680 1490 et
710 1455 887 1500 plurimos
917 1454 1018 1487 alios.

250 1512 366 1546 Huius
386 1512 456 1544 loci
474 1517 661 1555 praeterea
683 1507 851 1540 meminit
866 1505 1021 1539 loannes
1043 1506 1075 1539 1.
1092 1507 1126 1540 3.
1148 1511 1181 1538 et
1201 1506 1258 1539 10.

354 1563 593 1601 DECAPOLIS,
622 1561 766 1595 Nomen
792 1565 843 1593 est
865 1558 1022 1602 regionis
1042 1557 1080 1590 in
1099 1564 1258 1591 extrema

252 1630 316 1651 ora
339 1614 565 1649 Phoenicum
593 1620 627 1646 et
647 1612 852 1651 Galilaeae,
888 1622 979 1656 quae
1005 1610 1111 1644 urbes
1136 1611 1258 1642 decem

252 1668 524 1713 complectitur,
558 1678 648 1711 quas
673 1664 814 1698 etiamsi
839 1675 914 1696 non
942 1674 1090 1706 prorsus
1116 1663 1258 1695 easdem
1286 1689 1287 1692 ,

250 1722 405 1755 recitant
438 1719 651 1763 scriptores,
687 1723 810 1749 tamen
842 1715 982 1748 vicinae
1010 1714 1259 1747 nominantur.

250 1773 387 1820 Estque
406 1772 505 1815 regio
526 1771 620 1803 inter
637 1768 855 1802 Damascum
881 1774 913 1800 et
931 1766 1102 1799 Sidonem
1116 1793 1125 1806 ‚
1154 1772 1188 1798 et
1210 1766 1261 1798 la-

251 1839 332 1860 cum
352 1820 577 1858 Genezaretb
591 1849 599 1862 ,
628 1828 662 1854 et
681 1820 894 1854 Caesaream
911 1817 1085 1863 Philippi.
1190 1856 1193 1857 ⁷

355 1877 585 1914 DAMASCUS,
614 1873 734 1907 Distat
757 1885 774 1905 a
802 1872 1023 1917 [erosolyma
1044 1869 1261 1915 germanicis

251 1930 453 1964 miliaribus
465 1927 496 1973 5)
522 1926 762 1972 quadraginta
780 1925 932 1957 duobus.
979 1919 1260 1968 Breitenbachss)

251 1983 375 2017 scribit
397 1994 415 2014 a
443 1979 664 2024 lerosolyma
689 1979 733 2010 ad
756 1976 976 2010 Damascum
1007 1987 1080 2009 esse
1106 1975 1175 2007 iter
1201 1987 1261 2008 sex

252 2036 413 2069 dierum:
462 2033 569 2066 situm
608 2030 729 2063 tabula
768 2029 923 2063 ostendit
962 2028 998 2060 in
1034 2027 1260 2060 Antilibano.

252 2087 348 2121 Urbs
393 2092 444 2120 est
487 2083 725 2117 vetustissima
741 2109 750 2122 ‚
794 2082 831 2114 in
875 2093 945 2126 qua
984 2092 1079 2112 nunc
1116 2091 1261 2125 quoque

252 2152 383 2184 magua
408 2137 539 2171 civium
565 2135 767 2181 frequentia
792 2140 863 2175 est,
893 2139 927 2166 et
943 2131 1064 2176 magni
1083 2138 1262 2165 mercatus

253 2198 347 2226 sunt.
401 2188 651 2235 Etymologias
670 2187 730 2220 alii
751 2186 838 2219 alias
856 2191 1053 2231 quaerunt,
1083 2196 1147 2228 ego
1167 2182 1262 2217 hanc

254 2244 414 2283 retineo,
442 2241 634 2285 Sanguinis
659 2251 800 2278 saccus,
829 2238 912 2284 quia
932 2243 1032 2270 vetus
1053 2236 1176 2281 opinio
1199 2242 1262 2276 est,

256 2296 292 2328 in
318 2308 356 2328 ea
380 2294 527 2338 regione
550 2293 775 2325 interfectum
802 2302 876 2324 esse
896 2289 998 2323 Abel.

254 2354 465 2382 sentaueum
492 2351 564 2385 est,
591 2345 729 2389 primos
754 2350 872 2388 patres
897 2343 995 2375 illam
1020 2341 1190 2374 viciniam
1211 2347 1264 2374 te-

255 2400 387 2435 nuisse.
827 2395 843 2408 ³

292 2563 323 2590 5)
344 2558 513 2586 miliaribus]
535 2557 584 2580 Ed.
606 2557 680 2581 1:180.
701 2562 862 2587 perperam:
888 2555 1066 2580 millitaribns

292 2607 323 2634 6)
344 2605 419 2628 Haec
445 2603 572 2632 spectant
591 2600 642 2624 ad:
674 2603 838 2624 sanctarum
859 2600 1117 2631 peregrinationum
1139 2600 1165 2622 in
1185 2605 1267 2623 inon-

329 2643 384 2663 tem
405 2640 482 2668 Syon
502 2637 537 2660 ad
556 2636 743 2659 venerandum
758 2635 862 2659 Christi
883 2635 1059 2664 sepulchrum
1080 2635 1107 2658 in
1128 2634 1267 2658 Hierusa-

328 2675 382 2698 lem
408 2676 491 2703 atque
518 2672 544 2695 in
571 2672 691 2694 montem
711 2670 788 2694 sinai
813 2671 846 2693 ad
873 2671 964 2693 diuam
985 2670 1123 2700 virginem
1142 2672 1171 2693 et
1190 2675 1270 2693 inar-

328 2712 420 2740 tyrem
447 2706 644 2737 {tathei-inam,
678 2706 840 2735 opusculum
864 2706 972 2729 Bernh.
999 2705 1032 2729 de
1059 2704 1268 2734 Breydenbach

331 2744 414 2772 (eccl.
427 2742 635 2771 moguntinens.
652 2741 771 2766 Decani.
793 2741 874 2763 simul
892 2742 918 2763 et
934 2740 1108 2768 camerarii).
1147 2740 1269 2770 Impres-

330 2785 391 2802 sum
410 2784 460 2810 per
480 2778 591 2802 Petrum
610 2777 718 2807 Dracii,
741 2775 829 2800 ciuem
850 2775 1020 2806 spirensem.
1044 2775 1118 2799 1502.
1140 2775 1201 2799 Fol-

1073 1451 1204 1488 Matth.
1223 1451 1258 1487 5.
1286 1475 1287 1479 =

1053 2288 1157 2322 Certe
1177 2300 1263 2321 con-
1288 2307 1291 2316 v

638 119 763 153 PHlL.
794 116 913 151 MEL.
943 115 1149 150 SCRIPTA
1180 112 1441 149 HISTORICA
1470 113 1535 147 ET
1564 113 1925 150 GEOGRAPfflCA.

2243 119 2318 155 448

1418 200 1564 241 ZlDON,
1592 200 1734 235 Nomen
1753 200 1880 235 habuit
1897 214 1915 235 a
1934 202 2006 235 filio
2027 202 2195 245 Canaan,
2224 205 2322 239 utin

1313 253 1429 298 capite
1463 252 1602 285 decimo
1631 253 1781 288 Genesis
1809 254 1982 298 scriptum
2011 261 2073 288 est.
2136 255 2322 300 Significat

1313 312 1433 338 autem
1454 304 1572 337 Zidon
1595 306 1838 340 venationem.
1893 305 2018 339 Deleta
2038 307 2082 339 ab
2099 305 2216 349 Ocho,
2238 320 2321 354 rege

1312 357 1520 397 Persarum,
1544 356 1605 402 qui
1624 369 1704 390 cum
1724 370 1801 390 eam
1819 358 2027 402 proditione
2046 359 2208 403 cepisset,
2230 361 2322 394 mul-

1313 409 1430 443 titudo
1459 408 1535 452 ipsa
1562 408 1689 441 urbem
1717 409 1896 450 incendit,
1926 417 1960 444 et
1984 410 2174 455 perierunt
2200 411 2323 445 incen-

1313 461 1372 494 dio
1398 461 1539 494 circiter
1565 461 1805 506 quadraginta
1826 462 1936 495 millia
1956 460 2160 497 hominum.
2215 462 2323 497 Talia

1314 525 1527 557 magnarum
1560 519 1594 545 et
1620 513 1974 557 opulentissimarum
2001 515 2146 548 urbium
2172 515 2323 556 excidia,

1312 572 1396 599 sunt
1421 564 1574 608 insignia
1600 565 1806 599 testimonia
1826 566 1900 598 irae
1919 565 1986 599 Dei
2003 568 2172 601 adversus
2189 567 2323 600 sceler'a

1312 615 1524 657 hominum,
1560 623 1594 649 et
1620 624 1789 657 monent,
1825 630 1869 651 ne
1894 630 2045 662 magnae
2070 625 2104 652 et
2128 619 2323 662 opulentae

1312 670 1418 702 urbes
1453 669 1664 713 indulgeant
1692 670 1814 710 luxui,
1852 670 2062 711 ambitioni,
2098 670 2322 711 libidinibus,

1313 721 1522 765 rapacitati,
1559 720 1803 756 existimantes
1830 735 1866 756 se
1890 722 2039 767 impune
2067 735 2215 767 peccare
2239 735 2323 768 pro—

1312 779 1391 818 pter
1409 773 1624 817 potentiam.

1417 824 1575 864 TYRUS‚
1618 824 1761 858 colonia
1795 826 1884 867 suit,
1920 827 2072 860 deducta
2106 839 2148 860 ex
2175 826 2322 861 Sidone.

1311 876 1456 911 Nomen
1480 875 1663 910 Ebraeum
1690 884 1742 911 est
1765 877 1856 917 Zor,
1885 878 1919 911 id
1945 885 2015 919 est,
2043 879 2208 919 rebellis,
2236 879 2322 924 quia

1313 929 1483 962 credibile
1518 935 1569 962 est
1601 935 1741 972 partem
1774 930 1905 964 civium
1938 943 1979 963 ex
2005 930 2139 964 Sidone
2172 937 2324 975 propter
2352 968 2360 971 ,

1312 981 1527 1014 seditionem
1564 980 1671 1013 aliam
1709 983 1830 1015 sedem
1867 982 1904 1014 in
1942 983 2063 1016 littore
2093 983 2323 1028 quaesivisse.

1312 1032 1415 1066 Hanc
1442 1033 1650 1066 Alexander
1685 1040 1767 1078 post
1800 1034 2026 1068 obsidionem
2056 1041 2194 1079 septem
2222 1047 2323 1068 men-

1312 1085 1405 1119 sium
1438 1085 1676 1129 expugnavit,
1719 1086 1906 1120 trucidatis
1929 1093 2065 1131 septem
2091 1087 2251 1121 millibus
2275 1088 2322 1120 ci—

1312 1137 1432 1177 vium,
1462 1144 1496 1170 et
1518 1137 1646 1170 deinde
1667 1138 1808 1172 duobus
1826 1138 1984 1172 millibus
2001 1139 2246 1183 strangulatis.

1418 1188 1514 1222 Haec
1546 1189 1748 1223 tristissima
1777 1190 1912 1223 excidia
1937 1192 2093 1224 duarum
2117 1191 2320 1224 vicinarum

1313 1241 1478 1281 urbium,
1508 1254 1600 1287 quae
1626 1242 1810 1285 opulentia
1837 1248 1872 1276 et
1898 1243 2035 1276 artibus
2058 1243 2133 1275 fere
2152 1243 2322 1276 omnibus

1313 1294 1462 1327 urbibus
1500 1293 1537 1326 iu
1574 1300 1651 1326 toto
1690 1295 1776 1327 orbe
1814 1299 1993 1327 terrarum
2024 1295 2323 1335 antecelluerunt,

1313 1345 1492 1390 praedixit
1522 1345 1668 1385 Esaias,
1710 1346 1771 1391 qui
1801 1347 2021 1379 nominatim
2051 1347 2102 1379 ait
2127 1347 2254 1380 ducem
2280 1358 2323 1380 ex

1315 1396 1449 1431 Cithim
1469 1399 1711 1431 adventurum
1729 1410 1802 1432 esse
1820 1399 1865 1430 ad
1883 1398 2036 1443 Tyrum.
2090 1398 2183 1431 Sunt
2200 1405 2323 1432 autem

1315 1448 1448 1484 Cithim
1467 1450 1698 1483 Macedones.
1752 1449 1799 1482 Et
1821 1461 1956 1483 nomen
1984 1447 2120 1483 cithim
2146 1450 2324 1494 significat

1314 1514 1553 1547 percussores.

1419 1552 1603 1588 lORDANIS
1629 1553 1665 1586 in
1688 1553 1870 1586 radicibus
1884 1552 2016 1586 Libani
2037 1553 2175 1594 oritur,
2203 1560 2238 1587 et
2259 1551 2323 1587 ha-

1314 1607 1374 1639 bet
1398 1606 1488 1640 duos
1512 1608 1650 1646 sontes,
1680 1618 1792 1638 unum
1817 1605 1966 1639 nomine
1989 1604 2070 1646 Ior,
2099 1606 2199 1651 quod
2214 1605 2324 1650 signi-

1314 1659 1396 1691 ficat
1412 1658 1569 1691 rivulum
1584 1685 1592 1697 ,
1619 1665 1651 1691 ct
1671 1658 1822 1690 alterum
1841 1657 1990 1690 nomine
2008 1656 2103 1692 Dan.
2151 1657 2199 1690 Hi
2215 1657 2325 1692 simul

1315 1709 1437 1749 mixti,
1465 1709 1630 1743 Iordanis
1648 1722 1783 1742 nomen
1803 1709 1972 1744 efficiunt.

1420 1762 1703 1802 GENESARETH,
1740 1761 1856 1796 Lacus
1892 1768 1944 1795 est
1978 1761 2253 1806 limpidissimus
2289 1767 2325 1795 et

1315 1815 1475 1859 piscosus
1511 1815 1548 1847 in
1585 1814 1768 1854 Galilaea,
1806 1826 1941 1847 nomen
1977 1811 2087 1850 habet
2120 1826 2140 1846 a
2169 1813 2324 1847 viciniae

1316 1867 1548 1900 amoenitate.
1602 1866 1696 1900 Nam
1715 1866 1876 1899 Genesar
1897 1866 2028 1899 dicitur
2043 1863 2170 1899 hortus
2188 1865 2325 1909 princi-

1316 1920 1382 1964 pis.
1445 1918 1588 1952 Dicitur
1615 1925 1650 1951 et
1675 1918 1760 1951 urbs
1784 1918 1898 1950 vicina
1926 1924 1959 1950 et
1984 1917 2084 1951 lacus
2109 1915 2281 1951 Cinereth
2303 1929 2325 1950 a

1315 1973 1441 2016 figura.
1495 1971 1590 2005 Nam
1609 1967 1779 2003 Cinereth
1797 1969 1974 2013 significat
1991 1967 2182 2003 citharam.

1421 2023 1635 2063 GALILAEA,
1665 2022 1700 2054 id
1717 2029 1779 2062 est,
1807 2022 1922 2062 limes,
1947 2021 2045 2065 regio
2062 2021 2100 2054 in
2114 2021 2230 2055 limite
2243 2020 2325 2055 sita.

1422 2076 1626 2114 GEHENNA,
1652 2074 1745 2107 dicta
1766 2080 1817 2108 est
1835 2086 1852 2107 a
1872 2074 1924 2108 Ge
1942 2074 2118 2114 Hinnom,
2146 2085 2239 2119 quae
2257 2072 2326 2106 fuit

1317 2128 1419 2161 vallis
1444 2128 1483 2160 in
1510 2126 1607 2160 tribu
1634 2126 1848 2167 Beniamin,
1890 2126 1953 2160 ubi
1976 2126 2069 2159 facta
2101 2131 2187 2159 sunt
2210 2124 2326 2169 impia

1316 2180 1509 2223 sacrificia,
1538 2179 1575 2211 in
1595 2179 1725 2224 quibus
1743 2179 1898 2212 infantes
1916 2178 2065 2212 cremati
2081 2177 2176 2212 sunt.
2229 2177 2327 2210 Pro—

1318 2240 1396 2279 pter
1414 2230 1508 2265 hanc
1526 2231 1753 2264 atrocitatem
1772 2231 1987 2265 translatum
2007 2236 2059 2264 est
2075 2241 2212 2263 nomen
2226 2234 2326 2274 post-

1318 2298 1358 2319 ea
1383 2286 1429 2318 ad
1453 2285 1599 2317 inferos.
1641 2283 1826 2328 Significat
1843 2290 1962 2317 autem
1979 2282 2033 2316 Ge
2057 2282 2209 2322 vallem,
2236 2281 2327 2314 Hin-

1318 2350 1403 2371 nom
1433 2337 1667 2381 spoliatorem
1693 2349 1756 2370 seu
1784 2336 2054 2375 insidiatorem,
2088 2335 2150 2370 (ξίη
2174 2333 2328 2375 θῖαιώῒαῐ,

1319 2391 1367 2425 ein
1387 2389 1619 2432 ffissrbergrube.

1422 2441 1612 2480 EMMAUS,
1649 2447 1772 2485 postea
1806 2439 1993 2485 Nicopolis
2026 2439 2120 2472 dicta
2155 2443 2218 2472 est.
2278 2435 2326 2470 Et

1319 2494 1462 2539 videtur
1487 2491 1574 2526 mihi
1603 2491 1691 2526 haec
1709 2505 1836 2537 graeca
1857 2491 2053 2537 appellatio
2071 2488 2324 2534 interpretatio

1320 2559 1392 2581 esse
1416 2546 1582 2579 vocabuli
1606 2545 1801 2586 Emmaus,
1837 2545 1934 2591 quod
1960 2543 2138 2587 significat
2171 2547 2326 2575 matrem

1319 2598 1543 2632 fortitudinis
1568 2610 1630 2632 seu
1652 2597 1844 2637 victoriae,
1874 2609 1915 2630 ac
1938 2603 2044 2641 typus
2062 2601 2116 2629 est
2133 2593 2326 2633 Ecclesiae,

1320 2663 1412 2697 quae
1435 2657 1487 2684 est
1514 2651 1661 2690 victrix,
1691 2650 1774 2696 quia
1799 2649 1892 2682 filius
1909 2647 1976 2681 Dei
1995 2654 2116 2681 servat
2133 2659 2232 2686 eam,
2259 2655 2326 2678 nec

1319 2703 1404 2737 sinit
1421 2715 1499 2736 eam
1519 2715 1536 2735 a
1555 2703 1720 2748 tyrannis
1736 2701 1860 2735 deleri.
1896 2700 1969 2734 Alii
1986 2698 2324 2744 interpretationem

1319 2755 1568 2796 tradiderunt,
1604 2755 1723 2789 Mater
1746 2752 1907 2794 consilii,
1937 2754 2036 2799 quod
2061 2751 2168 2785 etiam
2192 2749 2238 2783 ad
2256 2746 2325 2782 Ec-
