2389 3037
83 103 154 137 781
727 102 1092 138 ADDITAMENTA
1118 103 1186 138 AD
1214 103 1357 138 VOLL.
1386 103 1511 138 l—x.
2068 107 2144 144 782

124 187 178 217 24.
200 188 231 215 in
253 187 315 236 Viti
337 187 488 217 Theodori
512 189 650 227 explicat.
675 188 831 226 Iohannis,
859 189 942 227 Lips.
967 187 1062 219 1550.
1097 189 1128 219 8.
1161 189 1199 218 ad
1222 190 1277 219 Iac.
1302 190 1543 218 Camenicenum.
1591 187 1697 228 [Corp.
1722 189 1788 218 VII.
1810 199 1841 228 p.
1866 188 1931 220 785
1954 190 2014 230 sq.]

123 230 179 261 25.
202 229 695 314 2ssr33ng‘tihpribicgmme1itiins
710 241 759 314 ep.
781 232 820 261 ad
843 233 984 269 Galatas,
1007 242 1030 260 s.
1056 233 1075 260 l.
1103 238 1133 260 et
1156 242 1182 261 a.
1206 232 1235 261 4.
1259 233 1297 261 ad
1320 233 1488 261 Lectorem.
1535 231 1642 271 [Corp.
1666 230 1689 260 1.
1714 243 1743 271 p.
1771 231 1834 263 120
1857 243 1921 272 sqq.
1945 240 1975 262 et
1998 235 2142 273 Epilogus

121 315 175 349 27.
199 272 230 345 i1(1
253 294 379 345 Lutlieri
398 285 571 347 commen&
584 318 622 346 ad
647 286 792 356 Gaila'tas,
815 319 876 347 Vit.
902 315 997 347 1523.
1028 317 1061 347 8.
1092 317 1129 345 ad
1152 318 1319 347 Lectorem.
1367 316 1472 357 [corp.
1498 316 1521 346 l.
1545 328 1574 355 p.
1598 316 1690 356 638]

346 379 662 408 Melancllthonis
693 379 967 408 Praefationes
1001 379 1080 406 suis
1114 384 1151 406 et
1180 378 1341 406 aliorum
1365 377 1637 406 Grammaticis
1668 377 1886 415 praefixae.

125 440 180 472 28.
202 442 232 470 in
257 439 320 469 Ioh.
343 441 483 468 Avenarii
505 441 652 469 Ebraeam
676 441 839 469 Grammat.
862 440 923 468 Vit.
950 438 1044 469 1557.
1075 438 1105 469 8.
1144 438 1182 466 ad
1204 438 1373 466 Lectorem.
1419 436 1526 476 [Corp.
1551 435 1601 465 IX.
1629 447 1658 474 p.
1683 435 1748 466 414
1771 437 1830 476 sq.]

125 482 179 514 29.
202 485 231 512 in
255 493 322 512 suas
346 484 472 512 Institut.
497 493 622 521 graecae
645 484 807 512 Grammat.
851 483 968 521 Hagen.
993 481 1089 512 1518.
1121 481 1150 511 4.
1182 481 1220 509 ad
1244 480 1389 509 Bernard.
1413 480 1561 508 Maurum.
1611 478 1716 519 [Corp.
1743 479 1764 509 I.
1790 491 1820 518 p.
1843 479 1885 509 24
1909 479 1991 520 sqq.]

127 525 182 557 30.
203 528 234 555 in
256 527 345 555 Mich.
370 527 505 555 Neandri
529 537 573 565 gr.
597 528 716 565 linguae
741 532 866 555 erotem.
912 526 1000 554 Basil.
1027 523 1121 555 1553.
1153 524 1181 554 8.
1213 523 1249 552 ad
1273 524 1368 552 Henr.
1394 528 1424 551 et
1439 523 1552 550 Albert.
1578 523 1661 551 Com.
1685 524 1713 550 iu
1737 524 1885 561 Stolberg.
1932 522 2038 562 [Corp.
2062 523 2142 553 VIII.

233 591 241 599 .
264 568 308 599 37
331 580 344 598 s
389 593 394 599 .

122 610 177 643 31.
199 580 230 641 [E
254 622 336 641 suam
347 568 491 642 qur]amm.
517 613 568 642 lat.
612 613 695 651 LiPS.
718 610 813 642 1554.
844 611 874 641 S.
905 612 942 640 ad
965 611 1123 640 Christian.
1147 608 1372 647 Egenolphum,
1395 608 1642 646 Typographum.
1689 609 1794 648 [Corp.
1820 607 1871 637 111.
1894 619 1923 647 p.
1948 607 2034 639 1118
2054 607 2137 648 sqq]

123 653 177 686 32.
200 657 232 684 in
255 665 337 684 suam
363 655 512 693 Syntaxin
535 672 576 676 —
599 656 733 684 Norimb.
758 653 852 685 1540.
881 654 913 685 8.
947 654 984 683 ad
1008 654 1118 683 lustum
1142 654 1241 681 Ionam
1264 653 1325 680 iun.
1370 652 1470 689 [Corp.
1494 651 1544 680 ΙΠ.
1568 662 1598 689 p.
1622 649 1688 680 530
1711 652 1789 690 sqq.]

122 697 178 729 33.
201 700 231 727 in
255 699 429 736 Hieronymi
450 699 591 737 Eclogam
615 699 653 727 de
676 699 746 727 locis
769 699 930 735 hebraicis,
953 698 1037 726 Witt.
1062 695 1157 727 1522.
1187 696 1218 724 4.
1251 695 1289 724 ad
1311 695 1422 724 Eberh.
1451 704 1467 722 a
1491 694 1587 722 Thau.
1633 693 1738 733 [Corp.
1762 695 1784 723 1.
1808 705 1837 732 p.
1863 692 1928 724 593
1950 693 2011 733 sq.]

212 759 261 788 Ex
283 760 336 795 iis,
370 768 446 798 quae
468 759 537 786 huic
559 757 652 787 Indici
675 759 833 797 adscripsi,
864 758 982 793 elucet,
1010 758 1154 796 plurimas
1176 757 1281 785 harum
1303 755 1525 783 Praefationum
1556 756 1585 782 in
1610 755 1664 782 hoc
1688 755 1821 793 Corpore
1846 755 1903 784 iam
1927 763 1992 783 esse
2015 763 2142 783 recusas.

80 803 274 841 Quapropter
296 802 412 830 nonnisi
434 802 640 830 annotationes
663 812 680 830 a
703 802 851 830 Strobelio
881 801 926 829 his
949 801 1112 838 adscriptas
1138 799 1314 839 [measque‚
1338 799 1450 826 uncinis
1474 796 1618 837 inclusas]
1651 798 1679 826 h.
1706 799 1724 826 l.
1750 797 1866 833 refero,
1895 798 2026 835 singulas
2048 798 2140 826 Prae-

79 846 208 875 sationes
230 851 346 874 tantum
368 845 516 882 numeris,
539 845 590 883 qui
613 846 641 872 in
666 845 717 872 illo
740 843 842 873 Indice
864 845 900 872 iis
924 844 1051 882 praefixi
1074 851 1158 879 sunt,
1181 843 1314 880 signans:

209 895 273 926 Ad
299 894 420 935 Praef'.
444 895 472 925 I.
518 895 656 936 [Integer
678 897 781 924 titulus
805 896 889 931 libri,
928 896 974 923 cui
1005 894 1079 923 haec
1102 894 1204 923 Praef.
1235 901 1279 922 est
1311 892 1462 930 praefixa,
1491 892 1537 920 hic
1565 898 1623 921 est:
1658 892 1724 931 Της
1745 891 1852 926 Θειας
1874 891 2032 930 Γραφης,
2066 899 2141 919 πα-

79 937 184 974 λαιας
212 937 344 979 δηλαδη
375 947 434 968 και
457 947 537 974 νεας
560 936 744 978 διαθηκης,
779 947 932 968 απαντα.
977 936 1129 966 Divinae
1152 935 1371 973 scriptoram,
1414 933 1547 965 Veteris
1571 944 1612 964 ac
1635 933 1728 964 Novi
1753 934 1980 971 Testamenti,
2017 934 2142 968 omnia,

79 984 269 1013 innumeris
291 982 375 1012 locis
398 991 488 1012 mmo
517 981 664 1017 demum,
702 986 735 1011 et
758 982 963 1021 optimorum
992 977 1157 1009 librorum
1187 979 1382 1013 collatione,
1420 982 1453 1006 et
1482 977 1657 1007 doctorum
1688 979 1843 1007 uirorum
1873 986 1996 1016 opera,
2034 975 2140 1005 multo

79 1035 183 1066 quam
203 1035 353 1066 unquam
375 1030 477 1054 antea
500 1024 749 1063 emendatiora,
772 1026 808 1053 in
831 1025 934 1054 lucem
957 1023 1060 1053 edita.
1091 1023 1224 1063 (Insigne
1249 1022 1328 1061 typ.)
1370 1019 1447 1050 Cum
1473 1020 1562 1051 caes.
1586 1020 1723 1051 Muz'est.
1747 1023 1866 1061 gratia
1897 1025 1929 1050 et
1949 1019 2138 1059 priuilegio

79 1069 128 1099 ad
148 1071 421 1109 quinquennium.
467 1068 647 1106 Basileae,
675 1078 738 1107 per
770 1065 866 1097 loan.
887 1065 1128 1106 Heruagium,
1160 1063 1359 1096 MDXLV.
1384 1063 1499 1093 Mense
1522 1063 1664 1094 Martio.
1691 1082 1730 1087 —
1769 1064 1818 1104 (In
1843 1064 1936 1103 finez)
1973 1062 2141 1097 Basileae,

77 1122 143 1153 per
164 1112 263 1143 Ioan.
287 1111 522 1150 Heruagium,
547 1109 739 1141 MDXLV.
765 1110 881 1140 Mense
904 1110 1046 1140 Martio.
1077 1110 1140 1138 Fol.
1168 1126 1206 1130 —
1252 1109 1284 1136 In
1310 1118 1376 1137 mea
1398 1107 1609 1147 Bibliotheca]

212 1175 295 1203 Haec
315 1173 479 1202 Bibliorum
501 1173 592 1201 editio
617 1183 737 1211 prorsus
761 1173 897 1211 congruit
920 1182 986 1200 cum
1007 1172 1123 1200 Aldina.
1170 1170 1254 1199 Conf.
1278 1170 1307 1198 S
1332 1170 1370 1197 R.
1394 1168 1517 1196 Moschii
1542 1167 1744 1197 Bibliothecae
1763 1168 1871 1196 Sacrae
1895 1168 1927 1196 P.
1952 1169 1989 1196 II.
2014 1168 2079 1196 Vol.
2105 1167 2143 1196 ll.

78 1227 111 1256 p.
132 1215 199 1247 269
223 1227 266 1256 sq.
290 1216 438 1245 Praefatio
461 1215 701 1245 Melanchthonis
725 1222 808 1244 extat
839 1224 956 1253 quoque
986 1216 1017 1243 in
1041 1215 1094 1242 hoc
1117 1214 1346 1243 schediasmate:
1380 1212 1602 1239 Commendatio
1628 1218 1658 1240 et
1682 1212 1817 1240 defensio
1840 1211 1921 1239 LXX
1944 1211 2144 1248 interpretum

78 1261 223 1290 versionis
252 1269 269 1288 a
298 1257 339 1288 Io.
363 1257 541 1296 Pearsonio,
571 1259 616 1287 cui
645 1259 799 1287 subiuncta
833 1265 876 1286 est
907 1258 1090 1286 Melanchth.
1122 1256 1247 1295 epistola
1277 1255 1410 1284 eiusdem
1441 1254 1508 1282 fere
1536 1255 1721 1292 argumenti,
1750 1255 1875 1282 Helmst.
1902 1252 1997 1283 1694.
2034 1253 2063 1282 4.
2108 1254 2142 1281 In

78 1303 219 1332 Chronici
241 1302 374 1331 Carionis
405 1303 479 1331 libro
504 1300 541 1330 [Ι.
575 1312 606 1340 p.
630 1300 703 1331 132.
738 1301 826 1341 (edit.
850 1301 947 1330 Viteb.
981 1299 1076 1330 1558.
1107 1300 1154 1337 8.)
1191 1298 1331 1327 eiusmodi
1361 1297 1420 1325 sert
1449 1297 1588 1325 iudicium
1613 1297 1825 1326 Melanchthon
1850 1298 1888 1325 de
1911 1297 1965 1324 hac
1988 1297 2140 1324 versione:

78 1347 142 1376 Etsi
163 1346 248 1374 multi
271 1345 422 1383 disputant
445 1346 483 1374 de
507 1354 612 1382 graeca
634 1346 897 1382 interpretatione,
921 1353 998 1381 quae
1020 1343 1109 1372 hodie
1132 1348 1230 1378 extat,
1252 1343 1302 1379 qui
1317 1341 1427 1369 suerint
1450 1347 1578 1377 autores,
1602 1346 1632 1369 et
1648 1341 1742 1379 qualis
1758 1341 1811 1375 sit,
1836 1348 1934 1369 tamen
1951 1349 2016 1367 cum
2030 1339 2140 1367 Paulus

79 1390 170 1419 verba
192 1389 263 1417 inde
287 1389 375 1426 citet,
405 1395 531 1427 apparet
555 1397 617 1415 eam
642 1388 731 1416 etiam
755 1394 825 1416 ante
849 1387 1055 1424 Apostolorum
1080 1394 1213 1424 tempora
1245 1385 1380 1412 usitatam
1404 1383 1506 1412 fuisse.
1559 1384 1596 1412 Et
1621 1393 1726 1422 corpus
1750 1384 1954 1412 narrationum
1977 1391 2035 1410 non
2058 1382 2138 1410 male

78 1432 230 1462 redditum
253 1436 318 1466 est,
342 1432 457 1460 etiamsi
479 1431 584 1459 alicubi
607 1437 767 1459 occurrunt
789 1431 889 1468 aliqua
912 1437 1020 1458 errata.
1065 1430 1152 1457 Esset
1175 1435 1205 1456 et
1230 1428 1320 1465 tnagis
1344 1427 1496 1464 perspicua
1522 1427 1625 1463 lectio,
1650 1428 1672 1454 si
1695 1427 1866 1465 diligentius
1890 1426 2027 1454 distincta
2051 1431 2139 1454 esset.

79 1476 199 1506 Summa
221 1481 321 1503 tamen
346 1475 445 1512 operis
468 1480 514 1502 est
537 1473 609 1502 utile
633 1474 831 1501 testimonium
855 1473 894 1501 de
918 1473 1130 1510 significatione
1155 1472 1255 1499 ebraei
1279 1471 1433 1498 sermonis.

209 1531 271 1563 Ad
292 1530 416 1572 Praef.
442 1531 493 1563 ΙΙ.
538 1533 583 1561 En
607 1533 764 1572 Specimen
797 1533 883 1561 huius
907 1533 1050 1561 versionis
1074 1530 1312 1560 Melanchthonis
1336 1531 1460 1558 collatae
1484 1539 1548 1557 cum
1575 1530 1694 1567 vulgata
1717 1538 1755 1558 ex
1780 1539 1845 1568 cap.
1870 1529 1933 1557 XII.
1959 1527 2067 1558 1—-6,

167 1594 197 1624 1.
221 1595 281 1628 Qui
303 1594 399 1631 diligit
422 1595 660 1632 castigationem,
684 1594 858 1632 prudentior
882 1594 955 1628 erit;
979 1599 1008 1620 at
1030 1594 1080 1631 qui
1104 1591 1164 1619 odit
1188 1590 1387 1628 disciplinam,
1411 1590 1518 1617 stultus
1543 1594 1597 1618 est.
1662 1588 1692 1617 2.
1717 1589 1816 1617 Bonus
1840 1589 1937 1617 haurit
1954 1589 2136 1626 voluptatem

168 1647 185 1666 a
207 1638 288 1674 Deo,
317 1637 369 1665 sed
398 1638 443 1664 vir
472 1637 615 1665 scelestus
646 1637 842 1664 damnabitur.
916 1634 947 1665 3.
977 1636 1117 1673 Impietas
1151 1634 1225 1662 nulli
1262 1634 1400 1670 prodest,
1441 1638 1470 1660 at
1506 1633 1649 1660 iustorum
1684 1633 1769 1660 radix
1803 1642 1862 1660 non
1900 1631 2138 1660 commovebitur.

167 1681 197 1710 4.
220 1680 332 1708 Mulier
360 1680 466 1708 sedula
495 1688 602 1707 corona
631 1686 675 1707 est
699 1680 768 1715 viri,
801 1685 831 1706 et
859 1678 1001 1706 illaudata
1032 1678 1139 1706 mulier
1169 1677 1306 1704 tabefacit
1331 1685 1406 1704 ossa.
1474 1675 1504 1704 5.
1539 1675 1740 1712 Cogitationes
1763 1675 1907 1703 iustorum
1930 1674 2037 1703 iudicia
2060 1679 2136 1710 sunt,

166 1724 311 1752 industria
333 1723 489 1761 impiorum
512 1722 593 1750 fraus
617 1730 671 1750 est.
739 1721 769 1750 6.
795 1722 891 1749 Verba
914 1722 1069 1759 impiorum
1092 1719 1270 1747 insidiantur
1293 1719 1444 1755 sanguini,
1468 1724 1497 1744 at
1521 1728 1552 1745 os
1577 1719 1721 1746 iustorum
1750 1718 1867 1746 liberat.

959 1786 1080 1818 Versio
1111 1787 1268 1825 vulgata.

171 1838 200 1872 1.
231 1843 289 1875 Qui
314 1842 407 1879 diligit
438 1841 641 1879 disciplinam,
673 1841 768 1878 diligit
792 1841 962 1877 scientiam,
987 1841 1036 1878 qui
1060 1846 1158 1867 autem
1183 1841 1243 1868 odit
1267 1841 1516 1877 increpationem,
1541 1840 1681 1877 insipieus
1705 1846 1758 1867 est.
1825 1837 1855 1867 2.
1887 1839 1945 1871 Qui
1970 1839 2060 1865 bonus
2083 1844 2139 1874 est,

168 1886 285 1914 hauriet
307 1885 361 1913 sibi
384 1885 507 1922 gratiam
531 1893 547 1912 a
562 1884 701 1920 Domino,
725 1885 776 1921 qui
801 1890 898 1911 autem
921 1883 1040 1911 confidit
1063 1884 1091 1910 in
1116 1883 1336 1920 cogitationibus
1360 1884 1435 1918 suis,
1458 1883 1548 1920 impie
1571 1883 1640 1920 agit.
1699 1880 1730 1911 3.
1754 1882 1821 1909 Non
1846 1881 2029 1910 roborabitur
2053 1880 2140 1907 homo

168 1938 207 1957 ex
229 1929 400 1966 impietate,
435 1934 465 1956 et
496 1927 579 1954 radix
611 1927 748 1954 iustorum
781 1937 838 1954 non
870 1926 1108 1955 commovebitur.
1176 1926 1206 1954 4.
1236 1926 1345 1953 Mulier
1369 1926 1495 1963 diligens
1520 1935 1624 1953 corona
1649 1932 1693 1953 est
1716 1926 1777 1952 viro
1802 1935 1868 1960 sut),
1906 1929 1935 1951 et
1960 1923 2086 1961 putredo
2110 1924 2139 1950 in

169 1972 280 2000 ossibus
303 1971 383 2007 eius,
406 1979 482 2008 quae
506 1969 677 1998 confusione
703 1979 749 1997 res
773 1970 875 2007 dignas
899 1970 986 2006 gerit.
1054 1968 1084 1997 5.
1110 1969 1307 2007 Cogitationes
1332 1970 1385 1996 iust
1400 1978 1471 1996 ›rum
1496 1968 1615 2004 iudicia,
1639 1974 1669 1996 et
1693 1968 1812 1995 consilia
1836 1967 1988 2004 impiorum
2013 1966 2138 1994 fraudu-

170 2015 263 2043 lenta.
327 2012 358 2042 6.
380 2013 480 2041 Verba
502 2013 656 2051 impiorum
680 2012 858 2040 insidiantur
882 2012 1034 2050 sanguini,
1058 2022 1089 2040 os
1107 2012 1247 2040 iustorum
1273 2012 1404 2039 liberabit
1430 2020 1490 2040 eos.

213 2074 276 2104 Ad
297 2073 420 2113 Praef.
445 2072 517 2104 III.
547 2073 593 2102 acl
614 2074 727 2112 prima
754 2070 867 2101 verba:
896 2073 1029 2109 „Editus
1061 2079 1106 2101 est
1136 2079 1206 2100 ante
1229 2082 1320 2099 anuos
1345 2072 1455 2109 aliquot
1486 2072 1743 2100 commentariolus
1767 2070 1884 2108 quidam
1915 2069 1943 2097 in
1967 2069 2137 2098 Sententias

81 2118 296 2149 Salomonis.”:
324 2118 385 2146 Sub
409 2118 509 2145 titulo:
532 2118 744 2155 Παροιμιαι,
770 2118 831 2145 siue
855 2116 1014 2144 Prouerbia
1038 2116 1202 2144 Solomonis
1225 2115 1278 2142 filii
1301 2115 1436 2151 Dauidis,
1459 2125 1523 2142 cum
1549 2115 1782 2143 adnotationibus
1798 2113 1873 2142 Phil.
1891 2111 2138 2140 Melanchthonis.

82 2163 241 2202 Haganoae
270 2170 324 2199 per
349 2159 388 2188 lo.
413 2160 584 2195 Secerium,
608 2159 701 2190 1525.
730 2160 760 2190 8.
791 2161 859 2188 item
884 2159 1022 2187 Not-emb.
1047 2159 1125 2196 apud
1149 2160 1190 2186 Io.
1214 2158 1383 2196 Petreium,
1406 2157 1500 2187 1525.
1533 2157 1562 2186 8.

213 2220 383 2258 Specimina
407 2220 548 2257 quaedam
573 2221 791 2248 annotationum
817 2219 1065 2247 Melanchtlionis.

170 2281 204 2309 C.
227 2280 291 2307 Xll.
316 2278 346 2308 4.
376 2279 486 2307 Mulier
515 2279 616 2306 sedula
640 2289 746 2307 corona
769 2286 813 2307 est
837 2279 906 2315 viri,
939 2278 1092 2306 inhonesta
1124 2278 1229 2306 mulier
1254 2279 1391 2306 tabefacit
1415 2288 1489 2306 ossa.
1535 2275 1595 2309 &in
1629 2273 1732 2315 ficissig
1759 2273 1846 2307 Qssefb
1878 2273 1912 2310 ist
1945 2272 2006 2304 elne
2029 2273 2133 2306 strnue

169 2321 248 2361 ihtes
273 2320 431 2360 ἐῢέαηηεέ,
457 2320 528 2352 aber
551 2319 613 2352 eine
637 2319 801 2362 nnfleisiige
825 2319 860 2359 ist
885 2320 930 2351 ein
956 2318 1040 2353 &iter
1065 2319 1095 2351 in
1120 2318 1226 2362 (ciuem
1251 2319 1393 2354 &ebeinc
1440 2322 1500 2349 Nos
1524 2321 1654 2348 sedulam
1686 2320 1844 2355 vertimus,
1876 2317 1953 2356 quod
1977 2318 2006 2344 in
2031 2318 2130 2345 ultimo

168 2366 265 2404 capite
289 2372 373 2394 vetus
396 2367 547 2403 interpres
566 2365 639 2393 fecit
662 2366 767 2393 fortem
792 2365 957 2393 mulierem.
1005 2365 1132 2393 Hebraei
1158 2365 1195 2391 ita
1221 2365 1340 2402 legunt:
1364 2365 1470 2392 mulier
1501 2364 1626 2391 virtutis.
1673 2362 1823 2400 Significat
1854 2362 1944 2397 igitur
1976 2361 2129 2388 mulierem

167 2409 323 2438 honestam
347 2415 377 2437 et
403 2409 553 2443 sedulam,
577 2408 704 2436 officium
728 2418 811 2436 suum
835 2408 937 2436 sedulo
961 2408 1129 2436 facientem.

257 2452 290 2480 In
314 2453 478 2489 posteriore
509 2452 654 2479 versiculo
687 2452 826 2479 vertimus
854 2452 959 2479 mulier
989 2451 1159 2486 inhonesta,
1190 2451 1219 2478 id
1244 2460 1299 2477 non
1327 2457 1369 2477 ‹⁴st
1400 2450 1438 2477 de
1462 2449 1572 2484 forma,
1612 2458 1666 2476 nec
1690 2448 1727 2476 de
1751 2447 1892 2485 pudicitia
1921 2452 2035 2475 tautum
2059 2447 2134 2473 acci-

169 2495 322 2533 piendum.
368 2495 574 2532 Requiruntur
602 2495 679 2522 enim
710 2496 736 2521 in
769 2494 987 2522 matrefamilias
1013 2494 1176 2531 pleraeque
1199 2494 1275 2521 aliae
1301 2494 1423 2521 virtutes
1446 2493 1544 2520 etiam.
1593 2492 1737 2519 Hebraeis
1762 2500 1867 2518 nomeu
1893 2489 1966 2517 illud
1991 2489 2133 2527 siguificat

167 2538 233 2566 fere
256 2538 286 2565 id
309 2539 387 2575 quod
413 2544 456 2566 est
480 2539 508 2565 in
534 2545 630 2565 nostro
654 2547 789 2565 sermone
812 2535 980 2575 scbd'nbiid).

256 2591 298 2609 vs.
321 2580 351 2610 5.
386 2581 584 2619 Cogitationes
608 2582 747 2608 iustorum
772 2580 876 2608 iudicia
899 2587 978 2608 suut.
1024 2577 1085 2611 Die
1103 2576 1267 2611 (schanan
1292 2579 1341 2609 bet
1363 2577 1525 2614 &eredunt
1549 2576 1612 2615 sino
1638 2574 1751 2612 reond).
1799 2577 1906 2613 Figura
1921 2580 1965 2602 est
1988 2573 2135 2601 hebraica.

168 2620 279 2651 Iudicia
302 2631 386 2661 suut,
409 2625 427 2651 i.
452 2634 477 2652 e.
504 2625 595 2651 iustae
619 2630 694 2651 sunt.
742 2623 842 2651 ludicii
867 2625 944 2651 enim
968 2624 1057 2651 verbo
1082 2631 1173 2660 saepe
1197 2632 1249 2659 pro
1273 2623 1336 2649 iure
1362 2628 1493 2649 utuntur.

211 2682 273 2712 Ad
295 2681 421 2722 Praef.
445 2681 506 2713 IV.
530 2683 577 2711 ad
601 2680 719 2711 rerba:
749 2694 793 2720 „a
817 2684 877 2712 viro
902 2683 1068 2712 reverendo
1092 2683 1211 2710 Andrea
1234 2680 1405 2710 Osinndro''
1428 2688 1485 2710 etc.
1533 2681 1635 2718 [Corp.
1660 2681 1724 2708 VII.
1756 2690 1785 2718 p.
1810 2677 1884 2708 705.
1911 2678 1960 2705 lin.
1983 2676 2005 2705 9
2028 2686 2093 2713 sqq.
2120 2685 2136 2702 a

82 2725 177 2767 fine]:
198 2727 290 2754 Huius
314 2727 402 2765 elogii
426 2726 571 2755 Osiander
595 2734 697 2765 postea
721 2736 849 2761 memor,
881 2737 945 2756 cum
970 2727 1126 2755 Forsterus
1158 2726 1184 2752 ei
1208 2726 1350 2753 inscitiam
1374 2726 1492 2763 linguae
1518 2725 1671 2753 hebraicae
1702 2725 1731 2750 in
1761 2722 1877 2760 publico
1907 2720 2016 2757 scripto
2039 2717 2131 2758 (uno
