2389 3037
85 108 159 144 449
609 103 633 140 l.

83 194 224 230 clesiam
245 194 413 239 quadrat,
442 203 536 238 quae
555 197 606 224 est
625 197 741 224 mater
757 191 910 231 consilii,
939 203 1017 224 cum
1040 196 1091 223 est

82 253 199 281 custos
217 253 251 279 et
268 244 502 290 propagatrix
518 243 705 277 doctrinae
725 255 742 276 a
760 243 837 276 Deo
856 243 1022 276 traditae.

187 298 419 337 CANANAEA‚
447 296 605 340 regionis
628 308 763 329 nomen
788 302 858 335 est,
889 308 906 328 a
929 294 1090 333 Canaan,

81 351 154 386 filio
182 348 310 385 Cliam.
371 349 552 393 Significat
581 355 700 381 autem
732 348 881 382 Canaan
914 352 1089 380 mercato-

80 416 170 437 rem.
225 403 276 436 Ac
301 401 493 446 posteritas
519 400 666 434 Canaan
698 401 734 433 in
763 401 883 433 littore
910 404 1088 432 mercatu-

81 468 159 488 ram
177 454 346 488 exercuit.
382 453 474 487 Nam
494 452 620 493 Sidon,
636 453 728 486 filius
747 452 908 489 Canaan,
926 450 1088 483 condidit

79 508 207 540 urbem
229 507 414 540 Sidonem.
468 505 520 538 Ac
542 508 578 538 in
601 505 715 549 capite
734 505 790 538 10.
807 503 956 537 Genesis
972 502 1089 536 Cana-

79 571 170 592 naea
196 558 296 603 regio
321 558 370 592 sic
396 557 629 597 describitur,
663 563 702 590 ut
730 556 991 600 complectatur
1008 554 1088 587 uni-

81 623 223 645 versum
246 610 423 656 spatium,
460 610 557 656 quod
583 615 705 653 postea
730 614 923 641 tenuerunt
949 605 1088 641 Israeli-

80 669 159 704 tae,
192 663 277 696 inde
300 675 413 708 usque
440 674 458 694 a
484 661 638 695 Iordane
666 661 710 693 ad
738 672 856 699 mare,
894 665 928 692 et
954 661 996 691 ad
1020 659 1088 691 Ae—

81 721 245 761 gyptum.
300 713 351 747 Ibi
378 715 539 747 nondum
568 712 823 746 discernuntur
848 709 1041 745 Philistiim
1069 723 1086 743 a

82 767 246 801 Canaan.
309 766 400 800 Nam
430 772 463 798 et
494 765 671 798 vetustior
697 771 748 797 est
774 763 942 804 Canaan,
979 775 1087 809 quam

79 817 295 857 Philistiim,
331 817 391 863 qui
419 817 489 851 orti
522 823 605 851 sunt
629 829 704 849 non
732 829 750 849 a
777 816 946 855 Canaan,
982 817 1043 849 sed
1069 827 1087 847 a

79 870 261 904 Mizraim.
321 869 450 903 Postea
480 882 559 902 cum
590 869 759 902 crevisset
785 867 946 913 potentia
975 866 1090 911 gentis

79 920 296 962 Philistiim,
338 919 375 954 hi
418 921 697 965 appellationem
736 920 875 964 regioni
913 920 1089 952 dederunt

81 974 275 1020 praecipue
308 973 345 1006 in
371 974 512 1014 littore,
550 973 639 1005 infra
668 973 807 1017 Tyrum
836 984 958 1005 versus
984 970 1090 1004 meri-

81 1027 191 1060 diem.
251 1025 300 1059 Et
326 1025 565 1058 nominantur
593 1025 753 1071 quinqiu=
780 1024 960 1068 principes
985 1023 1091 1056 urbes

81 1076 291 1118 Philistiim,
314 1078 351 1110 in
369 1077 463 1111 libro
481 1075 609 1111 Iosuae
629 1078 745 1122 capite
760 1077 831 1116 13„
854 1078 1002 1115 Azotos,
1024 1075 1091 1108 Ac-

84 1142 216 1171 caron,
242 1129 419 1168 Ascalon,
447 1127 561 1169 Geth,
596 1130 707 1163 Gaza.
770 1128 860 1162 Cum
890 1128 999 1171 igitur
1025 1127 1091 1161 Ca-

83 1182 234 1222 nanaei,
264 1182 347 1228 quia
365 1182 441 1215 loca
459 1181 609 1226 propria
629 1179 776 1214 lordani
799 1181 990 1220 tenebant,
1018 1180 1092 1213 fere

82 1235 246 1268 funditus
269 1234 377 1267 deleti
403 1233 492 1274 sint,
521 1245 657 1266 nomen
680 1245 824 1279 quoque
843 1232 1019 1277 paulatim
1040 1231 1093 1264 in·

84 1286 194 1320 teriit.
240 1285 319 1319 Etsi
338 1291 456 1319 autem
476 1291 510 1318 et
526 1283 720 1319 Philistiim
734 1312 742 1325 ‚
771 1285 832 1330 qui
850 1284 992 1329 longius
1010 1296 1093 1329 pro-

85 1338 249 1372 tulerunt
275 1338 363 1372 fines
388 1337 425 1370 in
449 1349 527 1370 eam
544 1337 750 1380 regionem,
780 1349 871 1382 quae
888 1343 1011 1381 postea
1027 1336 1095 1369 fuit

85 1389 259 1423 attributa
276 1389 442 1422 tribubus
461 1388 560 1433 Iuda,
584 1388 791 1429 Beniamin,
821 1388 989 1428 Simeon,
1016 1388 1094 1421 Ma-

84 1453 210 1482 nasse,
243 1439 425 1481 Isaschar,
462 1441 553 1485 pulsi
587 1447 671 1474 sunt
702 1447 735 1473 et
761 1452 892 1485 magna
925 1453 967 1474 ex
992 1447 1094 1485 parte

85 1494 215 1535 deleti,
252 1499 375 1526 tamen
399 1493 436 1526 in
462 1493 602 1532 littore,
641 1499 681 1526 ut
706 1493 799 1532 dixi,
836 1493 927 1526 infra
954 1492 1093 1538 Tyrum

85 1547 193 1580 urbes
223 1545 382 1579 munitas
413 1551 448 1578 et
478 1557 626 1589 magnas
654 1545 901 1585 retinuerunt,
943 1557 983 1577 ac
1008 1545 1096 1578 alias

87 1597 222 1642 magis,
251 1597 338 1631 alias
357 1597 477 1630 minus
493 1597 562 1630 late
582 1597 759 1630 dominati
775 1603 869 1631 sunt.
911 1596 1096 1641 Tempore

86 1647 271 1683 Abraham
304 1650 405 1683 sedes
436 1649 528 1693 regis
551 1647 760 1681 Abimelech
785 1649 852 1682 suit
876 1649 912 1681 in
938 1649 1098 1688 Geraris,

88 1702 150 1748 qui
167 1702 205 1734 in
224 1701 339 1745 capite
358 1701 418 1734 26.
435 1701 584 1734 Genesis
601 1701 814 1733 nominatur
832 1700 908 1733 Rex
926 1700 1098 1734 Palaesti-

88 1766 235 1787 norum.
287 1752 371 1786 Fuit
394 1760 513 1786 autem
537 1754 622 1786 urbs
637 1752 774 1785 Gerara
796 1752 860 1785 sita
884 1753 918 1784 in
939 1753 1098 1796 regione,

90 1818 200 1852 quam
228 1811 351 1850 postea
377 1805 568 1849 occupavit
591 1805 706 1838 tribus
732 1804 818 1838 luda
835 1831 842 1843 ‚
872 1817 946 1837 non
972 1805 1099 1849 procul

90 1859 135 1892 ab
151 1857 313 1891 Hebron.
367 1856 413 1890 Et
438 1857 584 1903 quidem
609 1857 674 1891 sita
696 1857 763 1890 fuit
783 1856 877 1889 inter
895 1857 1044 1890 Hebron
1066 1862 1100 1890 et

91 1910 240 1945 Gazam.

195 1961 388 1996 Sciendum
416 1968 467 1995 est
492 1961 620 2006 igitur,
646 1960 861 1994 Cananaeae
888 1961 1100 2006 appellatio-

92 2028 175 2049 nem
203 2014 445 2060 antiquiorem
472 2026 566 2053 esse,
595 2019 629 2046 et
655 2014 774 2058 plures
800 2019 923 2057 gentes
943 2013 1101 2058 comple-

92 2080 174 2102 xam
197 2067 305 2100 fuisse
329 2079 438 2112 quam
465 2065 659 2111 appellatio
685 2063 900 2105 Pliilistiim,
935 2065 996 2111 qui
1026 2077 1099 2098 non

92 2125 290 2153 tenuerunt
321 2118 530 2151 universum
559 2118 738 2162 spatium,
776 2119 873 2164 quod
901 2124 1023 2162 postea
1052 2116 1100 2152 Is-

95 2171 242 2205 raelitae
271 2176 505 2214 occuparunt.
568 2169 635 2203 Sed
662 2177 783 2203 tamen
809 2170 892 2216 quia
919 2170 955 2203 in
978 2170 1101 2203 littore

94 2236 181 2268 gens
200 2220 394 2256 Philistiim
415 2234 563 2266 magnas
579 2223 685 2256 urbes
700 2220 847 2262 habuit,
874 2222 1101 2256 Palaestinae

95 2287 231 2309 nomen
248 2274 397 2308 Graecis
420 2280 547 2307 notum
573 2274 640 2307 fuit
664 2281 814 2319 propter
838 2275 1102 2319 navigationes,

95 2328 187 2362 sicut
221 2326 428 2360 Herodotus
465 2327 502 2359 in
538 2326 729 2371 Polymnia
771 2325 822 2375 [c.
848 2324 930 2374 89.]
971 2327 1102 2373 inquit,

96 2378 299 2414 Phoenicas
325 2385 359 2411 et
378 2378 487 2424 Syros
512 2385 673 2412 tenentes
691 2378 934 2413 Palaestinam
962 2386 1104 2413 trecen-

97 2439 151 2466 tas
173 2444 281 2465 naves
298 2431 405 2464 Xerxi
432 2431 588 2469 misisse,
618 2444 657 2463 ac
675 2437 797 2475 postea
828 2430 885 2479 [in
907 2433 987 2466 eod.
1004 2430 1102 2479 cap.]

99 2484 200 2517 addit
215 2484 341 2517 nomin
347 2483 399 2516 ari
417 2483 659 2517 Palaestinam
678 2483 863 2527 regionem
881 2485 925 2517 ab
944 2491 1102 2517 extrema

100 2547 162 2569 ora
182 2536 336 2581 Aegypti
361 2548 474 2582 usque
499 2537 541 2568 ad
563 2533 784 2576 Phoenicas,
815 2538 878 2582 τῆς
899 2533 940 2571 δὲ
960 2534 1106 2582 Συριης

99 2589 213 2622 τοῦτο
243 2586 286 2622 τὸ
314 2600 458 2634 χωριον
489 2586 552 2622 καὶ
582 2585 625 2622 τὸ
652 2586 762 2634 μέχρι
787 2587 986 2636 Αἰγύπτου
1015 2591 1106 2633 πᾶν,

101 2637 338 2684 Παλαιστίνη
354 2639 531 2675 καλέεται.

205 2689 331 2737 Itaque
350 2698 383 2724 et
400 2699 522 2736 postea
542 2692 685 2731 Graeci,
714 2699 753 2725 ut
772 2692 1013 2732 Ptolemaeus,
1041 2704 1107 2726 no-

102 2743 200 2777 mine
220 2743 447 2777 Palaestinae
467 2744 643 2790 complexi
661 2751 744 2778 sunt
762 2743 932 2777 Iudaeam
945 2772 954 2784 ,
982 2744 1107 2778 Sama-

154 2801 337 2832 mama.
363 2802 467 2834 Opim.
514 2804 598 2834 V01..
623 2803 696 2833 XX.

690 101 983 138 EXPLICATIO
1012 101 1257 137 LOCORUM
1285 99 1634 136 PALAESTINAE.

2079 92 2154 130 450

1145 189 1259 230 riam,
1288 189 1511 228 Galilaeam,
1540 201 1619 221 cum
1647 194 1768 220 tamen
1787 183 1980 220 Philistiim
2009 195 2082 215 non
2103 188 2152 215 te-

1145 241 1291 274 nuerint
1316 241 1527 274 universum
1555 240 1642 273 illud
1661 240 1831 284 spatium.
1887 237 1953 271 Sed
1975 247 2080 279 saepe
2098 246 2151 267 re-

1143 293 1312 336 gionibus
1330 292 1479 325 nomina
1500 292 1710 325 tribuuntur
1728 304 1744 323 a
1766 297 1869 335 parte
1887 289 2007 335 aliqua
2023 315 2032 327 ,
2061 298 2152 332 quae

1144 344 1271 377 vicinis
1309 344 1490 376 antecellit
1522 343 1697 387 potentia.
1761 342 2008 376 Grammatica
2043 339 2152 372 inter-

1144 388 1299 440 pretatio
1322 396 1482 429 nominis
1503 393 1698 428 Pliilistiim
1728 395 1860 428 dicitur
1885 406 1958 427 esse
1985 403 2153 436 consper-

1143 461 1258 485 sores,
1286 460 1348 482 seu
1365 447 1658 492 conspersiones,
1687 453 1725 479 ut
1747 459 1826 479 cum
1847 447 1995 491 pulvere
2016 443 2151 489 aliquid

1144 500 1416 545 conspergitur,
1459 512 1520 533 seu
1556 498 1829 538 concussiones,
1871 496 2032 530 fortassis
2069 495 2151 540 quia

1143 550 1232 585 haec
1263 565 1349 597 gens
1383 552 1418 584 in
1452 551 1573 584 littore
1608 550 1804 589 habitavit,
1839 550 1898 583 ubi
1929 548 2043 582 crebri
2072 553 2153 580 sunt

1144 611 1260 638 terrae
1293 610 1433 644 motus,
1467 610 1502 637 et
1531 609 1604 636 tota
1636 603 1769 648 oppida
1797 603 1915 636 arenis
1942 614 1981 634 ac
2007 600 2153 645 pulvere

1145 657 1372 696 obruuntur,
1408 656 1496 690 sicut
1517 655 1672 689 Ascalon
1701 662 1731 688 et
1756 655 1889 688 Azotus
1919 654 1963 686 ab
1991 652 2064 695 igni
2090 664 2153 684 no-

1145 709 1240 742 mina
1267 707 1413 742 liabent.

1248 776 1488 817 IERUSALERI,
1517 775 1617 809 Visio
1638 776 1747 820 pacis,
1776 776 1959 820 complexa
1979 776 2046 808 suit
2064 777 2154 810 duos

1145 836 1306 870 montes,
1341 841 1498 875 quorum
1536 828 1682 862 alterius
1718 840 1852 861 nomen
1877 828 1942 860 fuit
1970 828 2081 865 Zion,
2118 828 2153 861 in

1146 895 1217 928 quo
1244 881 1390 915 condita
1416 881 1483 914 suit
1514 893 1578 914 arx
1602 879 1764 914 Davidis.
1826 880 2008 924 Significat
2034 886 2153 913 autem

1146 934 1238 967 Zion
1263 934 1458 979 speculam.
1501 932 1659 966 Alterius
1678 932 1811 966 montis
1833 944 1967 965 nomen
1987 939 2037 966 est
2056 931 2156 965 Mor-

1144 985 1201 1025 Ia,
1239 986 1275 1019 in
1305 998 1377 1032 quo
1405 985 1579 1030 templum
1610 998 1627 1017 a
1657 984 1854 1018 Salomone
1880 984 2065 1017 conditum
2094 990 2156 1018 est.

1144 1038 1237 1072 Nun
1271 1045 1305 1071 et
1336 1050 1471 1071 nomen
1497 1038 1633 1070 indicat
1662 1037 1788 1070 Patres
1814 1043 1929 1074 antea!
1947 1037 1982 1069 in
2010 1049 2052 1069 eo
2076 1037 2155 1070 loco

1147 1090 1377 1125 sacrificasse.
1431 1089 1477 1122 Et
1504 1089 1541 1122 in
1569 1087 1664 1123 hunc
1690 1089 1807 1134 ipsum
1826 1095 1987 1122 montem
2008 1089 2155 1122 adduxit

1147 1140 1333 1175 Abrabam
1354 1142 1466 1175 filium
1491 1154 1594 1175 suum
1614 1140 1731 1181 Isaac,
1758 1148 1797 1175 ut
1816 1141 1865 1174 ibi
1883 1141 2156 1175 sacrificaretur.

1148 1194 1345 1228 Habitabat
1363 1201 1482 1228 autem
1503 1191 1689 1226 Abraham
1711 1200 1795 1227 tunc
1813 1193 1850 1226 in
1867 1194 1955 1226 urbe
1972 1194 2068 1238 regia
2089 1192 2157 1226 Ge-

1148 1247 1259 1286 raris,
1296 1259 1388 1293 quae
1415 1247 1571 1280 distabat
1596 1246 1737 1280 duobus
1756 1245 1983 1280 Germanicis
2010 1244 2158 1278 miliari-

1148 1300 1214 1332 bus
1233 1305 1294 1331 aut
1312 1298 1453 1332 circiter
1471 1299 1515 1331 ab
1532 1298 1700 1338 Hebron,
1730 1298 1880 1331 Hebron
1897 1310 1982 1331 vero
2001 1297 2159 1332 distabat

1150 1351 1311 1397 quinque
1329 1351 1531 1384 miliaribus
1551 1350 1777 1384 Germanicis
1794 1362 1811 1383 a
1832 1349 2067 1395 Ierosolyma.

1253 1418 1438 1454 Abrabam
1458 1420 1567 1464 igitur
1586 1432 1650 1453 nec
1668 1420 1872 1454 tardissime
1888 1420 1971 1453 fecit
1988 1420 2068 1461 iter,
2096 1432 2160 1453 nec

1150 1484 1350 1517 properare
1376 1473 1493 1516 potuit
1507 1499 1514 1512 ,
1544 1484 1623 1505 cum
1647 1479 1680 1505 et
1699 1472 1840 1517 magnis
1857 1472 2046 1506 doloribus
2063 1485 2160 1506 exer-

1151 1531 1313 1564 ceretur,
1349 1531 1383 1557 et
1404 1537 1511 1569 saepe
1535 1522 1637 1557 humi
1664 1530 1797 1558 stratus
1823 1524 1959 1558 diceret
1984 1525 2161 1569 precatio-

1151 1588 1235 1614 nes,
1264 1583 1298 1610 et
1323 1578 1492 1610 secedens
1517 1589 1533 1608 a
1563 1577 1754 1610 comitibus
1781 1578 1949 1610 funderet
1971 1576 2160 1622 lacrymas,

1153 1635 1187 1662 et
1212 1629 1386 1673 cogitaret
1411 1628 1691 1673 significationes
1715 1627 1822 1662 huius
1846 1628 1961 1662 dix-ini
1986 1629 2160 1663 mandati.

1152 1681 1209 1714 Sic
1235 1687 1354 1714 autem
1382 1681 1555 1725 processit
1581 1681 1714 1719 hiduo,
1743 1687 1782 1714 ut
1807 1681 1914 1714 tertio
1941 1681 1998 1714 (lie
2022 1683 2161 1714 venerit

1153 1734 1197 1765 ad
1225 1739 1385 1765 montem
1407 1731 1557 1770 Morla,
1593 1740 1625 1766 et
1652 1733 1700 1766 ibi
1728 1733 1940 1767 sacrificinm
1961 1733 2161 1777 perfecerit.

1153 1784 1292 1817 Harum
1320 1782 1554 1818 historiarum
1581 1786 1745 1818 doctrina
1767 1785 1958 1829 cogitanda
1979 1791 2050 1824 est,
2079 1798 2158 1819 cum

1153 1836 1282 1881 aspicis
1308 1837 1452 1870 urbium
1481 1837 1638 1881 positus,
1667 1838 1827 1871 Gerarae
1854 1844 1888 1870 et
1906 1836 2162 1883 lerosolymae,

1155 1895 1189 1922 et
1216 1889 1476 1922 consideranda
1506 1896 1557 1923 est
1581 1890 1667 1923 fides
1695 1896 1728 1923 et
1753 1889 1958 1923 obedientia
1980 1887 2162 1929 Abrabae,

1155 1947 1189 1974 et
1214 1947 1336 1974 nostra
1363 1941 1554 1975 infirmitas
1580 1941 1805 1986 deploranda
1824 1948 1886 1976 est.
1941 1941 1995 1975 De
2014 1942 2163 1975 nomine

1155 1992 1283 2026 MorIa
1316 1993 1477 2027 contenti
1499 1993 1611 2028 simus
1637 1994 1857 2039 etymologia
1882 1991 2072 2034 Abrahae,
2101 1994 2163 2040 qui

1154 2045 1323 2079 nominat
1339 2052 1519 2086 montem,
1545 2045 1642 2080 Deus
1661 2046 1807 2080 videbit.
1863 2046 1915 2080 Sit
1932 2046 2043 2090 igitur
2063 2058 2163 2091 aspe-

1156 2098 1226 2132 ctio
1239 2125 1247 2138 ,
1277 2111 1338 2132 seu
1357 2098 1514 2133 ostensio
1532 2098 1612 2132 Dei.
1668 2098 1836 2132 Testatus
1856 2104 1908 2132 est
1933 2099 2028 2131 enim
2048 2097 2163 2131 Abra-

1149 2141 1239 2184 'ham
1262 2148 1328 2184 hac
1346 2150 1610 2196 appellatione,
1638 2149 1756 2184 Deum
1782 2150 1820 2183 in
1843 2148 1912 2184 hoc
1935 2151 2015 2184 loco
2032 2151 2163 2184 illustri

1156 2203 1364 2237 testimonio
1392 2204 1611 2248 patefactum
1636 2215 1730 2242 esse,
1760 2209 1795 2236 et
1810 2203 2088 2248 promissionem
2110 2215 2163 2236 re-

1156 2255 1336 2300 petivisse.
1378 2256 1453 2290 Nec
1469 2255 1608 2289 alienae
1624 2262 1707 2289 sunt
1726 2255 1967 2300 etymologiae
1984 2255 2075 2288 aliae
2087 2282 2096 2295 ‚
2122 2254 2165 2288 ll-

1156 2308 1359 2348 luminans,
1387 2308 1443 2341 vel
1462 2307 1681 2341 illuminatio
1700 2307 1781 2346 Dei,
1806 2307 1862 2340 vel
1885 2307 1995 2340 timor
2012 2307 2102 2347 Dei,
2130 2307 2163 2340 id

1158 2367 1228 2399 est,
1255 2360 1354 2394 locus
1375 2361 1489 2394 cultus
1509 2360 1634 2394 divini.

1262 2427 1301 2461 In
1319 2428 1435 2473 capite
1453 2427 1488 2462 5.
1508 2428 1638 2467 Marci,
1667 2435 1702 2461 et
1723 2428 1838 2473 capite
1857 2427 1893 2462 82
1909 2426 2027 2461 Lucae
2046 2428 2162 2460 nomi—

1158 2487 1267 2514 natur
1300 2481 1398 2524 regio
1424 2481 1723 2519 Gadarenorum,
1765 2481 1802 2513 in
1839 2481 1963 2513 eadem
2000 2478 2163 2514 historia.

1159 2533 1220 2567 ubi
1239 2531 1402 2566 Christus
1426 2533 1570 2577 expellit
1588 2533 1763 2566 Diabolos
1789 2545 1829 2566 ex
1847 2530 1996 2565 homine
2014 2532 2162 2569 furioso.v

1161 2592 1195 2618 et
1220 2585 1364 2618 Diaboli
1392 2585 1589 2620 insilientes
1614 2586 1651 2618 in
1679 2598 1808 2630 porcos
1832 2585 2073 2630 praecipitant
2104 2596 2164 2617 eos

1162 2638 1197 2671 in
1229 2638 1359 2671 lacum.
1422 2637 1511 2670 Eam
1544 2638 1729 2682 regionem
1761 2635 1966 2670 Matthaeus
1998 2635 2161 2668 nominat

1161 2690 1473 2734 Gergesenorum,
1509 2696 1543 2723 et
1566 2690 1811 2736 Hieronymus
1835 2689 1940 2721 vertit
1960 2688 2166 2721 Geraseno-

1163 2755 1256 2777 rum.
1311 2742 1377 2775 Hic
1400 2743 1584 2776 sciendum
1612 2749 1682 2781 est,
1718 2742 1891 2786 oppidum
1915 2740 2049 2774 Gerasa
2077 2741 2164 2773 cele-

1698 2793 1747 2830 29
