2421 3037
239 78 315 115 707

241 177 352 211 opera
378 165 579 211 imputatur
605 161 752 196 iustitia.
805 159 862 194 Tu
891 159 967 203 lege
992 157 1140 192 Galatas
1167 155 1247 189 dili-

241 225 385 263 genter,
414 224 449 251 et
473 221 590 261 caput.
608 214 650 247 X.
667 214 711 245 ad
730 212 930 251 Romanos,
958 210 1043 243 item
1063 214 1247 255 quartum.

242 270 369 314 Cogita
394 269 488 313 apud
511 274 566 307 te,
594 265 780 311 quomodo
801 264 847 298 sis
869 260 1125 296 conscientiam
1150 266 1248 293 tran-

242 322 456 368 quillaturus
484 330 548 363 per
573 318 693 351 fidem.
756 315 813 349 Sic
836 315 973 348 Paulus
997 313 1116 359 inquit
1139 311 1248 345 Rom.

242 372 298 406 IX.
314 370 497 405 Iustificati
520 369 630 414 igitur
648 381 690 402 ex
707 368 795 408 fide,
824 379 950 412 pacem
973 364 1147 399 habemus
1164 375 1247 408 erga

241 426 361 457 deum.

344 474 499 507 Videbat
522 472 766 517 Augustinus,
800 476 940 504 tantum
965 470 1071 503 fidem
1099 465 1250 513 requiri,

244 525 311 559 hoc
337 532 407 566 est,
435 523 644 559 historicam
671 523 933 557 consessionem
960 522 1003 555 de
1024 518 1188 558 Christo,
1217 524 1251 551 et

243 590 318 611 non
336 576 517 622 explorari
534 588 660 610 eorum
678 576 803 615 vitam,
821 575 882 620 qui
899 587 940 608 ex
955 573 1077 606 animo
1090 572 1251 610 credant,

244 641 309 663 nec
324 641 381 663 ne.
436 629 530 663 Nam
547 628 605 661 illa
622 626 794 662 historica
817 625 994 660 confessio
1007 624 1052 670 14)
1075 630 1127 657 est
1142 622 1251 656 simu-

245 681 333 714 latio
358 681 433 715 sine
463 680 591 714 fiducia
621 680 657 713 in
687 680 806 713 corde.
872 677 918 711 Et
941 677 1148 721 ubicunque
1176 686 1251 707 non

245 739 329 767 sunt
351 734 446 766 hona
470 744 579 778 opera
592 760 599 770 ,
627 738 722 766 certe
740 731 789 764 ibi
808 742 882 763 non
903 735 954 764 est
972 729 1078 768 fides,
1107 727 1167 761 sed
1186 726 1251 758 im-

244 784 371 830 pietas.
429 783 542 825 Vide,
568 784 655 830 quid
672 782 894 828 Augustinus
918 782 1012 814 dicat
1035 780 1072 813 in
1094 779 1188 812 libro
1209 779 1252 811 de

245 838 314 870 fide
339 843 373 870 et
397 837 578 881 operibus.
632 835 709 871 Nisi
726 835 916 880 praecedat
933 834 1038 872 fides,
1065 832 1159 865 bona
1178 830 1251 863 vita

246 889 348 935 sequi
374 900 449 921 non
474 889 620 934 poterit.
672 886 855 933 Quicquid
882 886 977 919 enim
1004 882 1116 917 homo
1142 881 1252 916 veluti

246 947 383 974 rectum
404 940 547 980 fecerit,
580 940 649 973 nisi
671 940 716 972 ad
734 939 903 984 pietatem
917 964 926 978 ‚
955 949 1047 983 quae
1071 937 1115 969 ad
1134 934 1251 968 Deum

248 993 444 1033 referatur,
472 998 609 1025 rectum
634 991 704 1024 dici
729 1003 804 1024 non
825 995 955 1035 potest.
1009 987 1101 1022 Ecce
1118 988 1252 1021 bonam

247 1044 463 1079 sententiam
489 1045 531 1077 de
554 1044 636 1077 fide.
690 1042 758 1076 Sed
783 1042 870 1089 quid
892 1040 1031 1075 multa?
1085 1038 1254 1084 Augusti-

247 1108 313 1130 nus
338 1095 481 1129 tenuius
509 1095 671 1141 loquitur
697 1096 740 1128 de
764 1095 832 1127 fide
860 1094 897 1126 in
925 1098 1003 1127 toto
1027 1092 1095 1126 isto
1120 1091 1255 1131 libello,

248 1154 283 1182 et
305 1147 343 1181 in
365 1147 547 1193 plerisque
573 1147 651 1180 aliis
675 1146 815 1180 melius.
868 1145 995 1179 Voluit
1013 1144 1108 1178 enim
1128 1154 1255 1177 cavere

248 1198 317 1233 hoc
338 1200 433 1244 apud
454 1200 580 1244 vulgus
595 1198 808 1243 periculum,
826 1198 922 1243 quod
938 1197 965 1231 si
986 1196 1166 1230 diceretur
1186 1195 1255 1228 fide

287 1317 334 1345 14)
353 1317 455 1340 Annot.
475 1320 580 1347 marga:
605 1313 746 1339 Histoi-ica
765 1312 917 1339 confessio.

769 73 894 109 PHIL.
922 71 1037 106 MEL.
1064 67 1269 104 SCRIPTA
1297 66 1429 102 VARJI
1456 65 1765 103 ARGUMENTI.

2229 68 2304 105 708

1301 153 1485 189 iustificari
1512 154 1610 195 sola,
1638 160 1766 199 putare
1785 154 1932 198 vulgus,
1960 155 2189 191 credentibus
2203 156 2308 202 quid-

1302 206 1354 240 vis
1379 206 1505 248 licere,
1550 206 1634 252 quia
1659 207 1767 239 fidem
1792 206 1900 250 vulgo
1924 217 2000 239 non
2025 218 2093 251 pro
2117 208 2246 242 fiducia
2269 209 2309 241 in

1302 257 1441 298 Deum,
1482 258 1543 292 sed
1578 269 1645 302 pro
1675 256 1846 292 historica
1873 264 2015 292 tantum
2040 259 2246 304 cognitione
2269 260 2309 294 in

1302 310 1381 344 Deo
1405 310 1562 344 solemus
1586 321 1782 354 usurpare,
1819 309 1926 355 idque
1952 311 2165 355 perniciose.
2236 311 2310 346 Ubi

1303 369 1424 395 tamen
1457 361 1533 406 ipse
1561 361 1709 406 proprie
1738 361 1826 407 quid
1848 361 1893 395 sit
1913 362 2021 403 fides,
2058 375 2100 396 ex
2128 363 2311 398 canonicis

1303 413 1490 458 scripturis
1514 413 1709 454 diducens,
1736 413 1872 458 poteris
1897 414 1940 447 de
1959 415 2151 448 doctorum
2169 415 2312 459 scriptis

1304 465 1464 499 iudicare
1487 464 1621 500 sanius.
1680 464 1784 499 Vide.
1812 464 1847 499 3.
1871 472 1978 510 caput
1999 465 2100 500 Ioan.
2161 466 2217 500 De
2242 467 2312 500 fide

1305 515 1469 552 Christus
1500 517 1575 562 ipse
1609 516 1858 551 concionatur.
1926 517 2066 559 Porro,
2101 520 2200 564 quod
2225 518 2312 552 alias

1306 569 1413 603 etiam
1442 582 1551 614 opera
1579 569 1775 613 praecipit,
1809 569 1920 609 bene,
1948 570 2008 603 sed
2034 582 2073 602 ea
2092 570 2162 604 nisi
2181 570 2218 603 in
2238 582 2313 604 cre-

1306 622 1412 655 dente
1436 633 1511 654 non
1535 621 1638 655 fiunt.
1694 620 1860 654 Breviter
1877 619 1933 665 ¹⁵).
1995 620 2170 655 Doctrina
2193 621 2313 655 Evan-

1306 673 1388 718 gelii
1424 674 1467 706 de
1502 674 1590 713 fide,
1626 679 1678 707 est
1714 673 2015 707 conscientiarum
2052 673 2252 707 consolatio
2280 679 2314 706 et

1307 725 1546 759 confirmatio.
1589 724 1698 770 Quod
1715 725 1744 759 si
1763 737 1805 758 eo
1821 725 2033 769 respexeris,
2060 725 2166 758 fidem
2183 725 2315 758 intelli·

1307 789 1377 822 ges.
1439 776 1508 810 Sed
1538 788 1613 809 non
1648 777 1767 811 scribo
1792 776 2119 818 commentarium,
2153 776 2315 811 fortassis

1306 827 1395 863 haec
1422 829 1497 873 ipsa
1522 828 1625 862 brevi
1646 829 1860 874 locupletius
1883 835 2039 863 acturus.
2094 828 2153 863 Tu
2177 829 2255 873 lege
2274 828 2316 861 li-

1307 882 1413 915 brum
1438 882 1482 914 de
1506 880 1672 914 libertate
1701 879 1896 915 christiana
1920 878 2093 921 Lutheri‚
2127 887 2162 914 et
2183 892 2230 915 ne
2252 892 2316 925 pa-

1307 934 1398 967 tiare
1423 939 1458 966 te
1483 932 1588 966 avelli
1605 944 1623 965 a
1644 933 1809 966 doctrina
1826 932 1952 967 crucis.
2006 932 2088 966 Scio
2107 932 2220 966 rideri
2235 943 2315 965 eam

1309 997 1326 1018 a
1348 982 1543 1029 Sophistis3
1577 985 1637 1019 sed
1662 991 1700 1019 tu
1724 985 1813 1019 scias
1838 984 2043 1029 praedicari
2063 983 2317 1030 Evangelium,

1308 1037 1497 1072 stultitiam
1517 1048 1592 1071 esse
1607 1038 1757 1071 mundo.
1810 1036 1912 1071 Vale.

1412 1088 1478 1123 Est
1504 1088 1645 1123 libellus
1668 1089 1762 1123 inter
1778 1088 2041 1123 Ambrosianos
2063 1100 2139 1122 non
2164 1087 2317 1128 inutilis,

1310 1141 1554 1187 cuiuscunque
1579 1141 1717 1176 autoris
1743 1140 1835 1187 (non
1859 1140 1954 1175 enim
1971 1140 2155 1174 Ambrosii
2178 1140 2248 1187 est)
2272 1140 2315 1173 de

1310 1193 1501 1228 vocatione
1522 1192 1704 1238 gentium,
1741 1205 1847 1240 quem
1873 1199 1912 1226 tu
1930 1193 2018 1238 lege.
2068 1191 2204 1226 Iterum
2225 1191 2316 1226 vale.

1348 1311 1395 1340 15)
1414 1311 1518 1337 Annot.
1536 1317 1643 1344 marg:
1667 1310 1811 1343 Epilogus.
