2389 3037
92 107 167 141 777

90 194 135 228 ht
154 191 343 237 strepitum
360 197 480 224 rostro
499 197 620 233 turpes
637 189 752 222 secere
771 189 945 228 volucres,

143 243 190 278 Et
207 240 432 278 stomachum
452 241 566 274 movit
584 240 734 274 stridula
753 241 857 274 turba
878 253 1012 275 meum.

89 295 193 330 Hanc
209 307 321 340 vagus
336 295 481 327 infestat
498 292 654 326 Cuculus
670 293 866 325 certamine
885 293 1028 337 linguae

143 347 315 381 Fundens
332 345 455 380 deliris
474 345 619 378 flaccida
640 345 746 378 verba
768 345 896 379 modis.

91 399 209 434 Huius
225 410 353 443 spuma
371 397 462 431 solet
478 409 605 430 raucas
621 409 792 441 generare
811 397 962 437 cicadas,

146 451 237 485 Cum
253 450 339 483 folia
359 449 556 482 immundis
574 449 704 493 polluit
723 449 797 493 ipse
813 448 921 482 notis.

92 502 213 547 Iungit
229 514 265 536 se
283 502 450 535 comitem
469 501 632 534 stridenti
654 501 813 534 carmine
829 500 968 540 Gallus,

146 554 346 589 Turbatrix
362 553 524 598 placidae
540 565 670 598 nempe
690 552 819 598 quietis
839 551 925 585 avis.

94 606 142 641 Et
160 606 288 651 procul
306 606 502 639 innocuum
522 605 650 648 pennis
667 617 703 638 se
720 604 815 637 tollit
831 605 868 637 in
887 601 1042 643 hostem,

145 659 305 704 Arteqne
324 670 404 691 cum
422 663 597 702 nequeat,
624 655 743 689 Marte
758 668 888 690 nocere
906 656 1015 701 cupit.

94 709 188 744 Hinc
207 711 394 744 immunda
411 721 492 743 suas
514 720 658 754 quoque
676 709 832 742 conserit
849 708 979 753 Upupa
998 707 1103 747 vires,

147 761 279 806 Upupa
297 761 513 796 stercoribus
532 772 674 804 semper
692 761 804 793 odora
823 760 907 794 suis.

94 814 189 848 Hinc
205 813 345 847 Merula
365 812 518 858 impellit
535 812 669 846 calidas
688 812 725 845 in
742 812 855 856 iurgia
879 818 1029 852 mentes,

146 866 298 900 Pectore
315 865 417 909 nigra
436 877 500 899 suo
513 891 522 903 ‚
550 877 637 897 voce
656 864 807 908 superba
826 876 902 898 sua.

95 919 154 953 Tu
173 930 318 964 quoque
334 929 422 950 voce
439 917 561 951 furens
580 917 785 961 clangorem
809 916 922 949 mittis
939 916 1076 961 Osyna‚

148 969 294 1004 Consita
314 981 404 1016 qnae
423 969 537 1002 multo
555 969 650 1013 pisce
667 968 799 1001 fluenta
822 968 918 1001 colis.

97 1021 215 1068 Quem
235 1019 326 1055 mihi
344 1033 423 1066 spes
439 1021 558 1054 fuerat
575 1021 671 1065 pacis
688 1019 819 1054 sarcire
838 1020 981 1053 ruinam

150 1073 302 1108 Consuit
318 1074 355 1106 in
373 1073 467 1106 rixas
484 1072 661 1116 fragmina
681 1071 763 1105 trita
784 1084 908 1105 novas.

95 1126 287 1171 Improbus
301 1125 490 1170 Agricolae
509 1124 650 1158 fumoso
667 1123 812 1169 Gryllus
831 1124 867 1156 in
887 1130 991 1157 antro

148 1178 253 1211 Hanc
269 1190 414 1224 quoque
432 1176 600 1210 stridenti
616 1189 702 1209 voce
720 1176 859 1210 lacessit
875 1188 990 1209 avem.

97 1230 172 1265 Nec
185 1228 387 1263 Philomela
407 1241 491 1263 suae
510 1228 629 1261 differt
650 1229 896 1261 modulamina
915 1228 1072 1272 linguae,

150 1282 219 1316 Sed
236 1281 374 1327 spargit
390 1280 490 1314 vario
508 1281 634 1313 nuntia
654 1280 744 1313 laeta
764 1292 866 1314 sonO.

97 1336 150 1368 Ac
166 1335 315 1368 adversa
334 1333 395 1378 pio
413 1332 524 1365 vincit
542 1333 633 1365 mala
655 1333 761 1365 corde
780 1333 941 1371 ferendo,

150 1387 256 1421 Pacis
272 1397 395 1419 amans
413 1385 519 1428 vulgo
538 1384 654 1417 iudice
672 1390 812 1428 spretus
830 1384 909 1417 erit.

99 1439 204 1472 Talia
224 1439 310 1472 dum
330 1449 437 1471 cerno
455 1436 577 1480 peragi
596 1435 796 1480 spectacula
817 1441 938 1474 cantu,

150 1491 345 1535 Alloquor:
377 1502 397 1521 o
415 1487 589 1527 volucris,
618 1499 710 1533 quae
727 1485 815 1519 mihi
834 1487 909 1520 sola
933 1487 1066 1530 places:

101 1543 200 1589 Quas
217 1541 301 1581 tibi,
329 1554 418 1587 quas
440 1540 502 1572 tali
526 1540 673 1571 reddam
699 1551 763 1583 pro
787 1539 945 1571 carmine
963 1538 1105 1582 grates?

152 1595 184 1628 A
201 1594 326 1628 scrobe
343 1598 556 1626 conservent
572 1591 631 1623 Dii
662 1598 720 1624 tua
750 1592 907 1624 membra
927 1591 1000 1624 diu.

101 1648 155 1681 Te
173 1657 315 1690 semper
333 1657 411 1678 mea
431 1644 502 1676 vita
521 1655 669 1688 sequar,
698 1642 761 1675 tibi
782 1643 856 1676 luce
878 1643 1020 1676 canenti

152 1699 355 1732 Tendimus
374 1695 440 1730 has
456 1707 578 1736 aures,
607 1701 744 1727 caetera
772 1696 875 1728 turba
896 1696 985 1728 vale.

103 1754 220 1802 Quem
238 1759 298 1786 tua
316 1765 390 1786 nou
409 1756 550 1795 captum
572 1749 661 1781 mira
684 1761 750 1781 vox
768 1748 903 1781 detinet
922 1754 1009 1785 arte,

156 1806 249 1839 Huic
264 1804 389 1838 Cuculi
407 1808 572 1836 numeret
589 1808 751 1844 tempora
769 1801 873 1844 longa
896 1811 1016 1833 sonus.

105 1859 267 1902 Tempus
280 1857 347 1890 erit
361 1856 527 1889 rabidum
541 1854 685 1899 quando
699 1852 806 1886 Canis
818 1852 946 1885 excitat
958 1857 1108 1889 aestum,
1134 1868 1136 1885 ,¹

157 1911 263 1943 Tunc
284 1915 448 1942 metuens
466 1908 582 1950 igneu-
602 1905 732 1937 cortice
754 1905 912 1937 membra
933 1910 1039 1947 teget,

107 1963 219 1997 Stulta
241 1963 333 1994 leves
349 1960 497 2004 capiunt
513 1957 667 1996 animos,
686 1969 745 1990 sua
766 1957 893 2002 cuique
914 1956 1024 1988 libido
1045 1961 1109 1993 est,

160 2013 285 2047 Utrem
307 2024 372 2057 pro
392 2009 537 2057 cythara
558 2010 685 2053 gaudet
703 2005 835 2041 habere
853 2008 981 2041 Midas.

899 2441 937 2471 11.

736 100 1100 136 ADDITAMENTA
1128 102 1194 135 AD
1222 102 1364 137 vom„
1392 102 1516 138 l—X.

1125 191 1130 247 1
1198 190 1255 218 lNo.
1278 188 1308 218 6.
1974 203 2022 222 an.
2039 191 2159 224 1552?

1126 249 1129 254 .
1165 231 1321 241 *A
1981 235 2152 246 Ἃ

1126 255 1129 314 Ι
1227 268 1254 291 111
1281 269 1376 291 eodeni
1407 268 1515 291 libello.
1550 267 1610 290 11118
1643 267 1772 299 Prolegg.
1799 269 1930 292 carminis
1956 272 2157 300 praecedentis.

1127 316 1129 340 Ι
1264 304 1338 325 Har-c
1365 302 1461 327 Elegia
1497 304 1603 330 spectat
1635 304 1668 325 ad
1698 304 1826 333 staphyli
1859 304 2013 333 defectum,
2049 306 2082 329 de
2108 313 2160 336 quo

1127 341 1129 358 :
1261 338 1356 360 Melea.
1368 337 1489 360 Adamus
1505 337 1613 360 invitis
1623 338 1825 368 Theologorum
1841 341 1891 362 ete.
1914 339 1977 367 (Ed.
1987 340 2011 364 3.
2028 341 2157 366 Francof.

1127 368 1130 406 1
1254 373 1295 407 11111
1315 374 1349 396 M.
1379 372 1452 395 1705.
1473 372 1532 395 Fol.
1560 378 1621 402 pag.
1645 372 1715 399 113.)
1745 373 1769 395 iu
1799 374 1855 397 vita
1875 375 2007 398 Ostandri
2026 376 2094 399 haec
2113 382 2160 399 re-

1262 408 1332 430 t'crt:
1353 408 1462 429 Interea
1482 407 1642 430 Fridericus
1660 408 1826 437 staphylus.
1847 409 1891 438 qui
1913 409 1984 433 iuter
2005 410 2108 439 primos
2129 417 2161 434 se

1127 421 1131 476 Ι
1263 441 1400 466 Osiaudro
1420 445 1604 470 opposuerat,
1629 448 1686 464 cuin
1705 443 1977 473 wittcmbergonses
1995 447 2160 475 praecepto-

1263 483 1309 499 res
1329 482 1359 499 sc
1376 475 1533 506 lauguidius
1552 476 1690 500 Ociaudro
1710 481 1897 506 opponerent.
1919 481 1944 501 et
1959 480 2059 509 aliter,
2079 485 2160 510 quam

1264 511 1452 534 existimarat.
1471 517 1527 533 rem
1543 511 1603 540 geri
1620 512 1744 534 videret:
1765 511 1968 536 Vratislaviam
1983 514 2110 541 secessit,
2129 520 2162 537 ac

1264 552 1380 576 prorsus
1393 546 1427 569 ad
1437 545 1598 569 Pontificius
1615 546 1723 570 defecit.
1734 559 1768 563 —
1788 548 1867 571 Cous.
1883 554 1967 577 supra
1982 548 2163 578 pean—692.

1414 600 1570 642 Eleyia
1605 601 1654 632 de
1690 600 1920 643 Staphylo.

1153 658 1184 695 Ἀ
1205 658 1387 705 &suspulis
1405 657 1540 705 σῑαᾳὶς
1557 659 1671 702 ἔσται,
1693 657 1753 693 καὶ
1770 656 1883 704 ῥόδον
1902 656 1997 695 αὖον
2015 659 2163 702 ὀλεῖται,

1211 712 1256 744 Et
1272 725 1352 745 rosa
1373 724 1477 744 mane
1496 712 1610 755 viget,
1641 712 1797 743 marcida
1820 719 1924 744 nocte
1943 713 2049 747 cadit.

1129 791 1131 811 1
1158 762 1240 796 Vidi
1260 775 1324 807 ego
1344 776 1407 796 ceu
1424 762 1517 796 lauri
1537 774 1683 807 germen
1704 762 1832 795 florere
1851 763 2064 808 malignum,

1209 815 1437 848 Praeterieris
1453 827 1567 859 parvo
1585 821 1750 858 tempore
1767 826 1902 859 quaero
1915 842 1923 854 ‚
1949 816 2027 850 fuit.

1129 862 1131 892 <³
1158 867 1215 901 Sic
1233 867 1296 901 etsi
1315 867 1445 900 celebri
1462 867 1590 900 florere
1606 866 1740 900 videris
1755 866 1792 898 in
1813 866 1907 903 aula,

1210 919 1243 952 O
1262 917 1454 965 Staphyle,
1483 925 1517 952 et
1536 917 1662 964 Cynici
1684 919 1853 962 dogmata
1871 919 1956 953 falsa
1975 919 2073 953 seris.

1129 964 1132 1000 1
1158 970 1320 1017 Diraque
1340 983 1437 1005 nunc
1453 970 1585 1005 sanctis
1603 968 1738 1004 Christi
1756 970 1936 1005 minitaris
1953 970 2119 1011 alumnis,

1129 1016 1133 1068 ξ
1210 1022 1256 1056 Et
1270 1023 1372 1057 furiis
1390 1023 1517 1068 imples
1537 1022 1645 1056 corda
1665 1022 1780 1055 aliena
1801 1022 1882 1056 tuis.

1130 1071 1133 1100 ῗ·
1159 1074 1244 1108 Inde
1261 1082 1383 1108 tamen
1401 1075 1514 1109 victus
1536 1074 1657 1107 divina
1677 1086 1764 1107 voce
1780 1074 1922 1109 iacebis.

1131 1164 1133 1168 ¹
1212 1126 1383 1162 Crudeles
1401 1127 1519 1160 obitus
1536 1126 1668 1171 impius
1686 1126 1804 1159 omnis
1822 1124 1941 1160 habet.

1160 1178 1264 1224 Ignea
1286 1185 1505 1212 marcentem
1526 1185 1558 1211 te
1579 1178 1738 1212 numinis
1756 1178 1883 1211 obruet
1904 1179 1969 1220 ira,

1211 1230 1262 1263 Ut
1278 1232 1372 1276 perit
1389 1244 1406 1264 a
1425 1231 1517 1265 Solis
1534 1231 1626 1263 victa
1645 1230 1763 1263 calore
1780 1241 1875 1264 rosa.

1131 1298 1134 1333 1
1160 1285 1216 1316 An
1236 1295 1310 1317 non
1328 1296 1345 1316 a
1365 1295 1497 1329 magno
1515 1283 1577 1328 qui
1596 1294 1732 1315 nomen
1748 1279 1902 1314 habebat
1920 1281 1998 1315 lulo

1132 1336 1133 1364 1
1211 1335 1370 1376 Floruit,
1399 1343 1434 1370 et
1450 1336 1553 1368 laesit
1570 1335 1676 1380 vique
1693 1333 1856 1379 dolisque
1879 1333 1983 1378 pios?

1130 1388 1135 1435 1
1159 1386 1301 1421 Floruit
1319 1395 1351 1421 et
1369 1400 1472 1422 causa
1493 1388 1638 1420 tandem
1665 1386 1825 1419 devictus
1843 1393 1876 1419 et
1894 1385 2004 1419 armis

1210 1438 1308 1473 Dum
1324 1439 1434 1480 iacet,
1463 1446 1496 1472 et
1517 1450 1661 1483 sparsus
1679 1438 1828 1471 vulnere
1847 1437 1991 1481 sanguis
2011 1437 2102 1470 abit:

1159 1490 1286 1526 Vicisti
1305 1492 1465 1525 Galileae
1482 1492 1589 1524 refert
1603 1517 1612 1529 ,
1641 1489 1748 1523 simul
1778 1490 1843 1522 ivit
1866 1490 1909 1521 ad
1928 1488 2062 1522 Orcum

1212 1543 1349 1577 Umbra
1368 1556 1513 1588 gemens
1527 1570 1535 1582 ‚
1562 1554 1699 1586 poenas
1716 1547 1748 1574 et
1767 1541 1842 1575 sine
1862 1542 1931 1574 fine
1947 1541 2025 1575 luit.

1161 1594 1221 1628 llle
1241 1597 1389 1629 domum
1411 1596 1505 1629 bello
1522 1594 1704 1627 rediturus
1721 1593 1848 1626 funera
1869 1593 1981 1632 vovit,

1212 1648 1280 1680 Sed
1298 1648 1391 1692 perit
1404 1675 1412 1688 ‚
1441 1654 1475 1681 et
1491 1647 1585 1680 bello
1609 1658 1684 1679 non
1701 1645 1795 1678 redit
1814 1645 1871 1678 ille
1888 1646 2051 1678 domum.

1162 1698 1233 1743 Qui
1253 1699 1377 1732 dicunt
1393 1700 1496 1732 aliter
1514 1698 1589 1731 veri
1609 1710 1716 1743 quam
1740 1697 1880 1730 conscia
1900 1709 2000 1730 mens
2020 1702 2084 1737 est,

1210 1751 1407 1785 Accersuut
1422 1751 1534 1784 furias
1550 1750 1586 1782 in
1605 1762 1666 1783 sua
1684 1750 1754 1781 fata
1773 1761 1911 1793 graves.

1134 1834 1135 1837 ,
1161 1800 1218 1836 Sic
1237 1803 1375 1848 crepuit
1394 1804 1493 1847 tigno
1511 1803 1596 1835 dum
1615 1801 1797 1845 rumpitur
1821 1800 1879 1832 ilia
1898 1799 2014 1841 Iudas,

1213 1855 1335 1888 Poena
1356 1856 1453 1888 venit
1469 1854 1634 1898 gravior,
1665 1865 1736 1898 quo
1756 1864 1858 1896 mage
1877 1864 1953 1886 sera
1972 1851 2084 1892 venit,

1162 1908 1290 1952 Aspice
1310 1908 1448 1951 mugitu
1465 1906 1659 1939 Latonium
1679 1905 1743 1938 sub
1762 1911 1877 1937 morte
1894 1905 2079 1944 fatentem,

1215 1959 1258 1992 Se
1277 1972 1422 2005 quoque
1441 1959 1616 1993 iustorum
1634 1956 1819 2000 sanguinis
1836 1968 1910 1989 esse
1930 1968 2045 1989 reum.

1164 2012 1221 2045 Tu
1238 2024 1382 2057 quoque
1400 2012 1460 2057 qui
1480 2011 1586 2043 flores
1602 2010 1675 2042 fato
1693 2008 1868 2042 marcebis
1885 2009 2027 2049 acerbo,

1215 2064 1421 2098 Successum
1441 2062 1606 2108 impietas
1622 2061 1731 2094 nescit
1749 2059 1882 2094 habere
1901 2060 1974 2093 diu.

1165 2118 1232 2152 Sed
1252 2129 1318 2151 nos
1335 2115 1475 2150 Christe
1494 2116 1581 2148 doce
1594 2141 1603 2153 ‚
1627 2114 1793 2158 viresque
1811 2111 2022 2145 vocantibus
2040 2111 2142 2151 adde,

1220 2169 1365 2202 Floreat
1383 2175 1529 2201 aeterno
1548 2178 1682 2199 nomeu
1701 2163 1841 2198 honore
1858 2171 1972 2197 tumn.

982 2437 1374 2469 PRAEFATIONES.

241 2522 439 2551 Melanthonis
463 2520 716 2554 praefationibus,
741 2528 816 2557 quae
841 2520 918 2547 inter
941 2519 1080 2556 epistolas
1104 2521 1133 2546 in
1157 2518 1236 2544 Voll.
1264 2515 1369 2544 l—X.
1394 2515 1553 2552 leguntur,
1589 2519 1710 2550 praeter
1733 2511 1817 2546 illas,
1841 2519 1913 2548 quas
1939 2511 1964 2537 in
1991 2508 2069 2535 von.
2094 2505 2162 2534 ΧΠ

113 2565 244 2594 -ΧΙΧ,
269 2572 299 2593 et
321 2566 349 2593 in
375 2565 429 2593 hoc
453 2565 520 2592 voi.
544 2563 606 2591 XX.
631 2564 688 2591 iam
713 2563 848 2598 exhibui,
870 2562 1027 2590 addendae
1043 2568 1110 2590 sunt
1125 2560 1248 2598 aliquot.

1294 2560 1467 2595 Priusquam
1483 2566 1552 2585 vero
1570 2556 1607 2584 ad
1627 2556 1678 2584 has
1695 2556 1771 2594 ipsas
1787 2553 1979 2592 progredior,
2003 2550 2168 2587 Georgii

111 2609 312 2638 Theodori
339 2608 549 2642 Sti-obem,
575 2607 619 2634 ul.
644 2606 705 2633 Viri
728 2605 766 2633 de
790 2605 988 2633 Melanthonis
1013 2606 1094 2632 libris
1119 2604 1230 2641 optime
1255 2601 1369 2638 meriti,
1395 2602 1500 2629 librum
1526 2600 1690 2635 ineditum,
1725 2599 1804 2625 cuius
1828 2595 2030 2633 autographon
2055 2603 2071 2621 a
2093 2593 2163 2620 Viro

113 2661 224 2681 summe
248 2651 413 2680 reverendo
437 2650 631 2687 Fiirchtegott
654 2649 821 2677 Christiano
844 2649 957 2685 Fulda,
981 2646 1257 2686 Superiutendente
1282 2645 1418 2682 Hastensi,
1443 2644 1511 2671 1111111
1534 2643 1728 2678 amicissimo,
1754 2642 1803 2679 qui
1827 2640 1856 2669 d.
1881 2637 1933 2667 30.
1959 2637 2052 2675 April.
2075 2637 2104 2664 h.
2127 2646 2165 2672 a.‚

113 2695 164 2725 86⁴
189 2704 265 2723 anno
289 2694 392 2722 aetatis
424 2695 501 2722 diem
535 2699 700 2721 extremum
732 2692 820 2727 obiit,
850 2701 906 2719 una
936 2701 1001 2719 cum
1032 2692 1142 2729 aliquot
1167 2689 1363 2718 Melaiulionis
1393 2693 1481 2725 atque
1513 2686 1654 2714 Strubelii
1686 2684 1820 2722 epistolis
1850 2687 1919 2710 ante
1949 2686 2074 2718 quatuor
2102 2679 2167 2706 sere

115 2748 206 2766 annos
229 2738 304 2766 dono
330 2738 446 2773 accepi,
470 2737 643 2764 describam.
691 2735 742 2762 Hic
767 2735 841 2761 liber
865 2734 903 2762 sic
927 2735 1087 2772 inscriptus
1112 2739 1179 2761 est:
