2389 3037
110 88 186 124 717
625 101 699 137 VH.

424 183 594 222 Adfectus

106 226 232 264 Bonus
849 247 967 284 Malus

422 286 547 323 Virtus

104 330 199 376 Erga
220 334 310 368 alios
844 350 938 397 Erga
960 365 996 386 se

419 387 557 425 Iustitia

418 440 516 476 Haec
534 444 683 482 iustitia.

205 504 368 549 Genera,
406 509 570 555 Species,
606 522 639 549 et
664 515 876 562 Individua,
919 523 956 557 in
990 528 1110 562 medio

100 555 344 599 collocantur,
374 560 485 596 latera
511 566 736 604 differentiae
755 582 944 618 occupant.
1000 578 1110 615 Vides

98 613 220 641 autem
247 610 492 649 circumscribi
518 618 740 656 differentias
759 630 964 673 utcunque,
994 643 1109 676 quan-

97 660 294 705 doquidem
316 676 417 700 veras
432 674 466 700 et
484 671 689 716 perspicuas
708 672 867 712 hominis
889 688 1012 726 captus
1032 697 1107 719 non

96 711 318 758 adsequitur.

346 791 406 827 De
443 798 853 841 praedicamentis.

195 848 333 884 Eadem
370 866 411 887 ex
443 868 566 891 caussa
604 860 775 898 videntur
802 868 948 904 ordines
979 884 1101 908 rerum

90 901 383 943 praedicamenta
402 909 539 950 vocari,
568 924 641 957 quo
662 915 882 960 significetur
900 921 937 955 in
957 924 1006 958 eis
1024 938 1102 971 spe-

89 952 200 992 ctari,
227 967 320 1000 quae
339 970 445 993 voces
462 973 541 994 cum
563 965 694 1009 quibus
714 975 796 1013 apte
821 973 993 1020 coniungi
1019 990 1100 1022 pos-

88 1003 181 1044 sint,
226 1019 318 1052 quae
362 1009 483 1056 inepte
521 1016 811 1063 coniungantur,
852 1031 960 1072 atque
996 1031 1100 1071 adeo,

87 1067 182 1100 quae
206 1059 249 1090 de
275 1060 406 1105 quibus
427 1066 631 1107 praedicari
652 1072 810 1115 possint,
839 1084 901 1110 aut
922 1091 998 1113 non
1017 1094 1100 1126 pos-

85 1106 169 1141 sint.
222 1109 318 1144 Nam
343 1125 450 1158 supra
478 1117 640 1165 quinque
664 1124 813 1160 vocibus
831 1135 1015 1166 ostensum
1035 1141 1098 1175 est,

84 1158 240 1202 speciem
267 1174 347 1197 cum
374 1177 504 1209 genere
527 1168 742 1217 cohaerere,

83 1211 228 1253 mentis,
256 1226 428 1259 generum
450 1231 490 1252 ac
508 1223 722 1267 specierum,
752 1236 787 1262 et
805 1232 1094 1271 differentiarum

83 1264 244 1308 exempla
263 1268 528 1310 producuntur.
580 1274 647 1317 Et,
678 1285 718 1312 ut
735 1283 846 1325 paulo
866 1286 972 1321 altius
992 1300 1096 1333 repe-

81 1319 200 1350 tamus
217 1318 397 1353 rationem
414 1324 795 1367 praedicamentorum
808 1361 817 1374 ,
845 1337 994 1382 quidam
1013 1353 1094 1375 cen-

79 1372 159 1399 sent
190 1371 482 1412 praedicamenta
519 1389 594 1411 esse
626 1383 776 1417 nomina
802 1392 986 1432 statuum,
1024 1390 1093 1428 hoc

79 1424 144 1458 est,
166 1419 267 1464 signa
286 1425 479 1468 quaedam,
507 1427 663 1476 ideoque
680 1434 779 1469 filum
799 1441 998 1485 quoddam,
1018 1458 1091 1491 quo

77 1468 263 1514 digeratur
286 1476 405 1510 omnis
429 1478 622 1516 artificiosa
651 1487 789 1529 oratio,
816 1497 856 1524 ut
877 1493 906 1526 si
925 1495 970 1528 de
990 1496 1091 1531 iusti-

76 1520 125 1554 tia
160 1522 353 1559 dicendum
389 1528 456 1569 sit,
490 1532 651 1576 primum
689 1539 733 1572 de
769 1541 845 1577 eius
873 1546 1090 1591 substantia,

75 1575 221 1620 quaeri,
250 1590 343 1624 quae
362 1592 418 1615 res
435 1581 493 1623 sit,
519 1592 659 1629 postea,
687 1599 839 1636 quanta,
865 1603 899 1630 et
922 1598 959 1632 in
977 1613 1086 1646 quam

73 1627 208 1662 multos
226 1631 355 1666 modos
372 1641 585 1679 spargatur,
613 1640 744 1676 deinde
762 1647 879 1690 qualis
895 1649 960 1691 sit,
989 1653 1087 1688 utilis

74 1690 122 1712 an
137 1679 276 1716 inutilis
289 1709 298 1724 ‚
326 1690 412 1726 etc.‚
442 1693 476 1720 et
494 1687 531 1721 in
551 1686 618 1724 hac
636 1698 813 1730 sententia
833 1699 1085 1745 Quintilianus

71 1730 158 1772 fuit,
194 1746 304 1779 quam
329 1736 395 1771 etsi
421 1749 497 1772 non
522 1740 713 1787 improbo,
751 1754 875 1784 tamen
900 1751 958 1788 hic
980 1758 1083 1803 sequi

69 1794 145 1816 non
169 1784 257 1819 libet
274 1785 342 1834 ¹¹),
383 1791 561 1833 maxime,
598 1807 679 1830 cum
707 1810 825 1846 neque
854 1804 1080 1843 Graecorum

66 1835 181 1877 ullus,
208 1850 300 1884 quos
317 1840 489 1886 viderim,
514 1846 768 1893 adstipuletur,
796 1856 951 1899 proinde
969 1861 1081 1895 ratio-

65 1899 149 1921 nem
173 1896 208 1923 et
225 1903 330 1925 usum
354 1895 756 1945 praedicamentorum,
785 1920 895 1952 quam
917 1923 1079 1958 possum,

64 1939 329 1977 absolutissime
349 1946 552 1984 subiiciam.

166 1993 467 2032 praedicamenta
480 1999 525 2044 ¹²)
541 2010 625 2037 sunt
642 2007 788 2044 ordines
805 2023 940 2049 rerum.
980 2016 1075 2051 Con-

60 2044 199 2079 ducunt
223 2053 344 2081 autem
365 2049 403 2083 in
425 2052 554 2096 primis
580 2058 625 2090 ad
641 2059 861 2105 colligendas
878 2066 1073 2113 finitiones,

59 2102 96 2130 et
119 2098 165 2131 ad
192 2098 401 2135 discrimina
427 2104 656 2149 finitionum;
691 2124 757 2147 nec
782 2117 877 2151 enim
902 2132 995 2155 unus
1019 2130 1071 2158 est

57 2147 208 2183 finiendi
224 2153 373 2194 modus,
402 2161 443 2188 ut
460 2159 570 2201 paulo
586 2169 668 2205 post
683 2177 917 2211 exponemus.
960 2173 1069 2218 Nam,

56 2201 119 2246 qui
151 2214 207 2237 res
238 2203 275 2237 in
298 2203 395 2240 hunc
417 2211 795 2254 praedicamentorum
823 2223 989 2259 ordinem
1014 2228 1067 2261 di-

54 2263 215 2297 gessere,
249 2258 445 2301 prudentes
477 2274 563 2297 sane
587 2263 773 2313 homines,
807 2275 1005 2312 'voluerunt
1026 2280 1064 2314 in

51 2304 152 2340 locos
181 2310 358 2353 quosdam
385 2324 596 2351 communes
621 2330 746 2357 omnes
768 2337 824 2360 res
848 2329 958 2364 totius
983 2333 1063 2365 uni-

51 2358 231 2394 versitatis
256 2361 444 2407 colligere,
482 2373 520 2400 ut
545 2369 574 2402 si
603 2372 690 2416 quid
716 2387 922 2414 occurreret
950 2385 1061 2429 expli-

49 2411 228 2453 candum,
256 2414 536 2460 declarandum,
572 2434 612 2455 ac
636 2425 901 2473 definiendum,
935 2437 1057 2470 statim

48 2472 90 2494 ex
117 2464 419 2507 praedicamentis
445 2477 628 2515 peteretur
653 2479 728 2513 eius
751 2479 922 2520 thematis
950 2489 1058 2530 ratio,

47 2524 112 2547 ceu
131 2527 150 2548 e
169 2520 422 2555 communibus
439 2523 527 2558 locis
539 2552 548 2566 ,
571 2538 632 2561 seu
649 2536 902 2571 communibus
918 2539 1057 2575 formu-

45 2563 101 2600 lis.
151 2567 274 2614 Atque
297 2578 338 2604 ut
352 2570 516 2610 rhetores
533 2578 631 2613 locos
649 2586 825 2628 quosdam
844 2601 1055 2629 communes

80 2664 126 2698 11)
146 2668 247 2695 Annot.
267 2677 355 2706 marg.
365 2682 372 2700 :

113 2702 247 2730 Graecos.

80 2734 125 2767 12)
144 2739 245 2764 Annot.
267 2748 372 2775 marg.:
403 2747 477 2772 Usus
497 2753 793 2782 praedicamentorum.

406 2678 552 2709 Sequimur
578 2681 604 2706 in
631 2684 740 2710 ratione
765 2690 1053 2721 praedicamentorum

755 105 1127 148 COMPENDIARIA
1157 116 1473 160 DIALECTICES
1501 127 1666 167 RATIO.

776 1176 834 1212 hic
853 1180 889 1213 in
910 1187 1098 1227 praedica·
1123 1186 1126 1213 ἶ

2110 152 2182 187 718

1175 217 1382 243 caussarum
1402 219 1435 246 et
1451 211 1651 253 thematum
1670 221 1828 259 civilium
1847 229 2096 282 adornant¹³),
2118 250 2184 271 un-

1172 257 1216 290 de
1234 259 1452 304 depromant
1469 278 1680 311 argumenta
1702 276 1919 326 figurasque,
1947 290 2022 318 tum
2041 295 2183 323 senten-

1172 309 1304 343 tiarum
1337 320 1412 348 tum
1444 319 1660 364 verborum,
1694 326 1739 359 ita
1774 330 1982 370 dialecticus
2014 338 2183 375 instruxit

1170 360 1375 400 locossuos
1392 366 1458 413 ¹⁴),
1496 373 1557 416 qui
1584 379 1814 420 suppeditent
1840 396 1960 420 rerum
1986 389 2182 435 finitiones,

1169 411 1206 444 in
1224 425 1346 449 caussa
1365 426 1485 453 exacte
1506 429 1539 455 et
1558 429 1707 472 proprie
1730 437 1938 479 tractanda,
1967 447 2001 473 et
2027 442 2064 475 in
2088 443 2181 478 iudi-

1168 466 1280 499 canda
1318 468 1393 513 ipsa
1433 469 1633 511 thematum
1670 489 1814 520 natura.
1880 488 2068 526 Rhetorici
2098 496 2180 539 loci,

1167 527 1246 549 cum
1275 520 1319 552 ad
1345 521 1462 556 civilia
1488 530 1631 572 negotia
1657 535 1886 580 pertineant,
1914 554 1989 576 non
2006 551 2079 579 tam
2098 560 2180 582 exa-

1165 573 1257 602 ctam
1286 583 1326 605 ac
1352 575 1519 611 subtilem
1546 593 1667 616 rerum
1699 588 1879 624 rationem
1912 599 2178 642 praescribunt,

1164 633 1273 665 quam
1291 624 1490 669 dialectici,
1519 633 1581 677 qui
1599 643 1777 680 quatenus
1793 642 1870 676 fieri
1888 653 2025 690 potest,
2052 652 2175 685 omnia

1163 674 1414 718 propriissime
1443 693 1484 714 ac
1513 686 1709 722 certissime
1733 695 1940 737 expediunt.
2014 701 2176 738 Proinde

1161 726 1342 762 studiosos
1369 743 1521 775 moneo,
1549 744 1587 771 ut
1615 741 1760 777 ordines
1783 758 1903 782 rerum
1923 751 1989 785 sibi
2009 762 2175 790 accurate

1161 776 1339 821 digerant,
1369 794 1387 815 e
1404 785 1546 829 quibus,
1570 790 1598 824 si
1619 796 1766 838 quando
1786 810 1869 834 usus
1891 811 2027 846 poscat,
2051 819 2173 841 rerum

1158 828 1341 867 finitiones
1364 842 1501 879 petant.

1261 883 1561 925 Praedicamenta
1601 903 1760 940 quatuor
1794 910 1889 938 sunt.

1127 942 1131 977 Ι
1157 936 1362 978 quantitas,
1392 942 1568 986 qualitas,
1597 948 1738 984 relatio.
1802 953 2009 992 Substantia
2040 969 2091 996 est
2115 975 2170 998 res

1156 996 1220 1028 per
1244 999 1319 1021 sese
1345 991 1517 1028 existens:
1556 998 1736 1047 planeque
1761 1004 1815 1046 id,
1852 1020 1925 1053 quo
1951 1023 2015 1045 ceu
2040 1014 2170 1048 funda-

1155 1045 1279 1071 mento
1305 1042 1503 1079 accidentia
1529 1049 1708 1088 nituntur.

1950 906 2173 953 Substantia,

1387 1112 1512 1148 Ordo
1543 1119 1935 1163 substantiarum.

1555 1177 1762 1216 Substantia

1323 1224 1664 1293 (Ἰοῖ-ᾔ
1684 1235 1911 1253 γ’

1280 1333 1441 1379 Simplex

1149 1380 1318 1425 Coelum,
1347 1386 1578 1424 Elementum
1761 1396 1769 1446 l

1351 1437 1426 1469 ignis
1439 1456 1447 1470 ,
1469 1446 1529 1472 aer,
1585 1448 1938 1472 W

1350 1478 1440 1506 aqua,
1460 1477 1545 1501 terra.
1584 1470 1758 1511 Inanimis
1853 1483 2024 1520 Animata

1564 1522 1653 1554 lapis,
1673 1532 1782 1557 gemma
1944 1534 1952 1569 Ι

1675 1596 1841 1634 Sentiens
1895 1603 1979 1637 Non
1998 1608 2155 1644 sentiens

1103 1525 1120 1943 ll
1681 1649 1829 1684 Animal
1955 1657 2078 1701 planta

1588 1701 1905 1725 W

1428 1716 1673 1758 Intellectuale
1832 1730 1988 1767 Brutum

1426 1769 1547 1806 Homo
1830 1781 1924 1826 Bos,
1954 1786 2075 1823 asinus

1426 1821 1599 1869 Virgilius
1831 1834 1899 1869 Hic
1919 1837 1997 1873 bos.

1238 1875 1279 1911 In
1309 1877 1405 1915 hunc
1439 1885 1604 1921 ordinem
1643 1890 1763 1936 digere
1798 1901 1832 1929 et
1860 1899 2145 1937 substantiarum

1132 1934 1271 1972 partes,
1300 1939 1340 1966 ut
1358 1947 1506 1978 manus,
1533 1941 1663 1984 pedes,
1688 1951 1864 1983 ventrem.

1236 1982 1390 2031 Reliqua
1423 1991 1717 2033 praedicamenta
1744 1997 1833 2040 tria,
1868 2009 1953 2036 sunt
1979 2005 2144 2040 acciden-

1129 2031 1219 2066 tium
1243 2037 1400 2073 ordines.
1454 2041 1631 2081 Accidens
1648 2054 1720 2089 est,
1749 2053 1846 2096 quod
1865 2052 1913 2086 ita
1932 2055 2142 2094 substantiis

1126 2085 1292 2129 additur,
1321 2097 1361 2124 ut
1386 2104 1511 2128 earum
1536 2104 1686 2134 naturas
1709 2113 1783 2135 non
1802 2104 1928 2140 variet.
1982 2108 2140 2146 Ordines

1124 2142 1196 2172 tres
1218 2148 1318 2175 sunt:
1376 2143 1590 2190 Quantitas,
1619 2151 1805 2198 Qualitas,
1835 2163 1869 2191 et
1892 2170 2018 2194 eorum
2043 2175 2138 2208 quae

1122 2191 1329 2228 referuntur
1349 2198 1393 2229 ad
1411 2198 1522 2235 aliud.

1173 2243 1368 2289 Quantitas
1391 2257 1443 2284 est
1469 2264 1590 2286 rerum
1617 2261 1692 2289 tum
1720 2258 1931 2305 longitudo,
1961 2270 2035 2298 tum
2054 2267 2134 2300 lati-

1224 2299 1332 2340 tudo,
1361 2307 1437 2334 tum
1459 2305 1700 2348 profunditas.

1375 2377 1499 2413 Ordo
1536 2386 1869 2429 quantitatum.

1517 2443 1722 2488 Quantitas.

1166 2484 1346 2522 Continua
1832 2501 1995 2540 Discreta

1162 2536 1275 2572 Linea
1830 2555 2012 2593 Numerus

1161 2588 1375 2635 Superficies

1161 2641 1302 2688 Corpus

1143 2735 1190 2767 13)
1210 2739 1310 2763 Annot.
1330 2746 1438 2772 marga:

1145 2771 1190 2802 14)
1210 2773 1311 2797 Annot.
1333 2781 1437 2808 marg.=

1464 2744 1530 2769 Loci
1552 2746 1698 2775 rhetorici.

1464 2779 1531 2804 Loci
1552 2782 1697 2808 dialectici.
