2421 3037
278 88 353 125 755

275 176 370 217 fere,
405 184 440 211 et
462 190 536 211 non
558 177 756 211 necessaria
782 184 884 219 sunt,
919 185 1041 212 tamen
1072 179 1277 214 dialecticas

275 228 411 263 formas
436 229 612 268 induunt,
640 241 750 274 quom
777 236 838 264 aut
853 230 1087 275 syllogismis,
1115 238 1177 265 aut
1195 243 1279 276 epa-

275 280 395 324 gogis,
431 286 493 313 aut
517 277 795 325 enthymematis
819 282 1048 323 vinciuntur,
1072 289 1112 317 ut
1128 283 1156 317 si
1174 295 1279 327 argu-

275 331 463 365 menteris:
502 331 654 365 Traiani
677 333 918 367 adolescentia
939 346 958 367 a
974 334 1080 369 bonis
1099 334 1279 379 magistris

274 383 429 415 formata
457 389 527 423 est,
562 390 615 417 est
641 383 750 428 igitur
778 385 992 427 verisimile,
1024 387 1160 420 bonum
1180 386 1278 432 prin·

271 432 389 478 cipem
411 433 615 470 Traianum
639 435 729 471 sore.

463 520 590 568 Quae
617 534 638 556 a
666 523 801 558 rebus
828 525 1074 560 ducantur.

377 590 446 625 vix
470 593 616 626 tandem
641 592 875 637 pervenimus
901 594 947 627 ad
972 606 1031 628 eos
1054 594 1171 635 locos,
1199 594 1278 641 qui-

270 644 337 677 bus
363 643 590 678 dialecticum
616 642 739 678 thema
763 645 910 690 proprie
934 646 1070 680 muniri
1087 646 1197 687 solet,
1225 653 1278 679 at-

271 707 341 741 que
367 696 457 729 adeo
486 708 504 729 e
529 696 660 742 quibus
685 697 919 742 probationes
937 698 1178 738 necessariae,
1205 698 1278 732 evi-

271 749 467 793 dentesque
493 754 678 792 petuntur.
722 749 787 783 His
808 750 845 782 in
870 748 967 783 hunc
992 751 1141 784 modum
1164 756 1277 784 utere.

270 800 390 834 Omne
416 797 558 841 thema,
595 807 658 834 aut
679 801 832 846 simplex
856 814 926 835 vox
951 808 1022 841 est,
1058 808 1120 835 aut
1147 802 1276 836 oratio.

270 852 430 897 Simplex
456 864 526 886 vox
551 864 626 886 non
648 854 845 897 probatur,
871 865 936 887 nec
955 854 1150 893 refellitur,
1178 866 1277 887 nem-

270 917 314 950 pe
329 931 338 945 ,
366 905 403 937 in
425 916 497 950 qua
522 916 640 950 neque
663 917 810 945 verum,
838 917 955 951 neque
976 906 1105 939 falsum
1124 905 1189 946 sit,
1216 907 1276 940 sed

271 956 475 1001 exponitur.
530 954 603 989 Iam
630 969 702 1003 quo
730 957 880 998 ordine,
909 957 1038 1001 quibus
1061 957 1150 991 locis
1169 970 1278 1003 expo-

269 1015 397 1049 natur,
424 1019 552 1052 supra,
581 1008 618 1041 in
638 1008 781 1042 ratione
800 1009 1017 1054 simplicium
1038 1022 1166 1043 vocum
1184 1010 1277 1043 libro

270 1060 389 1105 primo
416 1060 647 1095 absolvimus.
701 1060 867 1094 Primum
899 1061 993 1094 enim
1018 1062 1191 1106 simplicis
1215 1074 1278 1095 vo-

271 1112 320 1146 cis
346 1111 461 1146 finitio
485 1113 690 1157 quaerenda
714 1119 786 1153 est,
813 1113 943 1146 deinde
962 1126 1106 1147 caussae
1123 1114 1174 1147 rei
1194 1126 1277 1158 pro-

269 1166 408 1210 positae
439 1164 738 1209 pervestigandae
770 1172 871 1204 sunt3
910 1166 1098 1210 partienda
1128 1164 1276 1210 posthac

271 1218 309 1250 in
342 1216 495 1261 species,
535 1223 597 1251 aut
626 1218 802 1252 membra.
865 1217 994 1251 Oratio
1019 1230 1105 1251 vero
1128 1218 1276 1263 proprie

271 1275 333 1303 aut
349 1269 546 1313 probatur,
571 1275 634 1303 aut
648 1269 888 1314 improbatur.
942 1270 1035 1304 Nam
1056 1270 1093 1303 in
1111 1270 1277 1304 oratione
1302 1255 1305 1307 l

270 1320 419 1366 proprie
450 1333 576 1355 verum
611 1327 673 1354 aut
694 1321 823 1356 falsum
850 1321 954 1356 inest.
1014 1320 1165 1366 Eritque
1189 1320 1276 1356 haec

270 1373 452 1418 probandi
476 1370 680 1408 methodus.
739 1372 780 1406 In
803 1373 904 1407 omni
929 1374 1167 1419 pronuntiato
1192 1375 1277 1409 sim-

270 1425 355 1471 plici
369 1426 462 1459 duae
478 1431 562 1460 sunt
577 1432 711 1470 partes,
733 1426 942 1460 Subiectum
959 1432 993 1459 et
1008 1426 1278 1467 Praedicatum,
1302 1462 1305 1482 ι

270 1483 332 1519 ut,
360 1477 527 1522 voluptas
554 1484 606 1512 est
626 1478 777 1512 bonum.
830 1477 938 1518 Inde,
966 1478 1010 1512 ab
1026 1484 1178 1523 utraque
1195 1491 1276 1523 par·
1302 1483 1305 1521 Ι

272 1536 319 1569 te,
349 1541 429 1563 cum
448 1541 466 1562 a
484 1530 656 1569 subiecto,
685 1537 760 1564 tum
778 1541 797 1563 a
813 1530 1035 1574 praedicato,
1063 1537 1274 1574 argumenta
1302 1525 1305 1567 ἶ

272 1579 475 1615 trahentur.
515 1581 689 1621 Proinde,
715 1581 745 1615 si
763 1583 860 1626 quod
878 1580 997 1615 thema
1015 1581 1278 1622 disserendum,
1302 1575 1305 1613 l

272 1634 526 1678 probandum,
562 1634 878 1678 reprobandumve
903 1634 1131 1678 propositum
1157 1635 1277 1674 suerit,
1302 1630 1305 1669 Ι

272 1685 428 1720 dissolve
447 1685 485 1718 in
502 1692 644 1730 partes,
673 1698 869 1731 earumque
893 1686 1095 1726 finitiones,
1124 1698 1277 1725 caussas,
1302 1673 1305 1729 l

273 1738 426 1782 species,
454 1748 495 1770 ac
516 1737 678 1771 membra
695 1738 874 1782 perquire.
929 1738 1022 1772 Nam
1040 1749 1082 1771 ex
1099 1735 1154 1772 his
1172 1750 1276 1782 argu-
1302 1771 1305 1782 ¹

271 1796 393 1823 menta
417 1788 581 1833 colliges,
609 1795 648 1823 ut
667 1790 697 1823 si
712 1790 890 1830 finitioni,
917 1790 1069 1830 caussis,
1098 1802 1138 1823 ac
1165 1790 1277 1834 parti-
1302 1791 1305 1827 ς’

271 1842 338 1876 bus
366 1841 561 1886 voluptatis
586 1853 666 1875 cum
683 1842 781 1875 bono
798 1842 988 1882 convenit,
1017 1842 1122 1886 plane
1138 1843 1275 1876 bonum

272 1905 346 1928 esse
383 1893 528 1938 colliges
561 1894 798 1938 voluptatem.
859 1893 899 1927 ln
935 1895 1088 1927 eundem
1127 1895 1275 1928 modum

271 1952 356 1981 sunt
372 1952 406 1979 et
419 1952 540 1991 partes
556 1943 756 1980 thematum
782 1946 820 1979 in
843 1958 973 1991 genere
991 1946 1276 1980 demonstrativo
1303 1958 1304 1981 i

273 2004 335 2032 aut
363 1998 599 2032 deliberativo
622 1998 940 2043 pervestigandae,
973 2005 1034 2038 ut,
1061 1999 1091 2032 si
1110 1996 1277 2032 dehorte-

272 2050 321 2084 ris
342 2061 361 2082 a
388 2050 482 2083 bello
504 2049 634 2084 Turcis
658 2050 867 2091 inferendo,
903 2051 1060 2095 primuni
1087 2051 1171 2084 belli
1196 2062 1277 2094 per·
1302 2053 1305 2085 i

272 2102 431 2136 censebis
447 2102 679 2135 incommoda
698 2102 915 2147 generatim3
944 2102 1086 2142 deinde,
1105 2102 1167 2148 qui
1183 2101 1276 2136 Tur·
1302 2113 1304 2129 Α

272 2166 354 2193 cae,
388 2161 422 2187 et
451 2160 491 2188 ut
519 2154 651 2187 armati
680 2155 770 2195 sint,
807 2155 992 2200 quomodo
1019 2166 1085 2188 nos
1111 2155 1275 2188 instructi
1302 2172 1303 2176 =

272 2206 395 2240 simus.
459 2205 505 2240 Et
537 2218 617 2240 cum
646 2203 843 2240 Christiani
872 2219 1015 2246 sumus,
1050 2218 1125 2239 non
1151 2207 1275 2240 decere
1301 2235 1303 2253 4

271 2269 338 2292 nos
362 2270 483 2299 arma,
516 2258 647 2304 quibus
671 2258 805 2292 dictum
831 2265 904 2298 est,
939 2258 1058 2302 gladio
1082 2259 1275 2303 perituros,
1300 2260 1303 2300 j

273 2309 334 2355 qui
359 2310 477 2354 gladio
505 2310 712 2343 dimicaturi
734 2310 817 2344 sint.
876 2309 917 2343 In
942 2310 1108 2344 laudibus
1133 2311 1275 2355 praedi-

273 2367 373 2395 catur
392 2362 538 2402 sactum,
567 2368 618 2403 ut,
642 2362 748 2396 Mutii
766 2362 972 2402 Scaevolae,
995 2363 1092 2408 quod
1105 2362 1272 2407 privatim
1300 2364 1302 2390 ἶ

271 2413 360 2458 ipsi,
387 2413 516 2447 deinde
532 2420 567 2447 et
584 2414 753 2448 universo
770 2414 911 2448 nomini
931 2415 1100 2448 Romano
1112 2441 1121 2454 ,
1153 2421 1188 2448 et
1206 2412 1274 2448 ho·
1299 2401 1302 2420 ¹

271 2471 435 2506 nestum,
470 2472 505 2499 et
530 2465 616 2499 utile
637 2466 693 2500 sit.
737 2466 921 2507 Breviter,
951 2467 1129 2511 expendat
1152 2466 1274 2511 dispu-
1298 2473 1301 2499 Ι

272 2523 411 2551 taturus
441 2524 561 2562 partes
591 2515 779 2559 thematis,
826 2531 905 2552 cum
941 2518 978 2551 in
1011 2518 1112 2552 omni
1143 2530 1273 2562 genere

272 2569 468 2610 orationis,
496 2576 573 2603 tum
596 2569 750 2603 maxime
768 2570 805 2603 in
821 2570 957 2615 argutis
980 2577 1014 2603 et
1040 2569 1187 2604 lubricis
1204 2570 1272 2604 dis·
1299 2568 1301 2586 ¹

271 2621 531 2665 putationibus.
584 2621 703 2667 Atque
727 2620 784 2654 hic
815 2622 934 2662 vides,
971 2623 1032 2668 qui
1063 2623 1108 2656 sit
1138 2622 1273 2666 simpli-
1299 2620 1301 2656 ἓ

272 2673 366 2705 cium
391 2686 497 2714 usus,
525 2679 560 2706 et
583 2674 707 2719 quanti
734 2674 865 2707 referat
887 2675 922 2707 in
948 2681 1119 2719 promptu
1141 2671 1273 2707 habere
1299 2667 1302 2725 ᾗ

271 2723 487 2769 simplicium
512 2736 641 2759 vocum
667 2722 870 2760 methodos.
922 2725 1047 2772 Neque
1072 2725 1168 2760 enim
1198 2738 1274 2759 mu-
1299 2730 1303 2758 1

812 90 933 127 PHIL.
962 91 1075 128 MEL.
1103 91 1309 127 SCRIPTA
1335 93 1469 129 VARH
1495 94 1803 133 ARGUMENTI.

2263 100 2339 137 756

1335 179 1406 213 niri
1421 180 1492 214 ulla
1509 183 1685 216 sententia
1701 184 1814 218 solida
1832 184 2037 230 efficacique
2054 185 2195 220 ratione
2209 193 2327 232 potest

1332 232 1402 266 nisi
1420 240 1585 267 accurate
1603 242 1788 279 perspecta
1805 242 1935 269 natura
1957 237 2114 281 partium
2133 236 2313 274 thematis.

1437 284 1528 318 Sunt
1550 292 1668 319 autem
1694 287 1763 320 loci
1790 294 2109 333 argumentorum,
2138 302 2230 336 quae
2249 303 2267 324 a
2284 303 2340 325 re-

1332 334 1398 368 bus
1430 343 1621 380 petuntur,
1663 338 1819 380 Finitio‚
1855 340 1999 380 Genus,
2034 341 2197 385 Species,
2232 341 2340 376 Com-

1333 399 1462 428 mune,
1490 388 1736 431 Particulare,
1764 390 1992 433 Differentia,
2023 392 2174 434 Totum,
2201 393 2340 435 Partes,

1333 437 1508 481 Caussae‚
1548 440 1685 475 Eventa
1700 469 1709 483 ,
1747 442 1972 488 Pugnantia,
2013 444 2173 486 Similia,
2208 444 2339 486 Maius,

1333 489 1466 526 Minus.

2331 214 2341 229 ἱ

1741 580 1770 613 F
1780 580 1790 613 i
1803 580 1845 613 ni
1854 580 1935 618 tio,

1435 644 1691 682 Efficacissima
1711 654 1745 682 et
1762 649 1958 683 certissima
1976 649 2156 693 probandi
2171 648 2266 684 ratio
2286 656 2340 685 est

1332 708 1396 741 per
1428 698 1650 740 finitionem,
1689 712 1801 746 quare
1835 707 1870 734 et
1895 702 1939 734 ad
1965 701 2152 735 dialectica
2178 699 2339 735 themata

1333 750 1482 793 proprie
1509 751 1683 795 adplicari
1709 753 1824 786 debet.
1879 751 1979 786 Voco
2005 759 2126 787 autem
2152 753 2338 787 dialectica

1332 798 1513 842 themata,
1547 802 1677 848 quibus
1710 810 1878 838 naturam
1908 817 2029 838 rerum
2054 805 2339 850 propositarum,

1332 864 1494 894 caussas,
1530 861 1592 888 aut
1621 855 1736 888 officia
1766 856 2003 901 inquirimus,
2039 862 2163 891 exacto
2186 863 2223 891 et
2242 857 2338 891 iusto

1333 905 1472 946 ordine,
1501 905 1608 952 idque
1628 908 1862 951 argumentis,
1890 909 2011 954 quoad
2027 908 2105 942 fieri
2120 915 2250 953 potest,
2275 921 2339 942 ne-

1332 958 1494 991 cessariis
1519 964 1553 991 et
1574 959 1812 994 evidentibus.
1867 959 1944 993 Hoc
1967 972 2098 1004 genus,
2125 960 2190 993 alii
2212 960 2338 1005 apodi—

1331 1021 1410 1047 xes,
1444 1009 1505 1042 alii
1530 1011 1860 1046 demonstrationes
1885 1018 2072 1046 vocarunt.
2132 1011 2250 1058 Quale
2274 1018 2338 1052 est,

1331 1061 1360 1094 si
1378 1061 1550 1102 disseras,
1577 1062 1832 1097 liberalitatem
1853 1076 1927 1098 esse
1950 1063 2147 1104 iustitiam,
2177 1063 2240 1098 ubi
2262 1076 2337 1097 non

1331 1112 1514 1153 laudatur,
1541 1126 1617 1147 non
1635 1117 1806 1149 suadetur
1824 1115 2021 1150 liberalitas
2045 1115 2148 1161 (nam
2165 1113 2235 1149 hoc
2252 1128 2337 1160 pro-

1331 1165 1409 1209 prie
1435 1163 1623 1200 rhetorum
1646 1166 1734 1213 est),
1770 1168 1832 1202 sed
1856 1167 1931 1202 eius
1955 1173 2084 1201 natura
2100 1168 2336 1214 perquiritur.

1302 1227 1306 1252 ι
1330 1215 1406 1250 Iam
1433 1224 1522 1262 quot
1539 1218 1688 1252 finiendi
1709 1231 1841 1264 genera
1865 1232 1973 1264 supra
1998 1219 2175 1261 indicavi,
2202 1225 2257 1253 tot
2280 1231 2337 1253 ar-

1331 1270 1566 1313 gumentandi
1582 1270 1651 1304 loci
1669 1271 1833 1305 finitione
1851 1269 2222 1316 comprehenduntur.

1434 1321 1490 1356 Ab
1510 1323 1750 1368 etymologia,
1776 1330 1835 1365 ut,
1859 1323 1995 1358 Civitas
2013 1329 2078 1364 est,
2105 1335 2192 1369 ergo
2209 1322 2338 1368 populi

1332 1385 1526 1408 consensus
1548 1380 1611 1408 est.

1433 1425 1465 1458 A
1480 1425 1644 1459 finitione
1658 1454 1666 1467 ‚
1695 1438 1787 1472 quae
1805 1426 1994 1461 essentiam
2013 1426 2067 1460 rei
2082 1426 2257 1471 explicat,
2285 1432 2337 1467 ut,

1330 1476 1455 1511 Bonus
1471 1477 1619 1512 affectus
1637 1484 1686 1511 est
1699 1504 1708 1518 ‚
1736 1478 1845 1522 igitur
1862 1484 1896 1511 et
1913 1478 2027 1512 virtus
2047 1485 2110 1512 est.

1434 1529 1466 1562 A
1482 1529 1646 1562 finitione
1665 1541 1806 1565 caussas
1820 1536 1970 1564 notante
1982 1556 1991 1570 ,
2017 1536 2078 1571 ut,
2104 1529 2262 1564 Exortus
2281 1542 2339 1564 so—

1331 1579 1373 1614 lis
1391 1588 1454 1621 est,
1478 1581 1553 1614 dies
1571 1581 1680 1625 igitur
1698 1589 1762 1616 est.

1433 1633 1466 1665 A
1481 1632 1646 1666 finitione
1664 1645 1707 1667 ex
1725 1633 1970 1667 accidentibus
1996 1633 2162 1667 collecta:
2199 1633 2338 1667 Fabro-

1330 1695 1411 1717 rum
1431 1684 1537 1729 longe
1557 1685 1723 1730 princeps
1740 1694 1810 1726 est,
1838 1697 1924 1730 ergo
1942 1685 2125 1720 Daedalus
2144 1691 2208 1720 est.

1435 1736 1712 1771 Observandum
1731 1744 1783 1772 est
1798 1737 1836 1771 in
1854 1737 2092 1778 finitionibus,
2114 1738 2213 1784 quod
2231 1743 2266 1772 et
2280 1750 2339 1772 su-

1331 1799 1395 1832 pra
1424 1789 1652 1830 monuimus,
1687 1797 1726 1823 ut
1752 1790 1923 1835 propriae
1948 1790 2040 1830 sint,
2076 1789 2213 1834 pariter
2240 1789 2338 1823 enim

1303 1839 1304 1848 ¹
1331 1839 1537 1875 finitionum
1563 1842 1661 1876 locus
1686 1854 1704 1874 a
1729 1842 1831 1875 finito
1854 1843 1899 1875 ad
1918 1842 2142 1882 finitionem,
2169 1848 2205 1875 et
2221 1853 2240 1874 a
2257 1841 2338 1875 fini-

1303 1890 1305 1926 ζ
1331 1892 1430 1926 tione
1446 1894 1491 1925 ad
1508 1894 1651 1927 finitum
1668 1893 1750 1927 duci
1766 1894 1876 1933 solet,
1903 1894 2002 1940 quod
2020 1893 2097 1926 fieri
2115 1893 2262 1939 nequit,
2283 1893 2338 1926 ni-

1331 1944 1361 1978 si
1386 1944 1568 1979 finitiones
1592 1945 1763 1990 propriae
1787 1945 1870 1980 sint.
1924 1944 1999 1979 lam
2025 1951 2061 1978 et
2078 1945 2116 1978 in
2134 1945 2338 1979 iudicandis

1303 1996 1304 2002 ’
1331 1995 1555 2032 finitionibus
1576 1997 1773 2041 plurimum
1795 1998 1889 2031 valet
1911 1997 2118 2042 argumenti
2135 1997 2337 2031 conversio.

1330 2048 1423 2083 Nam
1443 2050 1492 2082 ita
1509 2049 1610 2082 facile
1627 2049 1803 2094 spectabis
1815 2076 1824 2090 ‚
1852 2050 2000 2094 propria
2018 2049 2181 2086 definitio
2196 2048 2261 2090 sit,
2289 2061 2337 2083 an

1330 2112 1426 2141 non,
1452 2107 1492 2136 ut
1511 2101 1658 2146 propria
1679 2108 1730 2135 est
1752 2100 1856 2135 baec:
1894 2100 2077 2136 Virtutem
2101 2113 2176 2136 esse
2197 2101 2335 2135 bonum

1330 2152 1496 2187 affectum
1508 2180 1517 2193 ,
1546 2153 1630 2199 quia
1656 2159 1811 2200 utroque
1830 2155 1940 2187 modo
1957 2153 2052 2187 valet
2069 2159 2337 2197 argumentum,

1330 2205 1443 2239 virtus
1467 2212 1538 2245 est,
1564 2217 1648 2249 ergo
1666 2206 1783 2240 bonus
1801 2206 1948 2240 affectus
1963 2212 2034 2244 est;
2063 2211 2097 2239 et
2114 2206 2232 2240 bonus
2251 2204 2337 2238 affe-

1329 2263 1405 2292 ctus
1428 2264 1500 2297 est,
1534 2269 1620 2302 ergo
1649 2257 1762 2292 virtus
1784 2265 1847 2292 est.
1901 2257 2104 2302 impropria
2130 2263 2183 2292 est
2206 2256 2336 2297 finitio,

1329 2309 1452 2342 vinum
1475 2321 1548 2343 esse
1561 2336 1569 2349 ,
1597 2311 1695 2355 quod
1714 2310 1914 2343 inflammet
1929 2310 2155 2354 sanguinem.
2207 2308 2335 2354 Neque

1329 2361 1424 2394 enim
1449 2362 1612 2394 converti
1640 2368 1776 2406 potest,
1810 2360 1879 2396 hoc
1902 2362 2029 2396 modo:
2064 2360 2131 2395 Est
2157 2361 2256 2407 quod
2280 2360 2335 2393 in-

1299 2425 1301 2435 *
1327 2413 1490 2446 flammat
1505 2412 1716 2458 sanguinem
1730 2441 1739 2454 ,
1764 2414 1874 2459 igitur
1889 2414 2013 2448 vinum
2031 2419 2094 2448 est.
2129 2412 2222 2446 Sunt
2237 2412 2333 2446 enim

1327 2471 1361 2498 et
1392 2465 1564 2511 pleraque
1601 2465 1692 2506 alia,
1740 2466 1871 2512 quibus
1903 2466 2144 2499 animantium
2177 2475 2333 2509 corpora

1327 2518 1584 2552 accenduntur.

1552 2602 1665 2637 Usus
1701 2602 1788 2636 loci
1826 2602 2110 2636 finitionum.

1431 2672 1472 2706 In
1508 2672 1594 2707 locis
1627 2684 1702 2705 non
1738 2679 1789 2706 est
1825 2672 1935 2712 alius,
1981 2684 2054 2717 quo
2092 2669 2333 2711 commodius,

1327 2737 1435 2772 quam
1455 2724 1535 2758 loco
1551 2723 1756 2759 finitionum
1778 2723 1828 2757 uti
1853 2735 1975 2769 queas.
2027 2722 2122 2758 Nam
2146 2722 2178 2758 si
2198 2727 2332 2756 natura
