2389 3037
86 121 157 157 721
600 117 676 152 VII.

85 207 222 246 rentia,
262 212 299 239 ut
335 203 445 237 homo
476 211 526 238 est
555 205 688 237 animal
719 205 969 238 intellectuale.

86 259 199 291 virtus
224 264 274 291 est
302 258 459 289 adfectus
490 257 616 289 bonus.
678 256 813 289 Vitium
849 263 899 289 est
931 257 1088 288 adfectus

85 310 212 343 malus.
276 308 400 342 Partes
434 308 526 340 enim
562 309 734 341 essentiae
765 309 858 341 iuxta
886 307 1088 352 proprieta-

86 368 156 395 tem
174 360 364 399 sermonis,
391 366 474 393 sunt
489 372 599 403 genus
618 366 648 392 ct
670 360 884 393 differentia.
939 358 1088 391 Boetius

85 414 219 446 referre
247 418 365 445 censet
391 411 442 456 (id
469 413 566 457 quod
594 418 627 444 et
645 424 708 455 ego
727 412 921 444 admodum
941 409 1088 455 probo),

86 471 125 498 ut
143 477 161 497 a
178 476 320 497 summo
338 475 466 506 genere
486 476 548 507 per
563 463 783 496 differentias
802 463 845 495 ad
864 463 1026 495 ultimam
1049 473 1088 493 ac

85 516 272 561 propriam
300 527 414 560 usque
446 515 742 560 progrediamur,
784 514 832 548 sic
863 514 1086 546 definiendo:

85 567 204 600 Homo
231 574 284 600 est
307 567 527 608 substantia,
562 579 756 612 corporea,
795 566 974 606 animata,
1010 576 1088 599 sen-

86 619 197 660 tiens,
235 618 496 653 intellectualis.
562 619 619 652 Sic
647 619 741 652 enim
768 618 819 650 rei
844 624 972 651 natura
998 617 1089 649 inte-

86 671 183 715 grius
213 677 247 703 et
276 671 474 704 absolutius
509 670 652 704 videtur
678 669 850 715 exprimi,
891 676 998 715 atque
1030 666 1089 701 hie

85 723 197 763 vides,
222 722 284 768 qui
301 723 345 756 sit
362 735 444 756 usus
461 723 852 766 praedicamentorum,
877 733 969 767 quae
986 732 1089 765 prae-

85 774 310 819 scripsimus,
355 786 505 818 nempe,
549 780 589 807 ut
619 774 850 819 suppeditent
882 773 1087 806 finitionum

86 826 291 859 materiam.
344 825 389 858 Et
411 823 478 858 hoc
505 825 650 871 quidem
670 826 818 859 finiendi
837 837 985 870 genere,
1013 836 1089 857 non

84 878 167 911 licet
188 877 331 921 evagari
348 884 445 910 extra
466 878 798 922 praedicamentum
817 878 851 910 id
864 905 872 918 ,
900 889 973 922 quo
993 889 1090 909 com-

85 927 324 974 prehenditur
355 930 517 969 finitum,
559 931 620 963 sed
654 930 811 964 eiusdem
840 929 1030 973 generibus
1057 934 1091 961 et

86 981 298 1014 differentiis
314 981 462 1014 utimur.
517 981 589 1015 Nec
607 983 780 1015 essentiae
797 982 912 1014 finitio
930 987 1000 1021 est,
1028 980 1089 1013 ubi

87 1045 129 1066 ex
145 1032 296 1066 diversis
314 1033 500 1066 ordinibus
521 1034 694 1078 quiddam
719 1033 934 1067 contexitur.
989 1031 1091 1064 Hanc

86 1084 236 1118 finiendi
267 1085 446 1117 rationem
479 1085 630 1119 crassius
662 1086 889 1130 exprimunt,
925 1085 987 1130 qui
1016 1096 1092 1116 non
1118 1119 1120 1128 ,

85 1142 159 1169 tam
179 1136 377 1175 sermonis,
406 1149 514 1181 quam
534 1144 684 1171 naturae
704 1137 882 1170 rationem
906 1133 1092 1175 habentes,
1118 1136 1120 1152 ¹

84 1187 228 1227 finiunt,
253 1187 400 1232 proprie
417 1188 550 1222 notatis
567 1189 729 1232 partibus
748 1189 812 1229 rei,
836 1195 887 1228 ut,
911 1185 1021 1220 homo
1041 1194 1093 1221 est
1119 1191 1120 1202 ¹

86 1240 185 1285 quod
211 1245 352 1273 constat
376 1252 417 1273 ex
446 1252 598 1284 corpore
629 1247 663 1273 et
695 1241 815 1273 anima
848 1238 1092 1273 intellectuali.

86 1291 189 1335 Quae
212 1291 328 1323 finitio
347 1292 392 1323 ad
414 1304 555 1326 caussas
576 1293 756 1337 pertinere
780 1293 934 1325 videtur.

190 1341 395 1376 Secundum
427 1343 576 1376 finiendi
603 1357 736 1387 genus,
772 1343 932 1376 definitio
961 1341 1093 1376 caussis

87 1399 275 1433 constans,
304 1395 500 1428 caussalem
528 1396 634 1438 vulgo
652 1401 793 1435 vocant,
822 1401 929 1440 atque
946 1391 1034 1427 haec
1054 1399 1093 1427 ut

85 1444 250 1489 proxime
279 1446 416 1478 accedit
440 1447 484 1477 ad
510 1445 755 1486 essentialem,
800 1446 846 1479 ita
875 1458 949 1479 non
982 1445 1091 1490 paulo

87 1496 273 1539 vulgarior
296 1502 347 1530 est
370 1497 569 1537 essentiali,
604 1495 671 1530 hac
698 1498 735 1530 in
765 1498 892 1542 primis
914 1495 1092 1530 Rhetores

88 1547 214 1580 crebro
241 1553 405 1581 utuntur.

87 1662 197 1691 sona,
233 1662 295 1684 seu
318 1663 374 1685 res
402 1651 555 1692 faciens,
591 1659 629 1685 ut
655 1659 758 1696 pater
786 1654 934 1697 gignens
966 1653 1092 1686 filium.
1118 1671 1119 1678 κ

87 1701 242 1735 Materia
279 1709 349 1743 est,
385 1715 427 1736 ex
463 1716 531 1748 qua
559 1704 597 1736 fit
624 1704 830 1749 quippiam,
868 1711 908 1738 ut
930 1717 971 1737 ex
993 1704 1091 1748 ligno
1118 1727 1119 1732 ,

88 1765 226 1794 mensa,
255 1766 297 1787 ex
316 1767 438 1798 panno
456 1755 574 1789 vestis.
608 1755 742 1788 Forma
764 1763 827 1796 est,
856 1769 924 1802 qua
943 1756 1092 1800 politur,
1117 1750 1119 1764 ³

89 1806 361 1851 adornaturque
392 1807 563 1847 materia,
597 1813 637 1841 ut
671 1807 777 1841 vestis
804 1809 942 1846 forma,
982 1821 1089 1853 quam

88 1869 231 1901 pannus
257 1864 426 1892 consutus
450 1860 570 1892 refert.
622 1858 722 1893 Finis
749 1866 818 1897 est,
853 1860 965 1903 gratia
993 1860 1093 1893 cuius

90 1908 227 1954 aliquid
244 1910 294 1949 fit,
318 1917 358 1943 ut
378 1923 529 1955 corpora
552 1918 761 1945 exercentur
779 1911 994 1945 valetudinis
1013 1923 1092 1955 gra-

91 1959 153 1994 tia.
214 1959 289 1993 Iam
316 1962 454 2002 licebit,
482 1962 708 1996 definitiones
734 1963 916 2008 concipias
943 1976 984 1996 ex
1008 1976 1092 2004 una,

91 2011 299 2056 pluribusve
330 2014 482 2054 caussis,
518 2021 556 2047 ut
589 2028 630 2048 ex
656 2016 846 2048 efficiente:
891 2015 1014 2048 Virtus
1042 2022 1093 2049 est

93 2063 238 2097 affectus
263 2065 435 2099 divinitus
458 2065 664 2110 inspiratus.
728 2068 882 2101 Caussae
908 2067 1093 2101 efficientis

90 2112 179 2148 haec
206 2116 320 2149 finitio
345 2124 414 2157 est,
441 2130 522 2150 nam
547 2131 609 2162 per
626 2125 788 2152 autorem
807 2133 908 2153 suum
929 2119 1091 2153 describo

92 2166 276 2201 virtutem.
342 2167 396 2201 Ex
432 2170 582 2202 materia
613 2177 646 2203 et
674 2172 810 2211 sorma,
846 2178 884 2205 ut
913 2171 1014 2216 panis
1043 2177 1094 2205 est

94 2225 233 2251 coctum
256 2220 427 2264 quiddam
450 2233 490 2253 ex
511 2222 624 2254 farina
639 2249 647 2262 ,
674 2223 790 2256 farina
819 2223 1006 2263 materies,
1036 2236 1094 2256 co-

95 2276 188 2303 ctum
213 2271 328 2303 forma
357 2279 419 2305 est.
474 2271 527 2305 Ex
555 2274 642 2313 fme,
678 2281 716 2307 ut
743 2276 870 2309 domus
897 2282 965 2315 est,
1002 2287 1094 2320 quae

94 2333 160 2354 nos
186 2323 230 2354 ab
254 2322 386 2355 iniuria
416 2331 666 2368 tempestatum
699 2327 867 2361 vindicat.
919 2327 1094 2360 Materiae

93 2374 303 2419 formaeque
328 2375 442 2408 finitio
466 2377 662 2410 essentialis
686 2385 746 2412 est.
801 2379 868 2412 Sed
891 2381 1095 2412 maluerunt

95 2424 282 2458 Dialectici
300 2439 428 2460 vocare
449 2429 692 2469 essentialem,
720 2443 811 2475 quae
829 2443 957 2475 genere
979 2438 1011 2464 et
1029 2431 1094 2463 ‹lif-

94 2477 254 2511 ferentiis
273 2486 390 2522 partes
408 2486 556 2513 naturae
575 2487 735 2520 notaret;
765 2484 958 2517 caussalem
972 2510 980 2523 ,
1003 2495 1094 2529 quae

96 2528 168 2562 suis
185 2530 393 2564 nominibus
412 2544 526 2565 crasse
548 2539 665 2576 partes
690 2534 917 2578 exprimeret.
971 2535 1095 2568 Caete-

732 115 1103 152 COMPENDIARIA
1130 102 1446 151 DIALECTICES
1472 114 1636 149 RATIO.

465 1548 515 1581 Ut
541 1561 684 1583 caussae
717 1556 874 1595 quatuor
907 1556 1009 1589 sunt,
1043 1549 1091 1582 ita
1118 1547 1120 1553 ’

88 1599 315 1645 quadruplex
332 1599 447 1632 forma
467 1600 616 1633 finiendi
634 1601 752 1647 est¹⁷).
790 1601 979 1640 Efficiens‚
1005 1601 1092 1634 Per—
1118 1600 1120 1632 ξ

2074 111 2148 148 722

1031 203 1089 237 Sic
1109 228 1117 240 ,
1144 210 1178 236 et
1195 204 1310 236 forma
1332 202 1484 235 conflata
1504 208 1574 241 est,
1604 198 1694 233 nihil
1710 200 1870 238 interest,
1899 203 2041 242 praeter
2060 198 2149 241 figu-

1142 267 1218 287 ram
1247 254 1436 288 sermonis.
1498 253 1593 298 Quid
1619 253 1713 286 enim
1740 251 1837 284 aliud
1867 256 1917 284 est
1947 249 2147 282 substantia

1143 318 1330 349 corporea,
1360 305 1518 338 animata
1537 305 1706 343 sentiens,
1735 301 1998 341 intellectualis,
2024 313 2147 346 quam,

1143 358 1239 404 quod
1258 357 1499 401 compositum
1520 363 1569 390 est
1590 369 1632 389 ex
1650 367 1823 400 corpore,
1851 361 1885 387 et
1903 353 2023 386 anima
2044 351 2148 384 intel-

1141 408 1310 441 lectuali?
1363 408 1513 440 Abdidit
1533 408 1627 441 enim
1646 420 1719 441 sese
1737 413 1866 439 natura
1887 405 1924 437 in
1940 403 2148 438 communia

1143 461 1320 505 quaedam
1348 460 1520 493 vocabula
1536 487 1544 499 ,
1573 466 1611 493 ut
1636 472 1765 503 corpus
1788 459 1969 501 signemus
1985 468 2049 501 per
2066 456 2149 489 sub-

1141 512 1310 545 stantiam
1329 523 1564 556 corpoream,
1598 511 1756 544 animam
1786 509 2061 543 intellectualem
2090 508 2149 541 de-

1141 564 1284 608 signent
1301 564 1462 609 reliquae
1479 569 1609 608 partes.

1246 616 1409 649 Pertinet
1425 613 1495 648 huc
1514 614 1649 655 finitio,
1679 626 1770 659 quae
1791 611 1948 658 propriis
1967 610 2149 656 operibus,

1142 680 1203 701 seu
1221 668 1354 702 effectis
1371 673 1523 707 constat,
1548 679 1617 712 qua
1637 666 1778 698 ratione
1799 664 1947 698 finiendi
1962 661 2059 696 haud
2079 661 2150 695 alia

1142 719 1328 763 vulgarior
1358 726 1428 760 est,
1456 725 1514 759 ut,
1542 718 1603 751 Sol
1628 724 1679 751 est
1702 724 1807 751 autor
1831 716 1921 756 diei,
1950 715 2025 749 dies
2053 713 2149 747 enim

1144 778 1195 805 est
1222 784 1312 816 opus
1337 771 1433 805 solis.
1494 770 1631 804 lustitia
1657 776 1727 809 est,
1763 780 1854 814 quae
1884 780 1986 801 suum
2021 766 2150 811 cuique

1143 824 1280 857 tribuit.
1336 823 1447 856 Suum
1467 823 1594 868 cuique
1615 821 1793 861 tribuere,
1821 826 1872 854 est
1890 818 2079 864 proprium
2098 818 2152 851 iu-

1143 876 1260 909 stitiae
1278 875 1447 909 officium.

1250 927 1507 972 Temperantia
1534 932 1585 959 est
1608 923 1761 958 rationis
1782 923 1819 956 in
1839 922 2026 956 libidinem
2045 927 2152 966 atque

1145 980 1181 1012 in
1201 980 1290 1013 alios
1307 992 1383 1013 non
1400 985 1515 1012 rectos
1535 978 1690 1022 impetus
1711 975 1823 1009 animi
1841 976 1943 1008 firma
1970 981 2003 1007 et
2029 973 2153 1006 mode-

1146 1038 1222 1064 rata
1256 1031 1470 1065 dominatio.
1544 1029 1637 1064 Nam
1666 1029 1846 1073 imperare
1879 1025 2042 1065 libidini,
2077 1025 2153 1058 offi-

1146 1083 1239 1116 cium
1263 1090 1315 1117 est
1345 1082 1617 1127 temperantiae.
1678 1079 1859 1113 Retulerit
1885 1091 1970 1123 ergo
1995 1078 2033 1110 in
2063 1089 2152 1123 quo-

1147 1148 1288 1180 cunque
1313 1133 1472 1168 themate
1496 1140 1658 1178 spectare
1685 1132 1759 1165 eius
1783 1130 1979 1175 genuinum
2008 1135 2042 1162 et
2067 1141 2152 1173 pro-

1118 1187 1265 1234 1prium
1304 1186 1473 1219 officium.
1534 1185 1659 1230 Neque
1698 1184 1792 1217 enim
1823 1183 1938 1216 solum
1972 1181 2153 1215 finitiones

1118 1236 1121 1287 l
1146 1236 1230 1270 hinc
1265 1244 1456 1282 petuntur,
1505 1238 1564 1270 sed
1604 1235 1895 1280 comparationes
1937 1232 2153 1273 rhetoricae,

1117 1289 1120 1314 l
1148 1289 1536 1334 amplificationesque,
1571 1294 1611 1321 ut
1643 1288 1739 1333 apud
1773 1287 1927 1320 Paulum
1966 1287 2007 1319 ad
2045 1285 2153 1319 Rom.

1118 1317 1224 1395 lcap.
1252 1349 1338 1376 VIII.
1374 1340 1655 1386 amplificatione
1691 1337 1956 1384 pulcherrima,
1998 1349 2153 1382 vereque

1118 1399 1121 1452 J
1145 1391 1320 1434 Paulina,
1350 1394 1586 1426 conferuntur
1605 1392 1751 1436 spiritus
1772 1398 1805 1424 et
1823 1403 1919 1425 caro,
1974 1390 2154 1423 Petuntur

1118 1453 1122 1491 ξ
1147 1445 1231 1478 item
1267 1443 1351 1478 hinc
1381 1445 1559 1478 formulae
1586 1450 1883 1487 argumentorum
1908 1442 1945 1475 in
1969 1441 2154 1482 suasoriis,

1118 1495 1120 1536 ἰ
1146 1494 1311 1537 honesti,
1339 1509 1378 1529 ac
1395 1496 1573 1530 utilitatis.
1618 1496 1747 1529 Ferme
1765 1496 1953 1529 effectuum
1972 1494 2154 1528 finitiones

1147 1562 1165 1581 a
1190 1549 1341 1593 proprio
1367 1555 1560 1593 petuntur,
1592 1554 1632 1582 ut
1655 1546 1765 1581 homo
1792 1547 1927 1580 animal
1951 1553 2019 1586 est,
2056 1546 2154 1591 quod

1146 1613 1313 1635 sermone
1345 1601 1479 1641 utitur,
1513 1601 1556 1633 de
1588 1600 1717 1646 quibus
1746 1600 1855 1644 paulo
1880 1605 1961 1644 post
1986 1611 2050 1633 sno
2073 1598 2152 1631 loco

1146 1653 1310 1697 pluribus
1332 1665 1490 1697 agemus.

1250 1705 1415 1737 Tertium
1436 1704 1583 1737 finiendi
1604 1716 1726 1748 genus,
1749 1703 1911 1736 definitio
1931 1715 2023 1749 quae
2042 1715 2154 1735 mem-

1145 1756 1208 1789 bra
1239 1757 1289 1789 rei
1316 1755 1547 1802 explicatffl),
1575 1762 1615 1789 ut
1632 1768 1760 1800 corpus
1779 1753 1936 1789 hominis
1955 1761 2025 1795 est,
2054 1756 2152 1801 quod

1117 1801 1120 1851 l
1147 1814 1286 1841 constat
1304 1808 1439 1852 capite,
1468 1806 1648 1847 humeris,
1674 1807 1859 1843 manibus.
1888 1814 2024 1847 ventre,
2054 1808 2153 1851 pedi-

1145 1860 1222 1893 bus.
1277 1858 1316 1892 In
1345 1858 1439 1893 hunc
1466 1861 1636 1899 modum,
1665 1872 1742 1892 cum
1772 1859 1882 1892 resin
1908 1860 2068 1892 membra
2089 1871 2152 1893 sua

1147 1912 1382 1955 discerpitur,
1412 1911 1555 1945 finimus
1577 1924 1640 1956 per
1664 1911 1920 1956 partitionem,
1956 1917 1996 1944 ut
2020 1910 2047 1945 si
2074 1911 2153 1957 quis

1145 1962 1202 1997 Ins
1227 1964 1329 1996 civile
1355 1963 1389 1996 id
1415 1976 1487 1997 esse
1510 1963 1624 2003 dicat,
1664 1964 1761 2009 quod
1788 1964 1824 1996 in
1852 1963 2008 2007 legibus,
2043 1962 2153 1996 Sena-

1146 2015 1396 2055 tusconsultis‚
1428 2017 1533 2049 rebus
1557 2015 1742 2055 iudicatis,
1774 2015 2064 2059 iurisperitorum
2092 2027 2153 2049 au-

1118 1655 1120 1670 ν

1118 1701 1120 1720 l

1117 1895 1120 1954 l

1117 1955 1120 1996 ¹

1118 1997 1120 2048 ἓ

1118 2050 1120 2103 l
1147 2068 1315 2108 toritate,
1344 2068 1467 2101 edictis
1490 2067 1784 2111 magistratuum,
1821 2079 1942 2107 more,
1972 2066 2153 2112 aequitate

1119 2116 1121 2194 ’ᾖ
1147 2119 1320 2152 consistit.

1120 2197 1122 2207 ,
1251 2171 1431 2216 Quartum
1459 2170 1606 2203 finiendi
1630 2183 1760 2214 genus,
1797 2171 1957 2203 definitio
1985 2177 2152 2205 constans

1120 2210 1122 2230 ¹
1148 2222 1391 2256 accidentibus
1411 2222 1477 2268 ¹⁹),
1523 2223 1583 2256 ubi
1619 2223 1752 2256 multae
1782 2223 1983 2256 adsciticiae
2013 2223 2152 2256 formae

1147 2287 1223 2307 rem
1251 2275 1449 2321 quanpiam
1477 2275 1704 2314 describunt,
1737 2281 1775 2307 ut
1794 2275 1893 2308 Mors
1911 2275 2034 2307 ultima
2058 2275 2151 2308 linea

1121 2325 1123 2374 l
1147 2339 1292 2367 rerum,
1330 2327 1364 2359 in
1397 2324 1452 2360 liis
1484 2327 1608 2359 crebro
1640 2327 1777 2359 utimur
1801 2339 1929 2371 genere
1957 2339 2035 2360 cum
2063 2327 2152 2360 acci-

1148 2379 1274 2419 dente,
1302 2385 1339 2412 ut
1358 2378 1520 2423 Halcyon
1538 2378 1612 2412 avis
1631 2385 1682 2412 est
1699 2379 1806 2422 paulo
1825 2378 1981 2423 amplior
1998 2391 2151 2424 passere,

1122 2459 1124 2482 l
1149 2430 1269 2463 colore
1295 2430 1458 2463 caeruleo
1486 2442 1527 2463 ex
1552 2436 1654 2474 parte
1671 2430 1831 2471 maiore,
1858 2437 1997 2464 tantum
2017 2444 2151 2476 purpu-

1122 2517 1124 2531 ἶ
1149 2482 1219 2516 reis
1243 2489 1276 2516 et
1302 2482 1462 2516 candidis
1489 2482 1656 2515 admixtis
1680 2482 1828 2526 pennis,
1856 2483 1947 2515 collo
1967 2483 2090 2527 gracili
2112 2495 2152 2515 ac

1122 2560 1124 2579 :
1149 2546 1320 2578 procero,
1358 2541 1423 2568 etc.
1487 2533 1596 2566 Larix
1628 2534 1764 2578 lignum
1792 2541 1843 2568 est
1868 2535 1983 2567 mellei
2009 2533 2151 2574 coloris,

96 2592 198 2620 rum,
226 2581 320 2614 inter
343 2583 566 2616 essentialem
592 2591 625 2617 et
649 2598 746 2625 eam,
773 2599 864 2631 quae
885 2599 925 2620 ex
945 2587 1094 2620 materia
1122 2595 1124 2618 J

136 2717 180 2749 17)
201 2719 302 2777 ἱῆἑιηοῑ.
323 2726 425 2751 marg:
459 2722 499 2745 Ex
525 2723 642 2752 quatuor
667 2722 777 2746 caussis
797 2724 966 2754 quadruplex
986 2725 1097 2749 finiendi

168 2760 199 2777 ra
215 2760 221 2776 Ι
244 2772 248 2776 .

98 2795 283 2826 MELANTH.
307 2796 414 2827 ΟΡΕιι.
449 2798 534 2829 Vox..
558 2799 630 2829 XX.

1123 2623 1125 2634 ι

1123 2636 1125 2666 l
1188 2679 1233 2709 18)
1253 2681 1353 2705 Annot.
1368 2686 1471 2712 marg.:

1124 2727 1127 2763 Ι
1222 2718 1281 2740 not.
1299 2714 1413 2746 deest.).

1189 2757 1234 2790 ¹9)
1255 2759 1355 2784 Annot.
1375 2764 1462 2789 marg.
1472 2766 1478 2782 :

1497 2679 1626 2704 Definitio
1646 2686 1679 2703 ex
1699 2679 1828 2704 membris
1849 2680 1894 2712 (1η
1914 2679 1961 2704 Ed.
1977 2680 2000 2704 2.
2018 2680 2085 2703 haec
2098 2685 2151 2703 au-

1508 2758 1637 2782 Definitio
1658 2764 1692 2781 ex
1711 2757 1906 2782 accidentibus.

1686 2793 1733 2827 46
