2389 3037
103 100 180 139 585

143 185 327 223 CCXXIX.
366 186 429 221 De
458 185 649 220 consule
679 190 865 229 petente
893 197 912 217 a
941 189 1078 229 poeta

456 236 762 271 mendacium.

209 307 370 354 Quidam
408 307 533 341 consul
574 307 612 339 in
642 305 864 339 Pomerania
895 303 1115 337 invitaverat
1140 305 1141 330 ἶ

101 366 249 406 poetam
285 360 329 393 ad
363 358 592 399 convivium,
637 364 672 391 et
697 364 738 392 ut
762 357 945 391 videretur
966 355 1113 395 facetus,
1140 356 1141 388 ἶ

102 412 211 446 dixit:
254 411 435 455 Regulare
469 416 539 451 est,
584 411 682 456 quod
706 416 835 455 poetae
868 407 1143 453 mentiantur33

103 464 210 498 dicite
233 463 345 508 igitur
368 460 459 496 mihi
486 462 636 508 aliquod
660 461 902 496 mendacium.
970 457 1034 492 llle
1060 470 1115 491 re-

103 516 275 561 spondet:
312 513 471 549 Domine
496 514 640 555 consul,
667 513 753 560 quid
777 525 835 546 me
860 511 1016 551 vexatis,
1050 523 1115 544 vos
1142 535 1143 539 ,

103 567 187 602 estis
213 567 270 600 vir
294 567 424 601 bonus.
496 566 632 601 Consul
666 577 752 599 vero
783 565 892 599 istum
925 561 1113 597 hominem

103 630 181 653 non
196 618 386 653 intellexit.

365 703 534 738 CCXXX.
572 702 634 736 De
662 701 857 748 pictore.

209 772 368 818 Quidam
387 772 506 816 pictor
523 771 561 804 in
578 770 798 804 mactatione
814 767 1023 815 Iphigeniae
1042 767 1116 801 cui·
1143 800 1144 808 ¹

103 824 194 857 libet
215 825 346 857 ducum
370 823 455 857 fecit
474 823 693 868 peculiarem
721 828 881 867 gestum,
915 833 987 867 quo
1011 819 1117 853 dolor

105 881 141 909 et
165 881 283 920 gestus
305 875 589 920 significaretur,
620 881 656 908 et
680 874 791 908 alium
817 873 935 918 pinxit
957 872 1117 911 flentem,

105 927 216 961 alium
236 927 308 960 alio
327 935 427 972 gestu
445 927 610 961 dolorem
625 926 901 971 significantem.
948 924 1019 958 Sed
1035 936 1116 957 cum
1143 934 1145 952 :

104 991 182 1012 non
199 985 320 1024 posset
338 991 426 1024 prae
444 978 696 1023 magnitudine
713 977 851 1011 doloris
869 976 1037 1010 affectum
1053 987 1117 1020 pa-

104 1031 172 1065 tris
181 1030 214 1078 ⁴)
238 1030 461 1075 exprimere,
489 1030 608 1075 pinxit
627 1042 709 1064 eum
728 1029 885 1063 obducto
908 1035 986 1062 toto
1003 1028 1117 1062 vultu.

197 1114 384 1152 CCXXXI.
421 1116 482 1151 De
507 1115 830 1150 Maximiliani
858 1115 1028 1149 indole.

213 1186 372 1233 Quando
398 1188 671 1223 Maximilianus
707 1187 914 1221 adolescens
944 1185 1012 1219 fuit
1044 1184 1119 1217 Ro-
1143 1150 1148 1268 ἱ

106 1249 189 1272 mae
206 1251 288 1272 cum
311 1240 422 1273 fratre
437 1239 647 1280 Friderico,
680 1245 784 1284 pater
808 1237 906 1272 misit
932 1237 964 1270 ei
986 1248 1119 1270 munus

107 1289 337 1332 natalitium,
383 1291 451 1329 (ξίη
481 1300 552 1328 nem
576 1291 691 1337 &batt
736 1303 797 1325 sex
817 1287 968 1335 pulchra
996 1300 1120 1333 poma,

109 1353 203 1387 quae
224 1348 328 1376 erant
345 1342 398 1376 illi
418 1343 564 1378 aliunde
581 1344 689 1378 missa
702 1369 711 1382 ‚
747 1341 904 1387 voluit⁵)
929 1341 1119 1386 explorare

107 1393 295 1437 ingenium
323 1394 407 1435 filii,
443 1401 477 1428 et
504 1395 542 1428 in
568 1395 638 1428 illis
655 1395 707 1430 20
723 1406 852 1428 aureos
871 1393 1011 1426 infixos.
1064 1391 1119 1425 Illi

109 1451 251 1485 autem,
279 1446 464 1492 quierant
486 1446 607 1487 missi,
634 1443 878 1480 exhibuerunt
898 1450 1121 1484 reverenter,

108 1503 150 1531 ut
171 1497 333 1532 decebat.
387 1498 501 1533 Filius
525 1497 715 1543 respondit
740 1510 777 1532 se
798 1502 1008 1530 reverenter
1031 1495 1122 1530 illud

109 1561 244 1583 munus
269 1549 452 1594 accipere,
481 1556 516 1584 et
545 1556 736 1584 oraturum
761 1561 797 1584 se
815 1548 953 1589 Deum,
990 1555 1030 1582 ut
1054 1560 1122 1592 pa-

110 1606 203 1634 trem
220 1607 339 1634 servet
353 1601 595 1642 incolumem,
620 1613 730 1648 seque
756 1600 1002 1635 obedientiam
1025 1599 1123 1645 patri

110 1652 150 1685 in
165 1652 336 1687 omnibus
351 1654 634 1687 declaraturum.
681 1653 812 1687 Postea
832 1651 1025 1686 collocavit
1044 1664 1123 1685 mu-

110 1716 180 1738 nus
196 1704 234 1737 in
251 1716 435 1747 mensam,
463 1711 498 1739 et
513 1704 686 1750 inspexit;
714 1704 777 1738 ubi
794 1710 914 1737 autem
940 1703 1032 1736 vidit
1055 1703 1123 1736 im-

113 1756 253 1801 positos
278 1768 429 1798 aureos,
472 1757 615 1801 collegit
640 1762 676 1790 et
701 1755 831 1789 abiecit
853 1755 949 1788 inter
975 1755 1124 1789 iuvenes

114 1808 275 1848 sodales,
317 1808 503 1855 inquiens:
546 1808 611 1842 Illa
635 1813 753 1842 vestra
776 1814 880 1847 sunt,
921 1807 982 1841 sed
1012 1818 1123 1851 poma

113 1857 205 1893 mihi
229 1859 421 1904 diligenter
443 1861 527 1894 volo
552 1859 703 1896 servari.
773 1859 883 1905 Quod
909 1871 989 1893 cum
1015 1858 1124 1903 patri,

115 1910 179 1957 qui
196 1911 388 1956 diligenter
405 1925 423 1946 a
441 1913 659 1947 relatoribus
677 1911 830 1945 reversis
847 1910 988 1955 singula
1004 1910 1125 1956 inqui-

112 1963 238 2004 rebat,
266 1964 419 1998 relatum
448 1971 558 2005 esset,
586 1964 722 2009 placuit
748 1963 778 1996 ei
803 1969 835 1996 et
864 1963 986 1996 ridens
1015 1963 1123 1996 dixit:

112 2014 235 2056 Bene,
277 2014 378 2052 §mein
410 2014 467 2060 fon
501 2018 611 2053 mfirbt
643 2017 694 2052 ein
729 2014 957 2060 sttetgnebtein
981 2017 1123 2050 methea.

112 2066 274 2108 Placuit,
322 2070 421 2114 quod
446 2075 542 2102 recte
568 2068 809 2103 distribuisset
846 2073 881 2100 et
911 2067 1126 2112 applicasset

114 2118 174 2152 illa
194 2120 311 2160 dona,
340 2132 433 2166 quae
456 2120 514 2154 isti
540 2133 625 2155 suae
644 2120 755 2154 aetati
780 2125 884 2153 erant
907 2119 1125 2153 convenien-

114 2170 179 2211 tia,
206 2171 368 2215 neglecta
385 2172 552 2216 pecunia,
574 2184 683 2218 quam
701 2172 731 2206 si
749 2171 955 2216 accepisset,
981 2171 1122 2216 signum
1150 2169 1153 2203 i

114 2222 340 2267 praebuisset
355 2223 567 2258 abiectionis
586 2230 744 2258 nostrae.
797 2223 1069 2257 Animadvertit
1088 2223 1125 2255 in

117 2286 159 2307 eo
176 2274 314 2319 regiam
331 2275 491 2309 indolem
519 2282 554 2309 et
577 2275 833 2310 liberalitatem
858 2275 896 2308 in
921 2276 1002 2309 loco
1028 2287 1126 2308 com-

115 2327 278 2361 modam.

235 2410 434 2447 CCXXXH.
478 2411 540 2446 De
568 2412 774 2447 Doctore
811 2414 1007 2461 quodam

482 2465 757 2501 Pomerano.

223 2531 417 2568 Praestans
458 2533 606 2580 quidam
646 2533 714 2567 fuit
748 2532 887 2568 Doctor
927 2533 1125 2580 aliquando

117 2581 411 2629 Wittembergae
442 2586 591 2619 nomine
618 2583 815 2621 Muschler.
882 2584 914 2621 Is
946 2599 1026 2620 cum
1062 2585 1126 2618 ali-

154 2694 185 2727 4)
205 2695 311 2726 patris]
332 2695 359 2719 in
380 2695 447 2721 Cod.
468 2696 555 2720 deest.

154 2739 186 2768 5)
205 2739 309 2768 voluit]
329 2739 414 2765 Cod.:
439 2740 527 2764 noluit

289 99 334 136 V.
386 97 649 134 HISTORJAE
677 96 922 144 QUAEDAM
949 94 1232 131 RECITATAE
1259 94 1411 131 INTER
1437 93 1674 129 PUBLICAS
1698 93 1982 130 LECTIONES.

1141 568 1143 572 ,
1168 545 1308 579 Doctor
1325 545 1530 589 respondit:
1561 545 1728 579 Scientia.

2097 92 2174 130 586

1169 182 1315 228 quando
1334 181 1474 215 veniret
1489 182 1533 214 ad
1552 181 1704 226 Augusti
1721 181 1895 226 principis
1921 180 2109 225 coniugem
2138 181 2175 213 in

1140 279 1142 287 ‚
1168 234 1287 268 aulam
1301 261 1310 275 ,
1338 233 1513 266 invitatus
1533 240 1584 267 est
1602 234 1645 266 ab
1664 233 1723 266 illa
1743 235 1788 267 ad
1814 246 1962 266 coenam
1975 261 1984 274 ,
2010 233 2071 266 ubi
2092 244 2176 265 con-

1168 287 1292 319 stituto
1313 292 1476 329 ternpore
1495 285 1710 328 comparuit,
1736 288 1825 321 Dnnb
1846 286 1953 330 baben
1970 284 2028 330 st'd)
2045 295 2082 329 δυ
2102 282 2175 329 iisd)

1168 336 1266 384 gese&
1287 338 1335 373 bie
1359 334 1492 380 ῗςίίτὶἶίη
1517 337 1624 381 sumpt
1648 338 1719 372 iren
1737 337 1975 382 Suncfftamen
2001 339 2090 373 vnnb
2107 338 2178 372 bem

1168 389 1311 425 &octova
1365 388 1411 422 Et
1426 388 1520 421 inter
1538 390 1766 423 coenandum
1785 390 1900 423 movit
1926 389 2178 436 quaestionem

1168 441 1383 486 principissa
1415 452 1455 473 ac
1479 439 1676 474 Doctorem
1706 441 1907 485 interrogat
1931 442 2069 474 dicens:
2106 439 2178 487 xDet

1141 499 1142 509 ¹
1169 493 1320 535 Zoctots
1348 490 1421 538 fagt
1438 493 1502 528 mit
1513 518 1524 536 Ι
1552 497 1627 528 mag
1642 492 1721 538 beist
1739 492 1802 537 auf
1814 493 1989 538 ssateinisd)
2006 494 2056 528 ein
2076 490 2179 535 funii.

1784 546 1844 582 Qu
1864 545 1935 591 sagt
1954 546 2003 581 bie
2021 542 2178 588 &fitstinz

1170 598 1222 641 (ξι)
1247 596 1302 640 bet
1326 596 1480 639 rotot,
1526 601 1561 632 eg
1585 596 1623 639 ist
1646 598 1698 632 ein
1725 600 1826 633 anbet
1848 602 1946 633 mott.
2018 596 2079 632 Qu
2105 600 2179 631 ant:

1170 651 1278 685 morht
1294 651 1348 685 ber
1365 648 1517 685 moeret:
1548 648 1601 689 ἴςα
1624 650 1758 694 gnebige
1775 650 1898 693 ἷςταη),
1925 650 1954 684 it
1978 648 2035 693 seit
2059 649 2122 683 bag
2147 658 2180 690 α,

1141 698 1143 710 ²
1169 701 1214 746 id)
1236 702 1291 737 bin
1306 703 1368 737 ῠαέ
1387 711 1423 743 τ,
1451 704 1516 737 »nb
1534 702 1583 737 bie
1601 700 1800 745 Suncfftam
1818 704 1879 737 δαέ
1898 704 1936 743 ἐ,
1962 701 1996 745 fo
2019 699 2082 735 [eft
2098 698 2179 745 mid)

1142 767 1143 777 ¹
1170 764 1241 789 nun
1273 754 1308 789 a!
1337 755 1438 789 Denen
1464 752 1626 799 gusamen.

1688 751 1740 786 Ibi
1767 752 1980 798 principissa
2005 752 2183 796 incipiens

1143 810 1144 824 ¹
1170 806 1289 839 ridere
1312 805 1496 851 inquiens:
1534 806 1587 849 (ξι)
1613 805 1671 851 ber
1695 805 1847 848 metor,
1882 808 1957 840 mag
1981 803 2082 848 Tollen
2106 804 2181 839 rozir

1171 856 1280 903 rbem?
1332 855 1386 890 Ibi
1403 856 1543 890 Doctor
1567 859 1780 891 erubescens
1799 869 1873 891 sese
1891 856 2093 896 excusavit,
2120 867 2183 888 vo-

1142 919 1144 923 ’
1170 910 1238 943 luit
1257 910 1352 942 enim
1379 909 1515 943 dicere:
1552 910 1647 954 &get
1671 909 1750 955 mid>
1777 908 1855 954 aud)
1881 908 2052 954 ἆαῖατηεη,
2083 907 2181 953 quod

1172 968 1291 995 autem
1307 961 1407 1006 prius
1424 961 1532 995 dixit:
1563 962 1643 997 [etet
1660 961 1740 1007 mid)
1762 963 1824 997 aue
1841 960 2013 1007 &infamem
2041 959 2079 992 id
2097 970 2181 993 suae

1170 1013 1316 1058 linguae
1334 1012 1471 1046 idioma
1490 1013 1578 1052 fuit3
1608 1020 1686 1047 erat
1705 1013 1801 1047 enim
1819 1013 1926 1047 Saxo.

1217 1096 1434 1133 CCXXXIII.
1470 1098 1532 1132 De
1558 1098 1785 1144 Hispanis
1808 1097 2138 1132 accusantibus

1540 1150 1811 1186 Germanos.

1263 1217 1354 1252 Orta
1373 1224 1451 1251 erat
1469 1218 1645 1253 dissensio
1662 1218 1700 1252 in
1719 1219 1800 1253 aula
1813 1217 2048 1263 Imperatoris
2060 1216 2183 1251 Caroli

1173 1269 1292 1316 quinti
1303 1270 1398 1304 inter
1408 1270 1599 1304 satellitem
1610 1270 1848 1316 Hispanicum
1868 1277 1901 1303 et
1912 1269 2185 1310 Germanicum,

1172 1322 1295 1356 nescio
1312 1334 1354 1356 ex
1373 1334 1443 1368 qua
1464 1335 1583 1357 causa.
1620 1322 1671 1356 lbi
1691 1323 1839 1369 quidam
1856 1322 2009 1367 Hispani
2027 1321 2185 1355 insolen-

1173 1374 1284 1408 tiores
1313 1374 1448 1408 adeunt
1470 1373 1733 1420 Imperatorem
1763 1380 1797 1409 et
1820 1374 2019 1408 insolenter
2043 1379 2185 1418 petunt,

1173 1432 1214 1460 ut
1239 1437 1364 1460 omnes
1390 1426 1596 1461 Germanos
1623 1439 1666 1460 ex
1690 1427 1771 1461 aula
1799 1426 1977 1464 dimittat;
2018 1437 2054 1459 se
2087 1424 2184 1458 enim

1174 1477 1310 1512 servire
1327 1489 1404 1511 non
1422 1490 1547 1523 posse,
1581 1478 1610 1513 si
1635 1478 1687 1511 illi
1710 1478 1818 1512 simul
1839 1478 2010 1512 serviant.
2070 1475 2186 1521 Impe-

1174 1535 1277 1562 rator
1292 1529 1445 1564 miratus
1463 1530 1610 1564 illorum
1627 1530 1773 1565 stultam
1796 1536 1830 1564 et
1855 1530 2070 1564 insolentem
2096 1529 2186 1573 peti-

1176 1581 1335 1622 tionem,
1371 1580 1492 1623 Bene,
1525 1582 1665 1629 inquit,
1696 1582 1995 1628 quandoquidem
2019 1592 2096 1614 non
2122 1593 2186 1625 po-

1176 1633 1275 1668 testis
1292 1634 1406 1674 ferre,
1434 1634 1592 1675 curabo,
1619 1641 1660 1668 ut
1680 1634 1888 1668 liberemini
1912 1634 1978 1668 ista
2005 1632 2183 1667 molestia.

1177 1684 1375 1720 Constituit
1405 1686 1475 1720 illis
1508 1693 1645 1720 certum
1680 1686 1796 1727 diem,
1835 1686 1898 1732 qui
1923 1698 2004 1720 cum
2035 1685 2187 1724 adesset,

1177 1743 1374 1782 congregat
1390 1749 1515 1772 omnes
1532 1738 1737 1772 Germanos
1753 1739 1789 1772 in
1807 1750 1918 1772 unum
1937 1738 2072 1777 locum,
2090 1735 2187 1769 Boni

1177 1788 1285 1829 socii,
1328 1789 1517 1835 inquiens,
1558 1790 1766 1835 petiverunt
1798 1802 1817 1823 a
1848 1802 1905 1823 me
1929 1788 2103 1833 Hispani,
2148 1793 2187 1821 ut

1178 1852 1304 1875 omnes
1328 1840 1531 1875 Germanos
1565 1841 1758 1876 dimittam.
1826 1841 1903 1886 Ego
1932 1852 2078 1887 quoque
2106 1851 2185 1873 sum

1178 1892 1395 1927 Germanus.
1464 1892 1594 1927 Venite
1625 1894 1756 1938 igitur,
1802 1894 1994 1934 abeamus,
2041 1904 2086 1925 ne
2117 1890 2187 1925 illis

1178 1943 1331 1992 simusss')
1350 1944 1511 1984 molesti;
1538 1952 1572 1979 et
1590 1957 1785 1980 conscenso
1802 1958 1896 1992 equo
1914 1943 2099 1990 praecedit
2115 1955 2188 1977 eos.

1177 1995 1233 2030 Illi
1251 1997 1337 2030 laeti
1354 2003 1388 2030 et
1409 1997 1605 2032 clamantes
1622 2004 1836 2044 sequuntur.
1889 1995 1942 2030 Ibi
1958 1995 2112 2040 Hispani
2131 2007 2187 2027 ac-

1179 2055 1331 2082 currunt
1348 2056 1382 2082 et
1402 2050 1446 2082 ad
1468 2050 1577 2094 pedes
1600 2062 1636 2084 se
1662 2049 1857 2090 abiiciunt,
1885 2049 2044 2082 retinent
2066 2047 2187 2080 frenos

1179 2107 1214 2134 et
1231 2113 1362 2147 equos,
1392 2107 1426 2134 et
1445 2108 1552 2135 orant
1570 2114 1634 2147 per
1652 2100 1769 2135 Deum
1783 2129 1792 2142 ,
1820 2113 1865 2135 ne
1883 2113 1988 2146 aegre
2012 2100 2105 2133 ferat
2128 2110 2187 2132 eo-

1178 2165 1260 2186 rum
1278 2153 1505 2198 petitionem.

1180 2237 1413 2274 CCXXXIIII.
1457 2238 1517 2273 De
1546 2239 1758 2285 symbolo
1787 2236 2018 2283 Alphonsi
2051 2236 2187 2280 regis.

1281 2308 1369 2342 Pro
1399 2308 1499 2353 lege
1529 2314 1572 2341 et
1603 2320 1683 2353 pro
1720 2319 1854 2352 grege
1891 2307 1914 2341 i.
1938 2319 1968 2341 e.
2002 2318 2069 2351 pro
2105 2304 2188 2339 reli-

1180 2359 1286 2404 gione
1303 2366 1338 2394 et
1357 2360 1565 2395 defensione
1589 2359 1830 2394 subditorum.
1892 2357 1957 2392 Est
1979 2364 2052 2391 tam
2079 2369 2187 2402 grave

1180 2412 1316 2446 dictum
1335 2424 1443 2458 quam
1461 2412 1575 2446 ullum
1595 2412 1693 2446 aliud
1710 2411 1818 2445 etiam
1845 2411 1941 2455 apud
1963 2416 2122 2450 veteres,
2153 2414 2188 2442 et

1180 2463 1210 2498 si
1234 2463 1421 2510 Lycurgus
1456 2465 1554 2498 aliud
1585 2464 1719 2498 dictum
1755 2463 1932 2503 scivisset,
1974 2461 2050 2496 sine
2075 2460 2185 2494 dubio

1181 2515 1289 2549 etiam
1308 2516 1504 2551 recitasset.
1568 2515 1646 2561 Ipse
1662 2513 1871 2560 Alphonsus
1894 2514 2020 2548 solitus
2047 2519 2099 2547 est
2122 2509 2186 2544 ha-

1180 2568 1264 2601 bere
1291 2568 1329 2600 in
1352 2581 1416 2602 suo
1438 2566 1662 2614 hypocausto
1686 2580 1788 2601 avem
1813 2566 2051 2612 pellicanum,
2077 2575 2185 2609 quem

1180 2620 1288 2653 talem
1311 2620 1473 2654 scrIbunt
1489 2619 1623 2654 habere
1645 2627 1835 2659 naturam,
1865 2631 1943 2651 cum
1969 2615 2082 2660 gignit
2107 2614 2186 2659 pul·

1216 2738 1248 2768 6)
1267 2737 1364 2769 simus]
1386 2738 1470 2762 com:
1497 2744 1592 2761 sumus
