2421 3037
253 121 328 158 299
819 114 943 150 PHIL.
981 113 1095 149 MEL.
1129 111 1334 147 SCRIPTA
1367 110 1708 146 PfflLoLoGch.
2236 113 2312 148 300

250 220 352 247 nem,
381 212 420 240 ut
444 206 567 249 algeo,
594 203 727 247 frige0,
757 202 869 236 caleo.
924 200 1033 234 Pueri
1059 200 1190 234 diserte
1207 198 1255 246 89)
1310 198 1433 243 Inepte
1450 198 1669 232 addiderunt
1696 198 1820 238 exulo,
1855 197 1890 230 id
1917 197 2012 231 enim
2038 210 2112 231 non
2136 197 2313 243 significat

251 260 443 293 observent
471 256 661 290 discrimen
689 253 848 287 nominis
874 265 914 286 ac
940 252 1052 285 verbi.
1113 252 1257 286 Nomen
1310 250 1483 295 relegari,
1509 251 1571 284 sed
1588 250 1703 284 solum
1720 251 1887 290 vertisse,
1916 256 1950 282 et
1965 250 2081 294 patria
2098 249 2291 296 carerem).

249 323 371 344 rerum
397 307 708 342 nomenclaturam
736 305 916 344 continet3
960 303 1119 337 Verbum
1146 303 1257 336 actio-
1416 302 1618 336 Commune
1652 314 1763 345 genus
1796 302 1990 335 verborum
2016 301 2053 334 in
2079 313 2121 334 or
2148 302 2314 335 desinen-

250 375 332 396 nem
358 368 391 394 et
413 359 617 404 passionem
640 370 720 391 cum
751 356 1019 391 discriminibus
1049 362 1256 400 temporum
1311 355 1423 394 tium,
1453 366 1544 398 quae
1560 354 1777 398 promiscue,
1805 354 1892 387 alias
1912 353 2039 393 active,
2068 353 2156 387 alias
2173 353 2314 398 passive

250 421 283 447 et
310 423 561 457 personarum.
1310 406 1532 451 significant,
1566 412 1606 439 ut
1629 405 1803 438 criminor
1826 403 2111 445 Phormionem,
2140 405 2315 439 criminor

1311 471 1329 491 a
1356 457 1593 492 Phormione.
1656 456 1860 490 Discrimen
1880 457 2153 501 significationis
2179 456 2318 490 indicat

1312 510 1552 550 constructio,
1593 521 1655 543 seu
1680 521 1781 543 casus
1806 520 1981 554 personae
2005 509 2164 543 adiectus
2190 509 2317 544 verbo.

1310 561 1416 596 Nunc
1452 574 1528 595 non
1564 561 1613 594 ita
1650 561 1762 595 multa
1800 573 2034 595 numeramus
2070 561 2181 594 verba
2218 572 2317 595 com-

612 493 901 527 Accidentia.

351 564 473 597 Verbo
492 563 659 597 accidunt
677 569 776 596 octo:
804 561 939 602 Genus,
964 560 1118 605 Species,
1146 559 1257 592 Tem-

248 629 327 663 pus,
355 616 500 655 Modus,
527 615 674 660 Figura,
700 614 875 654 Persona,
896 613 1090 651 Numerus,
1111 618 1144 645 et
1163 611 1257 645 Con·
1310 613 1449 648 munia,

250 668 400 713 iugatio.
1469 672 1653 707 Criminor
1816 672 1972 707 Osculor

657 742 690 776 G
700 755 717 776 e
726 755 750 775 n
762 755 778 776 e
789 755 807 776 r
817 755 848 776 a·
1467 724 1608 758 Adulor
1814 724 1994 759 Consolor

634 811 641 818 ,
697 811 704 818 ,
795 811 803 817 ,
928 823 935 826 .
1468 776 1641 810 Frustror
1814 776 1957 821 Dignor

352 814 494 848 Genera
512 817 596 846 sunt
613 812 896 855 significationes
914 810 1122 842 verborum.
1170 806 1257 840 Inde
1468 828 1631 873 stipulor
1812 827 2023 873 Depeculor
2041 827 2088 875 π)

248 866 345 900 enim
378 863 546 909 cognosci
579 869 718 908 potest,
761 862 854 896 actio
887 862 933 895 sit
968 861 1004 893 in
1035 860 1168 899 verbo,
1211 871 1258 892 an

248 918 380 963 passio,

356 968 520 1002 Activum
539 965 670 1000 desinit
686 965 724 998 in
744 978 764 998 ο
777 991 786 1005 ,
816 971 850 997 et
867 964 1046 997 actionem
1068 962 1258 1007 significat,

250 1021 348 1067 quod
374 1020 422 1053 ita
450 1031 540 1064 puer
559 1015 816 1062 deprehendet.
873 1016 909 1050 Si
937 1016 1128 1049 commode
1156 1027 1258 1048 accu-

249 1073 404 1111 sativus,
430 1071 493 1117 qui
519 1082 712 1115 personam
742 1067 940 1112 significat,
977 1068 1088 1101 verbo
1113 1066 1258 1100 adiicie-

249 1131 331 1164 tur,
368 1123 526 1156 activum
550 1121 680 1161 fuerit,
713 1127 753 1154 ut
770 1120 934 1153 Verbero
954 1119 1113 1153 Davum.
1174 1118 1259 1153 Non

250 1175 346 1210 enim
365 1174 497 1208 dixeris
515 1180 628 1207 recte:
659 1172 768 1206 Caleo
789 1171 948 1206 Davum.
993 1171 1123 1216 Frigeo
1143 1168 1258 1203 Phae-

249 1229 380 1262 driam.

355 1277 545 1312 Passivum
570 1277 608 1310 in
630 1288 671 1309 or
688 1275 841 1316 desinit,
871 1281 905 1308 et
921 1274 1126 1319 passionem
1151 1273 1260 1318 signi-

250 1332 351 1371 ficat,
380 1330 479 1376 quod
497 1329 581 1362 item
610 1326 856 1373 deprehendet
882 1339 991 1371 puer,
1029 1327 1058 1361 si
1083 1325 1261 1359 ablativus

251 1394 428 1428 personae
451 1387 546 1414 recte
572 1380 658 1413 addi
680 1379 832 1425 poterit:
877 1378 1061 1412 Verberor
1086 1378 1130 1411 ab
1159 1375 1260 1410 hero.

250 1435 334 1470 Non
352 1433 448 1467 enim
468 1439 564 1466 recte
581 1432 698 1466 dicas:
726 1430 923 1465 Adsentior
942 1431 986 1464 ab
1006 1428 1106 1464 bero.
1145 1428 1262 1462 Vocat

1416 888 1543 923 Cicero
1564 886 1787 932 Interpretor
1812 894 1847 921 et
1863 887 1995 921 Testor
2018 887 2159 932 passiva
2184 885 2318 930 signifi-

1312 940 1453 973 catione
1486 953 1571 974 usus
1599 945 1668 979 est,
1711 945 1746 972 et
1773 938 1984 973 Terentius:
2029 934 2205 972 Meditata
2233 943 2320 972 sunt

1311 990 1402 1026 mihi
1432 992 1575 1032 omnia,
1619 990 1771 1035 passive.
1840 990 1888 1024 Et
1915 990 2140 1024 Ementitum
2174 989 2318 1035 passiva

1311 1044 1574 1090 significatione
1594 1042 1744 1089 plurimi
1760 1042 1894 1077 dixere.
1936 1042 2118 1076 Venerata
2137 1042 2319 1082 sacerdos,

1312 1098 1410 1142 apud
1425 1096 1616 1140 Virgilium
1636 1100 1744 1128 extat.
1797 1093 1900 1136 Item,
1927 1094 2083 1139 Experta
2103 1093 2231 1134 virtus,
2255 1093 2320 1126 ali-

1312 1149 1395 1183 cubi
1410 1148 1583 1182 invenias.
1623 1146 1717 1181 Nam
1735 1147 1967 1181 vetustissimi
1978 1146 2194 1180 Latinorum
2213 1145 2320 1190 plura

1313 1201 1510 1247 aliquando
1539 1199 1649 1232 verba
1679 1199 1716 1231 in
1746 1204 1901 1245 utraque
1927 1198 2189 1244 significatione
2215 1209 2321 1231 usur-

1313 1258 1467 1298 parunt,
1496 1263 1605 1297 quam
1623 1257 1745 1295 postea
1765 1249 1802 1282 in
1820 1262 1888 1283 usu
1901 1251 2013 1283 fuere.
2067 1249 2162 1284 Nam
2186 1250 2320 1283 durum

1313 1304 1442 1345 fuerit,
1470 1303 1499 1338 si
1516 1303 1633 1343 dicas,
1662 1301 1814 1346 pecunia
1838 1301 2012 1346 largitur,
2040 1313 2109 1345 pro
2136 1300 2321 1335 distribui-

1314 1364 1395 1396 tur,
1432 1362 1513 1396 aut,
1550 1367 1569 1388 a
1594 1367 1651 1387 me
1674 1353 1865 1388 auxiliatus
1891 1359 1953 1387 est.
2011 1352 2173 1386 Proinde
2200 1352 2322 1386 obser—

1315 1414 1401 1441 vent
1418 1405 1487 1440 hoc
1506 1407 1541 1439 in
1561 1407 1641 1439 loco
1659 1404 1782 1450 pueri,
1810 1405 1897 1450 quid
1922 1404 2115 1449 probarint
2140 1410 2203 1437 aut
2224 1415 2322 1437 rece-

251 1487 362 1531 igitur
379 1485 587 1519 Priscianus
606 1484 805 1517 ablativum
822 1482 1013 1527 proprium
1032 1481 1260 1526 passivorum
1316 1466 1437 1506 Permt
1452 1459 1503 1491 ¹1¹¹
1515 1485 1524 1498 ’
1553 1471 1615 1504 qm
1634 1457 1823 1491 emendate
1838 1456 1951 1490 locun
1968 1462 2064 1490 sunt·

253 1550 388 1572 casum.

357 1589 536 1624 Neutrum
557 1587 594 1620 in
614 1599 634 1620 o
653 1586 803 1626 desinit,
833 1592 868 1618 et
891 1585 1157 1629 propemodum
1183 1595 1263 1627 pas-

253 1642 392 1677 sionem
419 1639 608 1684 significat.
661 1637 798 1671 Verum
826 1650 946 1671 casum
976 1636 1204 1681 passivorum
1216 1635 1263 1681 ⁷⁰)

254 1706 330 1728 non
349 1691 528 1731 admittit,
555 1697 596 1724 ut
615 1689 746 1730 Caleo,
779 1689 907 1723 Sedeo.
968 1688 1061 1722 Nam
1088 1687 1265 1732 significa-

254 1746 304 1780 tio
323 1743 456 1778 horum
474 1755 550 1776 non
567 1742 697 1776 transit
718 1742 756 1774 in
785 1741 891 1774 aliam
919 1752 1126 1785 personam.
1180 1739 1265 1773 Non

254 1798 351 1831 enim
369 1802 464 1829 recte
481 1795 595 1828 dicas:
626 1794 741 1827 Sedeo
758 1791 910 1833 Iulium,
939 1793 995 1825 vel
1013 1791 1148 1826 Sedeor
1173 1803 1191 1824 a
1208 1789 1265 1824 Iu-

255 1850 324 1889 lio,
352 1849 415 1882 sed
435 1847 582 1881 Colloco
601 1844 731 1880 Iulium
745 1872 754 1885 ,
783 1851 817 1878 et
837 1844 1006 1878 Collocor
1023 1856 1042 1877 a
1058 1842 1162 1877 Iulio.

359 1900 429 1933 Hic
466 1898 711 1933 observabunt
746 1897 871 1942 pueri,
921 1896 1101 1942 quaedam
1137 1900 1265 1928 neutra

257 1964 341 1987 suae
376 1949 648 1996 significationis
683 1949 906 1982 accusativos
936 1948 1146 1981 admittere:
1190 1948 1266 1979 Aro

258 2017 406 2049 agrum,
433 2002 598 2036 Decurro
621 2001 800 2046 spatium,
822 2000 916 2033 Bibo
935 1999 1074 2033 vinum.
1129 1999 1184 2032 Ab
1212 1996 1268 2032 his

1419 1518 1651 1563 Deponentia
1675 1518 1865 1556 dicuntur,
1910 1529 2003 1562 quae
2028 1529 2109 1550 cum
2134 1516 2173 1549 in
2198 1527 2240 1549 or
2262 1517 2322 1550 de-

1317 1572 1457 1612 sinant,
1485 1577 1607 1604 tamen
1624 1570 1774 1603 alteram
1794 1568 2096 1613 significationem
2121 1569 2324 1613 deponunt,

1317 1631 1352 1657 et
1368 1629 1430 1657 aut
1448 1623 1561 1656 active
1578 1621 1800 1666 significant,
1828 1627 1868 1654 ut
1890 1632 2019 1665 precor
2036 1619 2153 1654 Deum
2165 1646 2175 1661 ‚
2202 1619 2324 1665 patior

1318 1675 1512 1715 iniuriam,
1540 1686 1666 1707 moror
1693 1680 1748 1715 te,
1775 1684 1908 1718 sequor
1932 1678 1986 1712 te,
2015 1678 2078 1706 aut
2097 1672 2324 1712 neutraliter,

1317 1735 1358 1762 ut
1375 1726 1566 1766 vaticinor,
1595 1726 1709 1758 labor.
1750 1724 1961 1768 Significant
1974 1723 2187 1755 neutraliter
2202 1723 2325 1761 etiam,

1318 1792 1400 1814 meo
1424 1778 1580 1817 iudicio,
1609 1788 1758 1815 nascor,
1787 1775 1899 1808 orior.

1423 1839 1542 1872 Habes
1559 1848 1731 1882 generum
1750 1847 1812 1870 seu
1828 1833 2133 1878 significationum
2152 1832 2189 1866 in
2206 1832 2325 1868 verbis

1319 1891 1506 1926 formulas.
1578 1889 1670 1922 Sunt
1706 1894 1825 1921 autem
1860 1884 1919 1918 hie
1955 1885 2063 1918 etiam
2101 1884 2326 1918 admonendi

1320 1943 1444 1990 pueri,
1473 1952 1586 1986 pauca
1606 1940 1785 1986 quaedam
1802 1938 1911 1972 verba
1931 1936 2051 1970 efferri
2067 1948 2133 1981 per
2160 1949 2181 1970 o
2211 1943 2246 1970 et
2270 1949 2326 1978 or,

1323 1997 1447 2030 eadem
1465 1991 1746 2038 significatione:

258 2056 398 2095 verbis,
442 2067 523 2088 cum
558 2053 713 2087 activam
749 2051 1049 2096 significationem
1077 2062 1193 2095 paene
1214 2050 1269 2081 in-
1478 2053 1653 2088 Adsentio
1825 2049 2010 2084 adsentior

258 2109 392 2147 duant,
434 2107 526 2140 fiunt
549 2105 675 2139 tertiae
700 2116 877 2150 personae
909 2102 1091 2148 passivae:
1133 2102 1269 2135 Aratur
1480 2104 1633 2139 Adsensi
1826 2103 1998 2135 adsensus
2013 2112 2092 2134 sum

259 2167 376 2199 terra,
410 2158 556 2191 Bibitur
581 2157 729 2196 vinum,
771 2168 857 2189 nam
883 2167 989 2194 aror,
1024 2154 1132 2187 hibor
1160 2164 1268 2186 nemo
1481 2156 1654 2202 Impertio
1825 2153 2016 2198 impertior

259 2211 360 2246 dixit.
414 2211 505 2244 Sunt
530 2207 614 2242 hinc
638 2214 673 2242 et
697 2207 887 2253 participia
912 2206 1073 2251 passiva:
1108 2204 1270 2238 Decurso
1482 2207 1669 2254 Impertivi
1828 2205 2034 2250 impertitus
2049 2216 2128 2238 sum

262 2263 400 2308 spatio,
429 2263 526 2306 apud
544 2260 771 2294 Terentium.
1484 2259 1678 2305 Comperio
1830 2256 2036 2302 comperior

367 2313 607 2347 Grammatici
626 2318 758 2345 vocant
778 2310 845 2344 tria
865 2310 974 2344 verba
994 2308 1174 2342 neutralia
1193 2319 1272 2352 pas·
1482 2312 1653 2357 comperi
1827 2315 2034 2354 compertus
2056 2320 2134 2343 sum
2147 2334 2158 2347 ,
2210 2305 2327 2339 activa

263 2366 358 2404 siva,
393 2377 485 2410 quae
502 2364 548 2411 ⁷¹)
581 2376 731 2409 prorsus
763 2362 1065 2407 significationem
1091 2367 1126 2393 et
1150 2372 1272 2393 casum

264 2417 493 2462 passivorum
522 2414 680 2456 habent,
724 2415 812 2455 Pio,
863 2415 961 2460 quod
1000 2419 1052 2447 est
1090 2412 1272 2457 passivum

266 2465 472 2514 ἀνώμαλον
488 2468 587 2501 verbi
604 2468 710 2502 facio.
763 2466 889 2500 Veneo
910 2479 929 2499 a
949 2472 981 2499 te
995 2492 1004 2505 ,
1033 2465 1068 2498 id
1089 2471 1160 2505 est,
1188 2476 1274 2497 ven-

266 2522 335 2554 dor
358 2533 376 2553 a
403 2526 448 2553 te.
503 2519 645 2563 Vapulo
671 2532 689 2552 a
714 2525 769 2559 te,
801 2519 837 2551 id
864 2524 936 2558 est,
979 2518 1152 2550 verberor
1180 2528 1198 2549 a
1229 2523 1274 2550 te.

1327 2365 1586 2413 significatione
1604 2375 1679 2397 non
1695 2362 1864 2395 dixerunt
1881 2361 2015 2394 Latini.

1431 2426 1482 2460 Ita
1508 2426 1612 2469 iurgo
1639 2430 1673 2458 et
1696 2424 1839 2466 iurgor,
1875 2422 1935 2456 sed
1960 2419 2139 2466 posterius
2163 2417 2330 2452 usitatius

1328 2486 1399 2520 est,
1427 2485 1461 2513 et
1479 2490 1632 2511 munero
1652 2476 1747 2521 apud
1767 2473 2014 2513 Macrobium‚
2041 2483 2216 2505 muneror
2233 2470 2331 2515 apud

1328 2531 1540 2565 Terentium
1554 2557 1563 2571 ,
1592 2536 1625 2562 et
1641 2528 1799 2562 sabricor
1818 2527 1968 2565 usitate,
2005 2525 2101 2569 apud
2121 2529 2247 2569 poetas
2266 2522 2331 2555 ali-

302 2649 349 2680 69)
370 2646 486 2679 diserte]
512 2646 595 2671 Editt.
618 2646 704 2676 1546„
725 2654 747 2670 s.
763 2652 802 2670 a.:
830 2646 979 2677 diligenter

307 2700 354 2732 70)
374 2706 467 2724 casum
487 2699 678 2729 passivorum]
700 2698 750 2722 Ed.
767 2706 790 2721 s.
807 2704 848 2722 a.:
878 2697 1055 2729 passivorum
1074 2703 1169 2722 casum

1363 2657 1409 2689 72)
1429 2660 1458 2680 et
1476 2656 1568 2687 patria.
1586 2655 1705 2688 carere.]
1727 2655 1810 2680 Editt.
1827 2654 1920 2682 1546.,
1947 2659 1969 2676 s.
1985 2658 2026 2676 a.:
2053 2651 2145 2682 patria
2163 2657 2280 2680 carere,
2299 2654 2332 2674 ao

1402 2699 1520 2722 prorsus
1541 2692 1774 2723 significationem
1794 2689 1948 2713 neutralem
1967 2688 2057 2712 habet.

308 2752 355 2783 71)
377 2754 461 2783 quae]
482 2752 565 2776 Editt.
582 2751 675 2782 1546„
696 2757 718 2776 s,
734 2757 775 2776 a.:
804 2757 873 2781 quae
893 2750 920 2774 in
941 2756 956 2774 o
977 2750 1133 2774 desinentia
1366 2744 1414 2777 73)
1436 2745 1615 2775 Depeculor.]
1636 2744 1686 2769 Ed.
1708 2750 1733 2767 S.
1747 2748 1773 2767 a.
1792 2741 1878 2767 male:
1908 2740 2038 2770 Depulor.
