2421 3037
276 132 353 169 323

276 218 374 264 legis.
432 218 612 253 Antonius
639 217 841 261 Imperator
867 217 998 251 occidit
1020 217 1280 262 Papinianum,

276 272 459 304 nolentem
481 280 646 303 excusare
664 268 915 313 parricidium.

382 329 637 374 lmpersonalia
655 329 846 368 dicuntur,
875 341 968 375 quae
987 341 1180 374 personam
1206 341 1280 363 cer·
1305 341 1310 377 t

277 390 350 416 tam
370 381 596 414 nominativo
613 393 695 414 casu
716 381 752 413 in
773 380 969 414 indicativo
993 393 1067 415 non
1088 382 1281 427 recipiunt,
1306 380 1309 396 ⁸

277 434 336 468 sed
372 439 533 466 mutatur
558 432 805 466 nominativus
833 444 1010 476 personae
1038 433 1075 466 in
1101 434 1281 480 obliquos,

277 492 316 519 ut
332 485 429 531 quod
441 484 655 518 Germanice
672 484 912 529 personaliter
929 484 1094 525 dicimus,
1122 484 1182 519 Ich
1202 498 1280 519 mus

276 536 467 581 Virgilium
496 548 623 570 aussen
647 536 794 576 lernen,
833 535 962 570 Latine
989 537 1281 582 impersonaliter

278 589 445 627 effertur,
474 587 629 632 Oportet
645 600 701 621 me
720 588 877 622 ediscere
895 587 1100 633 Virgilium.

382 648 472 681 Sunt
489 654 607 681 autem
626 647 781 692 duplicia
802 648 1078 692 impersonalia:
1113 648 1182 681 alia
1202 660 1282 693 pas·
1308 645 1310 669 ἶ

278 700 374 734 sivae
392 699 509 739 vocis,
539 699 606 733 alia
628 699 777 733 activae.
840 699 983 733 Habent
1009 707 1127 734 autem
1157 700 1280 733 omnia

279 765 399 786 casum
420 751 546 785 tertiae
563 758 703 785 tantum
726 763 915 797 personae.
1309 756 1311 772 ¹

382 811 549 845 Passivae
574 812 669 845 vocis
694 811 950 856 impersonalia
976 812 1065 844 fiunt
1093 812 1137 844 ab
1165 811 1282 844 omni-
1310 813 1311 818 ’

278 865 344 898 bus
361 863 479 897 verbis
496 862 620 897 activis
645 870 678 896 et
702 862 859 902 neutris,
896 870 935 897 ut
960 864 1130 904 (locetur,
1158 863 1281 897 scribi·
1310 876 1312 884 ¹

280 922 358 955 tur,
386 915 528 959 legitur.
566 914 739 960 Virgilius
757 914 899 963 [Ecl.1‚
921 912 1020 962 12.]:
1050 914 1173 962 Usque
1192 916 1281 949 adeo

280 967 448 1002 turbatur
467 966 573 1011 agris.

385 1026 433 1060 Et
449 1026 624 1061 Germani
641 1024 776 1060 habent
792 1025 861 1060 hoc
879 1039 989 1071 genus
1012 1027 1285 1072 impersonalia,

280 1079 337 1113 Sic
361 1079 456 1112 enim
486 1079 658 1118 efferunt,
695 1077 864 1123 Legitur,
905 1091 989 1112 man
1013 1080 1090 1120 list,
1129 1079 1285 1120 Dicitur,

282 1143 365 1164 man
398 1137 486 1175 sagt.
555 1129 608 1163 Ex
630 1127 685 1164 his
712 1131 834 1175 figuris
857 1131 1065 1165 Germanici
1093 1131 1285 1172 sermonis,

279 1183 382 1216 facile
400 1182 601 1227 intelligent
617 1182 719 1226 pueri
736 1189 903 1216 naturam
922 1181 1051 1217 horum
1074 1184 1285 1224 verborum,

281 1235 510 1280 sentientque
528 1235 663 1268 nullam
683 1241 818 1268 certam
844 1247 1038 1280 personam
1059 1235 1285 1280 impersona-

281 1287 373 1321 libus
396 1287 585 1331 praeponi.

386 1346 439 1380 De
456 1346 724 1381 constructione
744 1353 864 1380 autem
883 1346 920 1380 in
944 1346 1092 1392 Syntaxi
1111 1347 1285 1382 dicemus.

283 1398 498 1443 Coniugatio
541 1399 704 1445 sequitur
747 1396 993 1432 characterem
1044 1400 1285 1443 passivorum.

283 1451 477 1497 Recipiunt
502 1457 622 1485 autem
649 1457 791 1484 tantum
829 1451 1123 1485 terminationem
1159 1451 1286 1485 tertiae

283 1515 473 1549 personae.

387 1563 535 1596 Activae
564 1561 660 1596 vocis
687 1562 985 1607 impersonalium
1012 1569 1129 1598 certus
1159 1574 1286 1597 nume-

284 1627 344 1649 rus
373 1622 441 1650 est:
479 1614 563 1655 Est,
597 1614 762 1655 interest,
789 1614 920 1655 refert,
948 1615 1097 1655 accidit,
1124 1614 1287 1660 contigit,

284 1667 424 1707 evenit,
448 1673 569 1706 vacat,
598 1672 781 1711 praestat,
812 1672 945 1707 restat,
981 1667 1101 1707 iuvat,
1134 1673 1286 1708 constat,

284 1719 430 1760 sufficit,
459 1719 594 1764 placet,
621 1718 728 1759 libet,
756 1718 942 1760 conducit,
972 1719 1132 1763 expedit,
1160 1720 1287 1766 liquet,
1311 1712 1314 1745 l

284 1772 384 1812 licet,
426 1772 543 1811 decet,
589 1776 753 1815 oportet,
798 1771 937 1812 taedet,
975 1771 1140 1812 miseret,
1176 1772 1287 1816 piget,

284 1825 415 1869 pudet,
444 1823 624 1868 poenitet,
652 1823 761 1863 solet,
789 1828 921 1867 potest.

388 1874 428 1908 In
456 1873 510 1909 his
535 1875 711 1920 quaedam
739 1880 773 1907 et
794 1873 1035 1918 personaliter
1053 1881 1288 1920 usurpantur,

286 1928 462 1973 quaedam
483 1927 588 1972 plane
609 1938 683 1960 non
700 1925 879 1970 recipiunt
904 1927 1130 1971 personalem
1150 1939 1287 1961 vocem.

286 1979 368 2014 Non
405 1979 499 2013 enim
536 1985 708 2024 oporteO,
744 1978 884 2023 pudeo,
919 1978 1090 2024 poeniteo
1123 1979 1288 2013 dicimus.

285 2031 377 2065 Sunt
391 2029 459 2065 hoc
471 2043 582 2076 genus
600 2031 707 2064 verba
727 2030 982 2075 impersonalia
1002 2037 1096 2063 certa
1116 2031 1153 2064 in
1170 2030 1288 2065 omni-

285 2084 351 2118 bus
371 2083 523 2128 linguis,
552 2089 592 2117 ut
609 2083 704 2128 apud
723 2083 881 2117 Graecos
897 2079 975 2127 δεῖ,
996 2078 1082 2129 χρή.

391 2135 608 2180 Coniugatio
653 2135 817 2168 imitatur
851 2134 1098 2179 personalium
1134 2133 1288 2178 regulas,

287 2193 346 2228 ut,
381 2194 503 2229 vacat,
541 2188 693 2221 vacavit.
762 2186 855 2221 Nam
882 2186 1009 2220 tertiae
1034 2191 1175 2219 tantum
1206 2197 1287 2230 per-

287 2251 396 2273 sonae
430 2252 551 2274 casum
582 2238 736 2280 habent,
778 2238 920 2279 Placet,
963 2238 1118 2283 placuit,
1154 2237 1288 2279 Pudet,

286 2291 434 2336 puduit,
468 2291 644 2337 Oportet,
687 2290 862 2336 oportuit.
926 2288 992 2324 Est
1014 2289 1109 2322 enim
1136 2289 1171 2324 ui
1203 2287 1288 2323 cha·
1314 2285 1317 2313 ¹

287 2349 404 2376 racter
452 2345 733 2388 praeteritorum
779 2344 956 2377 secundae
1008 2342 1288 2386 coniugationis.

288 2394 357 2428 Sed
381 2407 400 2427 a
423 2395 536 2442 liquet
554 2408 627 2429 non
651 2401 747 2429 extat
771 2395 1027 2438 praeteritum,
1064 2407 1082 2426 a
1109 2395 1229 2428 taedet
1252 2395 1290 2427 fit

288 2453 493 2492 pertaesum
515 2454 584 2488 est,
612 2460 631 2481 a
650 2449 795 2481 miseret
813 2447 999 2481 misertum
1020 2452 1082 2480 est.
1136 2446 1227 2480 Sunt
1252 2447 1290 2479 in

288 2512 355 2533 usu
379 2505 413 2532 et
436 2499 608 2544 placitum
634 2506 704 2541 est,
746 2499 887 2532 libitum
915 2505 988 2539 est,
1028 2498 1195 2543 puditum
1227 2504 1291 2539 est,

288 2551 426 2585 licitum
453 2558 524 2592 est,
559 2552 654 2597 apud
678 2551 848 2585 Plautum
877 2552 913 2584 in
938 2548 1192 2585 Bacchidibus.
1246 2549 1292 2583 Et

290 2604 442 2649 pigitum
476 2610 548 2644 est,
591 2605 687 2649 apud
720 2603 893 2637 Statium:
935 2602 1008 2637 Nec
1043 2603 1194 2648 pigitum
1228 2608 1292 2643 est,

289 2668 495 2702 parvosque
512 2656 604 2690 lares
620 2654 845 2701 humilesque
862 2655 995 2690 subire.

394 2707 651 2753 lmpersonalia
688 2708 826 2752 supinis
860 2714 893 2741 et
937 2705 1120 2751 gerundiis
1158 2712 1292 2740 carent.

290 2758 353 2793 Est
393 2768 511 2795 autem
550 2761 587 2794 in
625 2760 854 2805 coniugando
891 2759 927 2791 in
964 2758 1171 2792 universum
1209 2754 1323 2791 ususl

876 129 997 165 PHIL.
1024 130 1137 166 MEL.
1166 131 1371 166 SCRIPTA
1398 131 1738 169 PHILOLOGICA.

1308 614 1310 642 Ξ
1337 595 1374 627 in
1399 596 1641 630 declinatione
1671 604 1703 630 et
1729 610 1870 642 genere.

2262 136 2337 174 324

1304 253 1308 263 ζ
1334 218 1441 252 etiam
1463 219 1653 254 doctorum
1674 221 1932 262 observandus,
1947 233 2032 254 nam
2050 234 2156 266 saepe
2176 235 2249 256 non
2268 223 2337 257 uti-

1335 282 1415 304 mur
1448 271 1606 312 casibus,
1641 285 1732 319 quos
1758 273 1923 318 analogia
1950 273 2063 317 parit,
2105 281 2164 315 ut,
2206 276 2273 308 dor
2289 275 2336 322 26)

1334 334 1409 355 non
1434 323 1598 357 dicimus.

1611 425 1682 458 DE
1709 414 2064 463 ΡΑΒΤΙΟΙΡῚΟ.

1439 492 1748 538 participium
1788 501 1839 528 est
1868 507 2003 529 nomen
2030 496 2191 537 verbale,
2231 496 2339 542 signi-

1336 544 1444 578 ficans
1465 552 1617 589 tempus.
1671 545 1764 580 Nam
1784 558 1848 590 per
1870 547 1991 580 omnia
2016 547 2180 582 imitatur
2204 560 2339 582 nomen

1936 598 2004 632 Sed
2031 612 2048 632 a
2074 600 2205 641 verbo,
2243 602 2339 635 unde

1337 647 1452 688 cadit,
1481 655 1622 694 tempus
1650 656 1855 691 mutuatur,
1889 658 1923 684 et
1952 657 2084 684 certam
2110 651 2340 696 significatio-

1339 711 1420 732 nem
1447 701 1575 744 agendi
1601 701 1656 734 vel
1680 702 1852 746 patiendi.
1907 702 2063 747 Elegans
2081 715 2193 748 genus
2209 716 2338 738 vocum

1340 757 1412 791 est,
1442 751 1468 785 si
1490 754 1679 785 commode
1698 754 1822 788 utaris.
1877 754 1969 789 Nam
1989 755 2150 789 foelicius
2166 756 2339 802 pleraque

1338 809 1372 835 et
1390 803 1502 847 magis
1528 804 1667 848 signate
1694 805 1875 840 efferimus
1900 819 1964 851 per
1989 806 2201 852 participia,
2230 819 2339 853 quam

1338 866 1402 899 per
1422 856 1529 888 verba
1542 882 1551 895 ,
1580 862 1619 889 ut
1637 868 1716 889 cum
1737 857 1834 890 dico:
1863 857 1983 892 Furor
2000 859 2057 899 fit,
2085 859 2179 894 laesa
2198 859 2340 904 saepius

1339 906 1532 950 patientia,
1562 919 1635 940 non
1653 908 1761 952 paulo
1778 909 1917 953 gratius
1934 917 2005 951 est,
2041 923 2149 956 quam
2172 911 2201 945 si
2224 911 2339 945 dicas:

1338 958 1578 999 Patientiam,
1604 959 1633 993 si
1658 972 1763 1004 saepe
1789 967 1947 995 tentetur
1966 975 2006 995 ac
2031 963 2214 1003 laedatur,
2241 963 2341 996 furo-

1339 1022 1413 1043 rem
1442 1011 1530 1044 fieri.
1585 1010 1741 1045 Includit
1765 1013 1860 1045 enim
1889 1013 2120 1059 participium
2147 1014 2338 1048 relativum

1339 1062 1393 1095 vel
1413 1063 1627 1107 particulas,
1656 1064 1764 1104 dum,
1793 1064 1843 1105 si,
1873 1078 1952 1098 cum
1972 1066 2097 1100 verbo.

1572 1148 1841 1195 Participio
1871 1151 2111 1185 accidunt:

1444 1217 1586 1258 Genus,
1614 1218 1814 1260 Numerus,
1841 1219 1988 1264 Figura,
2017 1220 2140 1262 Casus,
2169 1221 2342 1266 Tempus,

1339 1269 1572 1314 significatio.

1443 1329 1565 1364 Genus
1583 1342 1625 1363 ex
1642 1330 1774 1375 regulis
1792 1332 1835 1364 de
1852 1331 2001 1365 nomine
2020 1331 2187 1377 cognosci
2212 1338 2341 1376 potest.

1340 1381 1432 1416 Nam
1457 1382 1575 1416 omnis
1592 1382 1733 1426 generis
1749 1389 1833 1417 sunt
1851 1395 1912 1424 ea,
1940 1396 2031 1429 quae
2059 1396 2100 1418 ns
2126 1383 2276 1424 finiunt,
2303 1390 2343 1417 ut

1339 1433 1471 1477 legens.
1525 1433 1676 1467 Caetera
1700 1441 1843 1468 mutant
1864 1446 1996 1479 genera
2023 1447 2087 1480 per
2114 1434 2342 1469 terminatio-

1339 1497 1421 1525 nes,
1462 1497 1563 1519 more
1595 1485 1878 1528 adiectivorum‚
1922 1493 1963 1521 ut
1994 1485 2053 1521 hic
2083 1487 2214 1528 lectus,
2252 1484 2342 1520 haec

1339 1537 1451 1576 lecta,
1478 1535 1547 1570 hoc
1571 1538 1715 1572 lectum.

1445 1596 1556 1632 Casus
1585 1597 1693 1631 iidem
1707 1624 1716 1638 ,
1749 1597 1811 1643 qui
1833 1597 1869 1631 in
1889 1597 2050 1632 nomine.
2103 1597 2150 1632 Et
2165 1598 2342 1632 formulae

1340 1649 1591 1684 declinationis
1611 1650 1707 1694 apud
1723 1649 1911 1684 Donatum
1933 1656 2067 1684 extant.

1444 1709 1598 1754 Figura,
1627 1710 1798 1755 simplex,
1826 1716 1866 1743 ut
1881 1710 2039 1754 spirans;
2072 1708 2343 1753 Decomposita,

1341 1767 1380 1795 ut
1397 1761 1589 1806 respirans.
1643 1761 1735 1796 Nam
1755 1762 1852 1795 nulla
1870 1768 1955 1795 sunt
1976 1760 2175 1806 composita
2198 1760 2344 1805 partici-

1341 1813 1420 1858 pia,
1448 1813 1517 1847 nisi
1537 1825 1578 1846 ex
1598 1813 1717 1847 verbis
1738 1813 1957 1858 compositis.

1444 1873 1606 1918 Tempus
1624 1886 1665 1907 ex
1682 1874 1901 1907 formatione
1921 1873 2162 1918 cognoscitur.

1444 1934 1620 1967 Praesens
1656 1946 1784 1967 vocum
1817 1940 1868 1968 est
1903 1945 1944 1967 ns
1972 1932 2196 1973 finientium,
2232 1933 2344 1979 fitque

1342 1998 1360 2019 a
1383 1985 1565 2030 praesenti
1582 1986 1704 2019 verbo.

1443 2046 1621 2079 Futurum
1652 2057 1781 2079 vocum
1811 2051 1863 2079 est
1894 2058 1980 2080 urus
2004 2051 2038 2078 et
2062 2045 2177 2079 andus
2201 2044 2258 2078 vel
2283 2056 2344 2077 en-

1341 2099 1407 2132 dus
1426 2097 1627 2132 finientium
1640 2124 1649 2138 ,
1677 2098 1788 2144 fitque
1806 2111 1823 2130 a
1843 2097 1974 2142 supino
1990 2097 2151 2131 futurum
2170 2096 2207 2129 in
2226 2105 2298 2130 rus.

1447 2158 1618 2193 Caeterae
1642 2170 1746 2193 voces
1771 2158 1975 2204 significant
1998 2157 2213 2204 praeterita,
2238 2157 2345 2191 fiunt-

1342 2223 1411 2257 que
1427 2223 1446 2244 a
1463 2210 1679 2255 praeteritis.

1445 2271 1679 2315 Significatio.
1733 2270 1783 2304 Ea
1811 2283 1897 2304 vero
1926 2270 2047 2316 pueris
2072 2270 2110 2303 in
2133 2269 2261 2315 primis
2283 2269 2346 2302 oh-

1342 2325 1517 2358 servanda
1538 2329 1609 2364 est,
1635 2329 1673 2357 ut
1690 2323 1848 2364 discant,
1877 2335 1970 2369 quae
1985 2322 2120 2364 active,
2149 2334 2241 2368 quae
2264 2333 2344 2366 pas-

1343 2376 1416 2410 sive
1435 2375 1655 2419 significent,
1691 2388 1760 2421 qua
1780 2375 1818 2408 in
1834 2387 1871 2408 re
1891 2374 2052 2423 saepem)
2077 2375 2242 2408 videmus
2264 2384 2345 2418 pec-

1344 2439 1424 2462 care
1440 2427 1639 2472 imperitos.

1447 2488 1573 2522 Active
1608 2488 1830 2533 significant,
1866 2500 1959 2534 quae
1982 2487 2026 2521 ab
2051 2485 2176 2519 activis
2199 2486 2344 2519 cadunt.

1345 2541 1436 2576 Nam
1465 2540 1695 2586 participium
1718 2539 1881 2574 imitatur
1905 2540 1959 2574 sui
1983 2536 2152 2572 thematis
2168 2537 2343 2583 significa-

1346 2593 1494 2627 tionem.

1381 2718 1428 2747 26)
1450 2719 1514 2747 dor]
1534 2719 1582 2742 Ed.
1603 2719 1694 2742 1546:
1723 2718 1774 2742 dor
1791 2718 1818 2741 et
1837 2717 1897 2746 foi-3
1923 2716 1972 2740 Ed.
1989 2723 2011 2739 s.
2025 2721 2064 2739 a.:
2091 2715 2141 2739 dor
2157 2717 2185 2739 et
2204 2716 2264 2739 stor

1381 2771 1430 2799 27)
1449 2772 1548 2801 saepe]
1568 2770 1653 2794 Editt.
1670 2771 1762 2800 1546„
1783 2777 1805 2794 s.
1821 2775 1862 2792 a.:
1891 2768 2002 2799 saepius
