2389 3037
94 117 173 155 509
372 114 431 149 llll.

97 203 213 239 videri
249 203 387 248 potuit,
432 202 604 247 elegimus
634 200 919 247 Imperatorem,
963 202 1000 236 in
1034 215 1105 248 quo

95 269 176 291 cum
198 256 332 289 virtute
352 256 515 300 potentia
539 253 730 288 coniuncta
760 261 831 295 est,
859 261 898 289 ut
916 255 991 289 eius
1013 254 1107 289 vires

95 308 278 354 praesidio
303 313 420 341 essent
447 306 633 348 religioni,
668 305 846 352 Imperio,
876 314 909 341 et
934 307 1105 341 universo

94 360 237 394 nomini
256 357 475 394 Christiano.

200 429 360 462 Proinde
382 441 473 462 v‹os
466 427 633 472 auspiciis
650 426 826 473 Imperii
817 428 928 473 ipsius
952 429 1044 461 laeta
1072 435 1107 461 et

93 483 210 516 fausta
228 480 448 525 precamini,
477 480 581 526 eique
600 481 755 514 libenter
780 480 944 520 obedite,
982 486 1020 514 ut
1045 481 1135 513 de-'

95 540 149 567 cet
177 532 358 578 principes
385 539 419 565 et
447 533 601 577 populos
626 546 697 566 ‹¹‹im
691 539 789 566 intes
814 533 980 577 publicae
1007 539 1101 565 tran-

94 584 294 632 quillitatis.
366 584 557 618 Postremo
588 598 667 619 cum
698 584 881 629 ingentem
908 585 1044 618 luctum
1072 591 1106 617 et

93 634 299 673 moerorem
324 636 491 671 interitus
518 637 760 670 Maximiliani
784 637 967 677 attulerit,
1004 638 1105 670 decet

93 702 157 724 vos
175 689 248 722 vim
266 690 331 722 fati
349 689 521 735 aequiore
541 689 664 722 animo
689 690 802 729 serre,
830 696 1025 735 postquam
1043 702 1105 722 ne-

90 754 178 787 pos,
207 754 315 788 quem
333 741 391 775 ille
409 739 660 776 charissimum
677 739 823 781 habuit,
853 748 888 775 et
911 742 1017 776 nobis
1041 742 1105 774 ali-

93 794 240 841 quando
276 793 564 834 commendavit,
614 793 681 838 ipsi
718 794 904 833 successit,
954 801 993 827 ut
1028 807 1103 827 non

92 846 244 879 omnino
277 845 453 880 extinctus
482 845 597 879 videri
629 846 753 891 possit.
822 845 964 879 Deinde
992 846 1104 891 ipsius

91 898 261 932 manibus
288 896 357 932 hoc
382 898 538 932 officium
566 898 733 939 tribuite,
768 905 809 932 ut
827 899 958 931 maiori
983 899 1103 932 studio

91 951 217 995 nepoti
236 950 413 995 pareatis,
441 957 475 984 et
495 950 654 985 consiliis
670 950 797 985 vestris
816 957 849 984 et
868 950 999 996 copiis,
1029 964 1103 984 sus-

91 1002 285 1048 cipientem
310 1003 560 1048 gravissimam
583 1001 732 1048 Imperii
758 1003 914 1044 molem,
960 1016 1101 1037 summa

92 1055 287 1088 concordia
322 1055 511 1089 adiuvetis.
582 1055 691 1101 Quod
720 1068 762 1089 eo
788 1055 897 1088 etiam
924 1056 1026 1089 vobis
1052 1057 1102 1089 sa-

91 1107 259 1141 ciendum
289 1113 341 1142 est
365 1108 504 1141 maiore
527 1120 633 1147 cura,
676 1114 715 1142 ut
734 1106 883 1152 Imperii
909 1108 1102 1152 possessio-

486 114 554 148 DE
582 113 863 150 ELECTIONE
892 112 959 149 ET
987 115 1344 152 CORONATIONE
1375 117 1555 153 CAROLl
1583 119 1626 154 V.
1656 120 1896 156 CAESARIS.

1132 436 1135 484 l

1132 502 1135 547 1

90 1172 174 1193 nem
193 1159 392 1201 retineatis,
418 1173 526 1206 quam
545 1161 620 1194 sine
640 1161 834 1193 concordia
856 1160 949 1193 tueri
967 1173 1102 1206 nequa·
1129 1174 1131 1183 ¹

92 1224 202 1258 quam
228 1224 433 1257 possumus.

92 1276 153 1298 cus
169 1265 234 1304 sit,
262 1276 372 1298 unam
390 1262 484 1296 hanc
501 1265 688 1297 nationem
707 1265 882 1298 delectam
903 1278 989 1303 esse,
1009 1278 1101 1311 quae

91 1329 166 1350 non
185 1322 328 1355 tantum
347 1329 430 1351 suos
454 1318 541 1351 fines
561 1317 790 1358 defenderet,
819 1319 879 1351 sed
906 1324 1024 1352 custos
1050 1331 1101 1352 es-

90 1375 143 1403 set
158 1369 266 1402 etiam
289 1376 514 1402 caeterarum
543 1369 726 1413 gentium,
763 1376 797 1403 et
821 1382 887 1414 pro
915 1370 1101 1404 communi

89 1421 203 1455 salute
231 1418 429 1454 Christiani
462 1421 621 1455 nominis
646 1421 880 1466 praecipuam
906 1423 1099 1456 stationem

89 1478 240 1506 teneret.
294 1472 373 1506 Hoc
391 1473 499 1506 decus
515 1486 643 1518 magna
668 1474 802 1507 virtute
821 1481 967 1519 partum
985 1489 1003 1508 a
1025 1488 1101 1508 ma-

89 1525 248 1565 ioribus,
277 1531 312 1557 et
331 1537 447 1558 annos
462 1526 535 1558 sere
552 1525 622 1559 iam
644 1527 871 1571 octingentos
896 1527 932 1560 in
951 1525 1020 1561 hac
1036 1541 1099 1561 na-

89 1577 190 1611 tione
215 1583 471 1610 conservatum
497 1578 673 1622 sapientia
694 1586 728 1612 et
746 1581 940 1613 concordia
966 1580 1100 1625 princi-

88 1641 177 1674 pum
191 1657 201 1669 ,

90 1694 159 1728 que
192 1681 228 1714 in
263 1693 303 1714 re
325 1694 406 1714 cum
434 1688 574 1715 vestrae
604 1683 742 1726 gloriae
770 1690 803 1717 et
828 1684 1100 1731 tranquillitati,

87 1740 165 1767 tum
184 1746 271 1767 vero
288 1733 394 1767 saluti
413 1734 510 1768 orbis
528 1740 707 1769 terrarum
733 1736 920 1770 consulite.
987 1735 1099 1783 quue

89 1785 269 1826 officium,
298 1785 498 1832 principes,
527 1793 561 1820 et
577 1800 657 1828 eos,
687 1788 749 1834 qui
776 1795 949 1833 praesunt
964 1788 1100 1834 Reipu-

88 1838 226 1879 blicae,
271 1838 426 1872 maxime
453 1839 584 1873 debere
609 1839 688 1873 Deo
720 1840 885 1881 statuite,
930 1847 969 1874 ut
1004 1854 1099 1875 com-

88 1888 191 1925 muni
208 1891 315 1925 saluti
332 1891 501 1925 omnibus
518 1892 656 1926 viribus
673 1893 875 1927 consulant.

88 2015 227 2057 mahat.
260 2011 361 2048 Nihil
379 2015 475 2047 enim
500 2015 669 2050 omnibus
695 2016 884 2050 ordinibus
902 2023 980 2049 erat
998 2024 1100 2061 opta-

88 2067 180 2109 tius,
214 2078 326 2112 quam
352 2066 449 2100 eludi
475 2069 762 2112 expectationem
787 2069 1000 2109 Gallorum,

86 2117 284 2164 Imperium
313 2118 381 2152 sibi
405 2120 687 2164 desponderant.

87 2171 159 2205 roli
175 2170 338 2211 nomine,
366 2184 492 2206 omues
511 2184 581 2206 una
603 2186 689 2206 voce
708 2180 742 2207 et
760 2186 937 2208 consensu
956 2174 1100 2207 electio-

87 2236 171 2257 nem
197 2223 464 2268 approbabant.
532 2225 655 2270 Agunt
686 2227 821 2270 gratias
848 2226 926 2261 Deo
959 2226 1099 2271 optimo

88 2277 247 2309 maximo
265 2275 445 2320 primum,
473 2278 572 2322 quod
594 2285 710 2312 metus
734 2279 894 2313 civilium
919 2279 1098 2312 bellorum

88 2328 249 2362 sublatus
293 2334 371 2361 erat
413 2341 589 2363 consensu
625 2330 904 2376 suffragiorum;
956 2331 1100 2372 deinde,

489 1212 652 1257 Cogitate
673 1219 791 1246 autem
806 1240 814 1251 ,
843 1220 1020 1259 quantum
1042 1214 1102 1246 de-
1128 1228 1130 1231 ·

1037 2069 1100 2115 qui
1127 2101 1129 2126 ἶ

742 2120 867 2168 ltaque
891 2122 1015 2155 andsto
1034 2121 1100 2154 Ga'
1127 2130 1129 2161 ἶ
1156 2142 1275 2186 cipum
1295 2155 1377 2187 erga
1399 2143 1590 2183 Carolum,

90 2382 187 2426 quod
216 2393 342 2415 omnes
370 2381 580 2415 iudicabant
605 2383 778 2418 divinitus
807 2384 887 2418 orbi
917 2391 1097 2418 terrarum
1126 2411 1127 2420 ,

88 2433 282 2467 salutarem
316 2433 517 2478 principem
550 2436 674 2468 datum
699 2448 794 2473 ssesse.

89 2535 232 2569 citatem
258 2538 440 2581 praesidio
467 2539 626 2573 suturam
654 2540 720 2573 toti
745 2539 935 2586 Europae;
973 2555 1098 2576 omnes

90 2593 174 2621 vota
192 2588 383 2632 faciebant,
412 2598 451 2625 ut
468 2592 626 2636 auspicia
646 2599 762 2627 essent
780 2594 893 2627 fausta
916 2601 951 2628 et
969 2595 1098 2629 felicia.
1125 2602 1126 2621 1

1124 2625 1127 2660 ,ζ
1153 2614 1346 2659 Hispania,

855 2436 991 2471 omnes
1024 2449 1097 2470 ΜΠ]
1126 2461 1127 2494 ξ
1153 2456 1227 2489 rint
1245 2457 1313 2502 ipsi
1331 2458 1603 2491 anteferendum
1621 2458 1740 2493 fuisse.

90 2490 165 2517 tum
202 2485 461 2519 ominabantur
487 2484 594 2521 huius
619 2487 741 2521 Caroli
767 2489 937 2522 virtutem
964 2496 999 2522 et
1023 2489 1098 2522 feli-
1125 2495 1127 2511 ³

194 2659 398 2694 Secundum
419 2660 525 2703 haec,
551 2664 685 2707 legati
678 2663 787 2708 ipsius
801 2663 841 2697 C
843 2665 923 2698 iroli
943 2667 1097 2711 Mogun-
1124 2672 1126 2713 j

92 2711 140 2744 tia
158 2718 375 2753 ev,0cantur
405 2715 465 2759 qui
484 2728 518 2748 m
525 2728 618 2759 agno
643 2714 783 2749 bonote
807 2718 962 2762 excepti,
989 2726 1127 2764 atque
1124 2715 1127 2747 l

91 2762 130 2795 in
149 2765 334 2798 comitium
353 2765 569 2807 introducti,
599 2770 729 2803 certius
753 2782 793 2802 ex
822 2769 905 2813 ipsis
924 2770 1097 2804 Electori-

1125 2761 1128 2802 Ι

1132 396 1135 405 ¹
1160 366 1335 393 ratorem.

194 1960 292 1994 Haec
316 1961 542 1995 renuntianti
564 1963 720 2008 populus
737 1976 816 1997 cum
836 1964 965 2008 plausu
984 1966 1101 1997 accla-
1127 1956 1129 1995 ]
1156 1945 1251 1965 Vldm
1271 1945 1301 1965 m
1319 1940 1505 1977 ptocessn.

2095 123 2170 158 510

1162 204 1227 239 bus
1247 212 1486 249 cognoscunt:
1517 206 1601 240 ‘Divi
1622 208 1866 242 Maximiliani
1892 216 2084 254 nepotem,
2113 224 2171 244 cu—

1162 256 1216 290 ius
1248 256 1314 300 ipsi
1349 258 1485 301 legatos
1515 261 1688 303 agebant,
1731 262 1868 296 cunctis
1899 262 2079 307 suffragiis
2105 263 2171 296 rite

1163 308 1314 341 electum
1328 336 1337 348 ,
1369 316 1403 342 et
1426 312 1674 346 renuntiatum
1695 326 1768 347 esse
1784 314 2038 348 Romanorum
2056 313 2172 360 Impe—

1385 360 1526 395 Deinde
1545 361 1724 398 adhibiti
1717 379 1753 399 ιιι
1769 366 1960 400 consilium
1982 368 2026 400 ab
2045 367 2171 401 iisdem

1160 412 1392 457 Principibus
1425 415 1662 450 consuluntur
1691 419 1734 451 de
1764 419 1997 462 gubernzzindi
2026 418 2172 464 Imperii

1161 464 1493 507 administratione,
1522 469 1649 509 donec,
1667 471 1800 504 rebus
1791 484 1827 503 ιιι
1846 471 2020 516 Hispania
2041 472 2172 506 consti·

1161 517 1266 557 tutis,
1296 517 1449 552 Carolus
1463 519 1500 552 in
1517 519 1753 555 Germaniam
1773 523 1923 557 veniret.
1982 524 2073 557 Nam
2094 525 2170 568 ipso

1160 570 1288 614 procul
1321 570 1468 603 absente
1503 572 1728 607 efficiendum
1765 582 1861 614 erat,
1908 582 1946 608 ut
1972 575 2169 609 Germania

1161 621 1357 668 tranquilla
1392 629 1504 663 esset,
1543 637 1633 657 neve
1660 626 1818 660 Gallicae
1848 628 2022 662 factiones
2054 634 2171 662 motus

1160 674 1197 706 in
1216 674 1413 707 Germania
1438 676 1648 711 excitarent.

1265 726 1433 761 Delectus
1459 735 1511 762 est
1529 728 1638 773 igitur
1655 729 1852 764 Casimirus
1874 730 2038 764 Mart-hio
2056 732 2171 765 Bran-

1160 780 1441 824 denburgensis,
1471 781 1533 826 qui
1556 782 1717 826 legiones
1735 783 1840 816 certis
1858 783 1894 816 in
1913 784 2000 817 locis
2019 785 2171 817 colloca—

1160 838 1213 864 tas
1238 830 1388 865 haberet
1415 832 1450 865 in
1478 834 1687 878 praesidiiS,
1733 842 1766 868 et
1790 836 1937 869 duceret
1964 837 2172 875 exercitum,

1159 883 1188 916 si
1206 897 1274 929 qua
1296 884 1379 917 belli
1396 887 1544 928 gerendi
1560 887 1754 921 necessitas
1772 887 1957 921 incideret.
2002 888 2173 921 Adiuncti

1159 942 1243 969 sunt
1272 936 1456 970 Electores
1486 939 1594 979 certi,
1638 952 1794 985 quorum
1822 940 1973 974 consilio
1999 947 2172 974 uteretur.

1158 987 1223 1022 His
1250 989 1356 1023 rebus
1382 989 1607 1031 constitutis,
1651 992 1759 1036 legati
1785 992 2039 1033 dimittuntur,
2082 1004 2173 1038 quos

1159 1041 1383 1075 discedentes
1422 1043 1605 1087 prosecuti
1650 1051 1732 1078 sunt
1771 1045 1952 1090 principes
1988 1044 2172 1079 Electores

1157 1106 1271 1139 usque
1289 1093 1532 1138 Moguntiam.
1587 1094 1673 1129 Inde
1692 1097 1994 1131 Francofordiam
2024 1098 2172 1137 reversi,

1158 1158 1241 1180 suos
1267 1152 1301 1179 et
1327 1146 1395 1191 ipsi
1419 1147 1556 1192 legatos
1580 1161 1660 1182 cum
1688 1150 1800 1183 literis
1827 1151 1871 1183 ad
1892 1150 2062 1183 Cat-olum
2091 1150 2171 1183 mit-

1158 1204 1251 1238 tunt,
1275 1198 1375 1233 cuius
1394 1199 1584 1244 legationis
1595 1200 1814 1243 Fridericus,
1839 1202 2027 1236 Palatinus
2038 1200 2172 1241 Rheni,

1156 1250 1359 1296 principem
1391 1252 1511 1286 locum
1546 1253 1744 1289 obtinebat.
1814 1253 1956 1288 Interea
1987 1254 2172 1288 electionis

1156 1303 1276 1336 nuntii
1312 1304 1472 1348 magnis,
1514 1305 1654 1339 diurnis
1688 1307 1949 1353 nocturnisque
1980 1307 2170 1340 itineribus

1156 1356 1194 1388 in
1211 1355 1425 1400 Hispaniam
1447 1359 1688 1392 contendunt:
1719 1371 1737 1392 e
1763 1359 1893 1405 quihus
1921 1371 2015 1394 unus
2038 1358 2169 1392 eximia

1156 1408 1338 1441 celeritate
1363 1415 1524 1444 caeteros
1549 1417 1798 1452 antevertens,
1835 1423 1935 1445 nono
1964 1411 2020 1445 die
2045 1411 2170 1445 Barci—

1154 1473 1242 1494 num
1263 1460 1388 1506 (vulgo
1404 1461 1654 1496 Barsellonam
1676 1464 1824 1510 vocant)
1841 1464 2027 1508 pervenit,
2056 1477 2097 1497 ex
2115 1476 2170 1504 eo,

1156 1525 1228 1559 quo
1257 1512 1519 1547 Francosordia
1546 1516 1728 1560 profectus
1753 1523 1824 1550 est:
1859 1529 2014 1562 cumque
2034 1517 2169 1550 laetum

1156 1572 1440 1612 exoptatumque
1471 1568 1640 1601 nuntium
1668 1568 1753 1602 illuc
1782 1569 1976 1609 attulisset,
2015 1581 2032 1601 a
2060 1568 2170 1612 Rege,

236 1628 349 1662 nolite
372 1640 469 1662 nunc
491 1642 557 1674 per
573 1630 792 1664 discordiam
819 1632 1007 1672 amittere,
1043 1645 1100 1665 ffl-
1126 1629 1128 1649 2
1156 1630 1262 1663 quem
1282 1618 1319 1651 in
1339 1618 1504 1652 cubiculo
1525 1632 1632 1654 ruane
1655 1618 1772 1654 adhuc
1799 1621 2043 1667 quiescentem
2070 1621 2169 1654 inve-

1155 1670 1365 1715 nit,magno
1384 1672 1464 1704 auri
1482 1674 1644 1717 pondere
1662 1674 1818 1707 donatus
1837 1679 1900 1708 est.
1928 1672 2169 1708 NecFrideri-

1156 1723 1532 1768 cusPalatinuslonga
1542 1738 1574 1757 m
1596 1726 1633 1758 in
1650 1726 1781 1759 itinere
1799 1738 1940 1759 moram
1953 1727 2048 1760 fecit.
2074 1726 2167 1761 Nam

1156 1775 1273 1820 pridie
1291 1775 1468 1810 Calendas
1480 1776 1692 1811 Decembris
1709 1779 1835 1811 eodem
1855 1778 2040 1823 pervenit3
2070 1791 2167 1812 cum-

1156 1840 1225 1873 que
1253 1829 1296 1860 ad
1323 1829 1449 1861 urbem
1476 1831 1662 1863 accederet
1686 1830 1958 1871 Barsellonam‚
1986 1830 2085 1871 Rex,
2110 1842 2167 1864 co-

1156 1880 1256 1924 gnito
1286 1880 1361 1914 eius
1390 1881 1568 1923 adventu,
1602 1884 1645 1915 ad
1673 1883 1740 1915 tria
1767 1884 1880 1917 ferme
1907 1883 2078 1916 milliaria
2106 1884 2168 1916 ob-

1560 1934 1704 1979 Legatis
1721 1936 1875 1979 benigue
1893 1942 1926 1969 et
1943 1936 2094 1968 comiter
2109 1947 2166 1968 ex-

1157 1985 1287 2029 ceptis,
1324 1985 1432 2031 inque
1459 1986 1634 2031 oppidum
1664 1987 1899 2028 introductis,
1934 1988 2059 2021 literae
2075 1987 2166 2031 Regi

1156 2038 1201 2071 ab
1218 2036 1446 2072 Electoribus
1464 2038 1620 2083 scriptae
1636 2041 1850 2074 redduntur.
1906 2039 1946 2073 In
1963 2040 2076 2073 literis
2093 2040 2166 2083 pri-

1155 2103 1255 2123 mum
1286 2090 1401 2123 inerat
1429 2093 1732 2125 commemoratio
1754 2093 2030 2126 benevolentiae
2060 2091 2165 2125 Prin-

1621 2151 1655 2178 et
1672 2145 1792 2179 officii.
1847 2145 1937 2178 Cum
1960 2152 2080 2178 autem
2097 2143 2166 2178 Im-

1154 2195 1254 2239 peria
1290 2196 1365 2228 sato
1397 2203 1590 2239 regantur,
1631 2198 1831 2230 narrabant
1865 2198 2039 2232 divinitus
2073 2195 2166 2230 hanc

1155 2248 1366 2281 electionem
1405 2249 1644 2292 gubernatam
1681 2262 1756 2284 esse
1772 2278 1781 2290 ,
1834 2256 1873 2283 ut
1906 2250 2164 2294 sufsragiorum

1155 2300 1410 2341 concordiam,
1445 2307 1479 2334 et
1505 2301 1695 2335 universae
1719 2302 1942 2336 Germaniae
1970 2309 2052 2336 vota
2082 2314 2165 2335 cou-

1154 2352 1343 2386 sentientia
1363 2354 1614 2387 ostenderent:
1651 2355 1715 2388 etsi
1736 2355 1802 2399 ipsi
1821 2355 1928 2388 etiam
1947 2354 2081 2388 iudicio
2100 2367 2164 2388 suo

1154 2406 1197 2437 de
1217 2405 1373 2445 familia,
1403 2406 1520 2451 deque
1540 2405 1650 2450 ipsius
1670 2407 1821 2446 virtute,
1850 2407 2032 2440 neminem
2063 2413 2163 2451 puta-

1796 2459 1888 2493 Huic
1909 2459 2067 2492 orationi
2085 2472 2163 2502 gra-

1154 2509 1245 2541 viter
1272 2510 1425 2554 scriptae
1451 2510 1589 2543 adiecta
1616 2517 1693 2545 erat
1718 2511 1865 2556 petitio,
1901 2518 1940 2545 ut
1966 2511 2161 2555 Imperium

1153 2561 1228 2595 sine
1251 2562 1475 2596 recusatione
1493 2562 1688 2608 acciperet,
1717 2570 1751 2597 et
1769 2564 1972 2598 constitutis
1998 2564 2103 2596 rebus
2126 2562 2163 2594 in

1376 2622 1533 2650 maturet
1558 2616 1627 2650 iter
1652 2616 1687 2649 in
1706 2616 1955 2650 Germaniam.
2011 2614 2162 2648 Carolus

1154 2668 1307 2711 acceptis
1327 2675 1361 2700 et
1380 2668 1477 2702 lectis
1499 2669 1632 2709 literis,
1662 2681 1740 2702 cum
1762 2669 1912 2702 existim
1906 2674 1981 2700 iret
2002 2679 2036 2700 se
2059 2667 2160 2712 quisi

1153 2718 1274 2751 divina
1296 2732 1382 2753 soce
1400 2727 1502 2754 tinto
1529 2733 1705 2755 consensu
1731 2722 1839 2754 totius
1861 2733 1895 2765 p
1887 2720 1966 2753 ‹zitri
1970 2731 2000 2752 xe
2026 2719 2161 2755 vocari

1154 2771 1216 2804 etsi
1239 2772 1355 2805 κὶιίρίιι
1359 2779 1404 2813 it,
1434 2780 1568 2818 quezintn
1588 2786 1709 2807 rerum
1727 2774 1841 2806 moles
1858 2772 1925 2806 sibi
1951 2771 2143 2816 imponelv
2149 2793 2161 2796 -
