2421 3037
273 141 343 175 811

271 223 421 258 lendarii
444 223 595 255 formam
620 218 685 252 sibi
707 215 862 261 proponi
880 219 1067 259 expetunt,
1095 225 1183 259 quas
1200 218 1253 245 ta-

270 287 352 308 men
371 275 450 307 ideo
466 280 643 305 recensere
660 267 774 307 volui,
801 273 841 300 ut
862 264 1141 310 imperitioribus
1161 261 1253 296 hanc

270 324 486 369 diligentiam
531 318 745 353 observandi
787 323 820 351 et
861 315 1058 350 annotandi
1099 314 1253 358 insignes

270 381 413 410 eventus
434 384 475 405 ex
491 369 647 405 historiis
668 368 828 403 omnium
847 368 1002 413 gentium
1016 393 1025 406 ,
1053 366 1254 411 aliquantu-

270 428 341 460 lum
361 423 646 457 commendarem
659 447 667 460 ,
695 432 802 465 quam
819 419 848 452 si
865 418 1108 462 usurpabunt,
1135 416 1254 461 plures

270 477 374 510 etiam
391 476 460 507 iam
478 472 580 505 dictis
597 470 807 505 utilitatibus
824 470 906 502 inde
924 474 1196 514 consequentur.

370 526 438 559 Sed
467 530 506 557 ut
532 521 598 556 hae
623 523 741 567 ipsae,
776 533 866 567 quae
891 519 1059 554 hactenus
1083 518 1254 563 prolixius

268 583 350 612 sunt
372 580 618 613 enumeratae,
646 573 683 605 in
709 578 899 616 conspectu
922 571 991 605 sint
1012 570 1150 615 pueris,
1175 569 1255 601 bre-

269 629 358 661 viter
383 639 440 660 eas
467 632 638 670 tanquam
661 624 698 656 in
721 623 849 656 tabella
883 620 938 655 hic
969 620 1174 660 subiiciam‚
1214 625 1255 652 ut

266 680 398 717 sciant,
425 688 514 722 quae
530 676 621 708 inter
636 675 823 718 legendum
846 674 1034 707 observare
1054 672 1216 704 debeant.

369 735 408 769 ln
425 734 656 773 calendario,
684 734 779 779 quod
797 721 1030 777 proponitur,
1057 730 1254 764 inscribun<

268 795 325 821 tur
342 793 422 820 ante
440 785 577 819 omnia:

318 846 343 881 Ι.
370 846 455 879 Dies
473 857 514 878 ex
533 844 641 879 sacris
656 842 813 877 historiis
831 842 1020 881 observati,
1049 841 1176 886 quibus
1192 840 1254 872 ali-

421 896 506 942 quid
522 896 657 939 insigne
676 901 810 938 gestum
831 894 867 926 in
885 892 1040 926 Ecclesia
1063 892 1202 935 legitur.

318 947 359 981 Π.
394 947 532 981 Deinde
554 946 717 990 proderit
738 946 862 977 eodem
885 945 1014 976 referre
1037 955 1077 976 ex
1101 943 1252 975 aliarum

423 1009 563 1043 quoque
587 996 743 1040 gentium
770 994 944 1034 historiis,
972 993 1127 1039 antiquis
1148 999 1182 1026 et
1200 1004 1254 1024 re-

422 1048 657 1087 centioribus,
693 1047 765 1080 dies
794 1046 986 1090 insignium
1013 1044 1253 1078 mutationum

422 1098 656 1143 publicarum.

319 1149 376 1184 ΙΙΙ,
409 1149 574 1183 Proderit
599 1148 704 1181 etiam
729 1153 854 1179 notare
880 1146 972 1186 dies,
1000 1146 1127 1191 quibus
1152 1157 1253 1189 prae—

422 1207 553 1235 stantes
570 1200 637 1232 viri
654 1198 728 1231 nati
747 1204 779 1230 et
796 1198 937 1230 extincti
955 1203 1048 1231 sunt.

321 1251 391 1285 llll.
425 1251 526 1285 Festa
551 1250 635 1283 item
655 1249 831 1293 gentium,
859 1249 1060 1294 ubicunque
1076 1247 1254 1291 leguntur,

422 1302 554 1335 utiliter
579 1301 824 1334 adscribentur
849 1300 991 1339 diebus,
1020 1298 1147 1344 quibus
1168 1297 1252 1330 olim

423 1353 595 1385 celebrata
618 1358 710 1386 sunt.

319 1404 360 1438 V.
394 1404 450 1437 Sic
475 1411 507 1436 et
531 1410 673 1436 ortuum
697 1414 736 1434 ac
761 1413 949 1434 occasuum
975 1407 1152 1433 certorum
1181 1399 1254 1433 dles

421 1454 570 1488 notandi
593 1460 694 1493 sunt,
732 1452 792 1498 qui
819 1452 874 1484 vel
898 1451 982 1484 olim
1007 1458 1143 1495 partem
1169 1451 1255 1499 annj

422 1513 552 1540 certam
578 1503 860 1547 indicabantu),
895 1503 949 1535 vel
971 1501 1037 1535 liae
1062 1508 1175 1534 aetate
1199 1502 1254 1533 in-

421 1558 535 1601 signes
553 1556 642 1589 aeris
658 1554 873 1587 mutationes
892 1553 1048 1585 efficiunt
1059 1552 1114 1597 ¹⁵).

322 1609 378 1643 Vl.
406 1609 592 1642 Postremo
607 1606 850 1650 unusquisque
866 1616 968 1637 suum
985 1610 1019 1636 et
1032 1615 1177 1636 suorum
1193 1603 1255 1634 do-

423 1660 649 1692 mesticorum
676 1657 769 1689 diem
795 1655 970 1693 natalem,
999 1661 1032 1687 et
1055 1654 1142 1686 alios
1169 1653 1254 1691 dies,

424 1709 608 1753 insignitos
635 1707 810 1753 aliquibus
837 1706 872 1738 in
899 1706 969 1738 vita
995 1705 1152 1743 casibus,
1190 1704 1255 1736 Ca-

421 1760 582 1794 lendario
602 1772 679 1792 cum
698 1760 812 1791 fructu
831 1757 1009 1790 inscribet.

372 1822 466 1854 Haec
490 1826 527 1853 ut
551 1818 773 1852 commodius
800 1816 874 1848 fieri
907 1815 1059 1859 possint,
1100 1815 1254 1846 formam

274 1874 384 1917 ipsam
402 1870 602 1905 Calendarii
618 1881 711 1902 nunc
728 1868 870 1901 tandem
891 1878 1104 1910 proponam,
1132 1865 1167 1897 in
1186 1877 1253 1909 qua

275 1923 361 1956 nibil
395 1928 445 1955 est
477 1928 536 1954 aut
571 1921 674 1960 artis,
708 1925 768 1952 aut
799 1918 1034 1956 difficultatis,
1069 1916 1136 1949 nisi
1161 1916 1257 1960 quod

277 1986 410 2007 menses
446 1973 664 2005 diversarum
703 1969 859 2013 gentium
898 1974 977 2012 apte
1019 1967 1255 2010 coniungendi

277 2031 377 2064 sunt,
418 2023 590 2068 siquidem
629 2021 801 2054 eiusmodi
839 2019 1088 2052 Calendarium
1126 2016 1257 2050 habere

278 2076 457 2112 volumus,
486 2074 580 2118 quod
598 2085 669 2105 non
687 2072 799 2105 solum
817 2070 1046 2108 biblicarum,
1074 2070 1133 2102 sed
1151 2068 1255 2101 etiam
1282 2089 1284 2102 ι,

279 2126 426 2158 aliarum
446 2123 673 2157 historiarum
696 2121 837 2155 lectioni
861 2120 991 2154 servire
1016 2120 1159 2159 debeat,
1188 2131 1256 2165 qua

279 2188 346 2209 una
367 2177 400 2207 in
418 2188 453 2207 re
475 2174 642 2207 mediocri
664 2173 792 2206 iudicio
813 2179 846 2205 et
863 2171 1041 2215 diligentia
1060 2177 1111 2204 est
1132 2184 1232 2214 opus.

380 2225 427 2258 Ut
444 2232 559 2257 autem
577 2225 738 2257 iuventus
754 2235 875 2257 causas
892 2222 1080 2266 intelligat,
1109 2234 1170 2254 cur
1187 2234 1258 2254 cer-

280 2283 394 2309 tarum
413 2276 567 2319 gentium
587 2288 723 2309 menses
739 2273 794 2307 liic
812 2286 998 2317 usurpem,
1027 2273 1191 2316 neglectis
1207 2285 1259 2305 re-

280 2326 405 2371 liquis,
441 2333 472 2358 et
504 2327 587 2371 quid
611 2333 747 2359 secutus
769 2326 833 2359 sim
861 2325 896 2356 in
922 2324 1170 2357 connectendis
1193 2323 1259 2357 illis

280 2376 477 2414 mensibus,
505 2376 623 2419 paucis
647 2377 820 2409 rationem
844 2376 924 2408 sacti
951 2375 1018 2407 mei
1042 2376 1257 2408 reddendam

280 2427 362 2459 duxi
389 2426 503 2470 prius,
539 2440 644 2471 qnam
672 2427 755 2459 anni
782 2434 814 2460 et
841 2427 1012 2460 mensium
1041 2426 1259 2459 distributio-

279 2490 359 2510 nem
387 2490 579 2521 exponam,
609 2483 645 2509 nt
671 2477 777 2511 tutius
801 2484 834 2510 et
851 2477 1005 2510 securius
1023 2477 1259 2510 adolescentes

281 2526 345 2560 hac
360 2527 560 2561 Calendarii
579 2528 690 2559 surina
710 2529 759 2560 nti
783 2534 933 2573 queant,
962 2540 1067 2572 quam
1087 2540 1159 2560 non
1179 2540 1259 2572 pro-

317 2646 362 2673 1⁴)
380 2644 422 2674 qui
443 2645 485 2667 vel
505 2644 566 2667 olim
587 2655 620 2660 —-
639 2642 807 2672 indicabant]
828 2643 868 2667 sic
887 2644 936 2669 Ed.
949 2643 993 2673 23
1024 2644 1072 2668 Ed.
1090 2644 1112 2669 1.
1133 2644 1175 2675 qui
1195 2650 1260 2675 par-

349 2680 402 2701 tem
421 2678 484 2701 armi
504 2680 604 2701 certam
625 2677 753 2704 indicant,

318 2721 362 2747 16)
382 2720 525 2747 efficiunt]
547 2720 586 2744 uic
606 2720 653 2745 Ed.
669 2719 710 2748 2.;
740 2719 787 2743 Ed.
805 2720 825 2742 Ι.
844 2719 968 2743 afferunt,

895 127 1252 163 ADDITAMENTA
1277 127 1343 162 AD
1371 125 1512 161 VOLL.
1539 125 1663 161 I—X.

1285 2656 1288 2679 l

2217 129 2293 164 812

1306 223 1402 256 pono
1427 217 1600 256 tanquam
1627 210 1938 254 perfectissimam,
1977 212 2038 246 sed
2067 213 2292 247 communico

1306 274 1386 296 cum
1404 262 1501 302 aliis,
1528 268 1701 306 tanquam
1720 262 1907 302 eiusmodi,
1932 274 2025 308 quae
2041 261 2130 296 mihi
2149 263 2295 309 quidem

1307 313 1381 347 visa
1399 319 1451 347 est
1467 312 1584 346 minus
1600 312 1848 353 incommoda,
1875 313 1937 359 qui
1950 313 2102 347 libenter
2127 315 2234 347 etiam
2259 321 2296 348 et

1307 375 1387 397 cum
1410 364 1528 398 studio
1554 363 1781 407 gratitudinis
1807 364 2002 408 amplectar
2019 364 2204 398 meliorem
2221 366 2295 399 for-

1307 426 1401 448 mam
1413 441 1422 455 ,
1450 416 1736 460 quandocunque
1754 427 1830 447 eam
1848 415 1952 449 nobis
1971 415 2032 448 alii
2049 415 2268 460 impertient-

1342 515 1405 549 De
1433 515 1653 550 dissimili
1680 515 1863 548 ratione
1891 527 2111 549 annorum
2138 517 2256 562 apud

1601 566 1809 600 diversas
1835 572 2004 610 gentes.

1408 634 1570 667 Primum
1587 634 1708 677 igitur,
1725 634 1808 680 quia
1826 645 1892 668 nos
1907 634 2042 668 utimur
2058 634 2296 680 descriptione

1309 685 1394 718 anni
1413 691 1447 718 et
1468 684 1662 725 mensium,
1689 685 1793 729 longe
1812 685 1994 725 omnium,
2023 697 2114 731 quae
2139 686 2296 726 fuerunt,

1308 736 1596 769 commodissima
1623 742 1656 768 et
1678 736 1843 768 facillima
1856 762 1864 775 ,
1893 736 2007 782 (quod
2026 736 2169 782 quidem
2187 738 2232 770 ad
2249 737 2296 770 ci-

1308 787 1394 821 viles
1419 793 1452 819 et
1475 787 1638 830 vulgares
1662 799 1744 820 usus
1769 787 1911 834 attinet)
1937 799 2028 833 quae
2049 788 2094 821 ad
2108 787 2201 821 Solis
2218 799 2297 821 cur-

1308 851 1385 872 sum
1404 838 1672 870 accommodata
1686 864 1696 877 ,
1724 844 1758 870 et
1775 850 1793 870 a
1810 837 1897 871 Caio
1914 837 2004 871 Iulio
2023 838 2174 872 Caesare
2196 838 2297 872 insti-

1308 896 1382 922 tuta
1396 915 1405 928 ,
1440 889 1483 921 ad
1509 901 1574 921 nos
1600 901 1712 934 usque
1734 895 1907 932 perpetuo
1922 901 1988 922 usu
2003 890 2208 923 transmissa
2227 895 2295 923 est:

1308 942 1352 973 ad
1385 937 1480 972 hunc
1503 937 1679 972 Iulianum
1706 951 1840 973 annum
1870 940 2169 973 accommodandi
2192 945 2298 973 erunt

1308 1002 1445 1024 menses
1473 991 1623 1023 aliarum
1648 991 1826 1034 gentium,
1867 997 1907 1023 ut
1930 989 1996 1024 hac
2022 996 2144 1024 nostra
2180 996 2296 1024 aetate

1308 1042 1428 1087 aliquo
1452 1042 1560 1074 modo
1584 1041 1732 1085 intelligi
1757 1048 1884 1086 queat,
1913 1053 1982 1087 qua
2007 1047 2109 1086 parte
2132 1042 2217 1074 anni
2241 1053 2297 1075 res

1308 1099 1402 1137 gesta
1433 1091 1499 1132 sit,
1540 1104 1631 1137 quae
1665 1093 1708 1125 ab
1739 1092 1894 1137 antiquis
1919 1104 2041 1126 rerum
2063 1092 2297 1136 scriptoribus

1308 1149 1622 1176 commemoratur.

1410 1193 1493 1227 Non
1518 1200 1636 1227 autem
1660 1191 1717 1226 hic
1736 1193 1814 1227 talis
1830 1193 1949 1239 aliqua
1968 1193 2142 1226 certitudo
2161 1192 2298 1239 requiri

1309 1251 1369 1278 aut
1394 1245 1571 1288 expectari
1597 1245 1721 1285 debet,
1749 1245 1850 1290 quasi
1870 1245 1916 1277 ita
1934 1244 2072 1289 possint
2088 1256 2226 1278 menses
2244 1243 2298 1277 di-

1308 1308 1491 1329 versarum
1510 1296 1667 1339 gentium
1688 1296 1916 1336 concinnari,
1942 1302 1982 1328 ut
1996 1295 2069 1329 dies
2085 1295 2207 1329 diebus
2225 1307 2298 1328 cer-

1309 1353 1344 1380 to
1369 1353 1579 1391 congruant.
1641 1347 1731 1380 lN'am
1759 1347 1793 1379 id
1821 1347 1895 1379 fieri
1923 1346 2022 1379 nullo
2049 1348 2156 1380 modo
2181 1358 2298 1390 posse,

1309 1410 1432 1431 omnes
1457 1397 1678 1440 intelligunt,
1707 1397 1766 1441 qui
1792 1397 2018 1429 mediocriter
2043 1397 2159 1430 sciunt
2175 1397 2298 1430 discri-

1310 1449 1405 1481 mina
1436 1461 1637 1487 annorum,
1678 1448 1805 1492 quilius
1836 1447 2080 1481 differentibus
2111 1447 2235 1491 populi
2260 1447 2297 1480 in

1308 1499 1456 1532 diversis
1477 1499 1561 1532 locis
1585 1505 1667 1531 suut
1686 1498 1749 1531 usi.
1801 1498 1892 1532 Nam
1914 1498 1973 1530 alii
1992 1498 2029 1530 in
2044 1498 2297 1532 constitutione

1310 1550 1418 1582 annui
1446 1550 1549 1593 spatii
1574 1555 1710 1581 tantum
1737 1556 1852 1581 motus
1867 1548 2021 1582 Lunaris
2039 1548 2215 1582 rationem
2234 1546 2298 1581 ha-

1309 1602 1482 1639 buerunt,
1510 1607 1547 1632 ut
1565 1600 1720 1638 Arabes,
1758 1605 2012 1643 componentes
2036 1611 2168 1633 annum
2192 1611 2296 1633 suum

1310 1664 1350 1684 ex
1367 1651 1553 1683 duodecim
1574 1650 1752 1683 mensibus
1770 1651 1954 1684 lunaribus
1969 1650 2058 1690 illis,
2086 1663 2174 1695 quos
2191 1662 2298 1695 syno-

1310 1702 1406 1735 dicos
1432 1702 1680 1740 nominamus,
1717 1713 1869 1746 quorum
1895 1714 1953 1734 sex
1977 1700 2208 1734 continebant
2235 1700 2297 1734 tri-

1309 1753 1405 1796 ginta
1431 1753 1524 1791 dies,
1551 1752 1679 1797 reliqui
1702 1765 1761 1785 sex
1780 1752 2042 1795 undetriginta,
2068 1750 2182 1786 ethos
2199 1763 2298 1785 men-

1309 1816 1362 1837 ses
1379 1816 1496 1842 cavos,
1514 1803 1591 1836 illos
1609 1809 1727 1835 autem
1746 1803 1868 1847 plenos
1887 1803 2129 1847 appellarunt;
2155 1800 2298 1836 hahuit-

1311 1867 1378 1900 que
1408 1866 1521 1888 annus
1554 1855 1628 1887 dies
1659 1860 1833 1887 trecentos
1855 1853 2113 1899 quinquaginta
2142 1859 2298 1899 quatuor

1311 1912 1504 1950 perpetuo,
1549 1905 1617 1938 nisi
1649 1905 1745 1950 quod
1777 1905 1920 1948 triginta
1953 1903 2055 1938 annis
2084 1904 2298 1937 accedebant

1310 1957 1474 1990 undecim
1508 1956 1602 1996 dies,
1640 1955 1775 1988 collecti
1808 1968 1849 1988 ex
1881 1955 2027 1989 minutis
2060 1955 2296 2000 quadraginta

1311 2015 1484 2053 quatuor,
1512 2019 1603 2052 qnae
1625 2012 1759 2039 restant
1780 2007 1822 2039 de
1846 2006 2024 2040 mensibus
2046 2006 2224 2051 synodicis
2241 2018 2299 2039 su-

1310 2071 1372 2102 pra
1393 2058 1441 2093 29
1461 2058 1534 2092 dies
1547 2085 1555 2098 ,
1583 2064 1617 2091 et
1635 2059 1680 2093 12
1698 2055 1815 2091 horas.
1870 2057 1970 2102 Quae
1987 2057 2122 2090 minuta
2142 2057 2177 2090 in
2196 2056 2298 2090 annis

1311 2110 1453 2143 tricenis
1477 2108 1665 2142 duodecies
1691 2109 1854 2148 collecta,
1882 2108 2037 2142 efficiunt
2060 2108 2214 2152 praecise
2233 2119 2298 2141 un-

1311 2161 1423 2193 decim
1450 2161 1545 2200 dies,
1573 2160 1754 2193 addendos
1778 2159 1875 2199 ideo,
1903 2166 1942 2193 ut
1966 2159 2149 2193 novilunia
2180 2165 2298 2192 exacte

1313 2213 1356 2244 ad
1374 2211 1547 2244 mensium
1566 2210 1664 2243 initia
1684 2217 1893 2255 congruant.

1416 2262 1601 2295 Caeterum
1625 2260 1693 2294 hoc
1717 2269 1766 2295 est
1791 2260 1894 2295 liuius
1918 2261 2003 2294 anni
2017 2260 2299 2300 incommodum,

1313 2314 1409 2359 quod
1426 2313 1554 2357 singuli
1572 2326 1708 2347 menses
1728 2319 1975 2346 transcurrunt
1992 2324 2056 2357 per
2071 2323 2194 2345 omnes
2213 2310 2298 2344 anni

1314 2371 1430 2409 partes
1454 2364 1568 2408 spatio
1593 2364 1734 2407 triginta
1763 2364 1870 2397 trium
1894 2365 2004 2397 ferme
2023 2374 2220 2402 annorum,
2248 2361 2298 2394 ita

1313 2422 1350 2449 ut
1367 2428 1437 2448 non
1454 2415 1523 2448 sint
1539 2415 1647 2460 aliqui
1665 2415 1750 2448 certi
1767 2427 1903 2449 menses
1920 2414 2043 2449 aestivi
2061 2419 2121 2447 aut
2136 2410 2298 2458 hyberni.

1415 2466 1516 2499 Aliae
1532 2474 1651 2509 gentes
1669 2467 1827 2511 neglecto
1846 2466 1968 2499 Lunae
1985 2470 2167 2498 menstruo
2185 2469 2298 2503 motu,

1314 2529 1472 2551 annuum
1493 2517 1660 2561 spatium,
1693 2530 1771 2551 cum
1792 2518 1973 2550 contineat
1985 2515 2029 2563 ¹⁸)
2051 2521 2226 2549 trecentos
2243 2526 2300 2550 se-

1350 2652 1394 2683 16)
1414 2657 1530 2674 annuum
1550 2651 1684 2680 spatium.
1705 2656 1764 2674 cum
1779 2649 1932 2677 contineat]
1952 2649 1992 2673 sic
2011 2650 2059 2675 Ed.
2073 2650 2113 2680 ²4
2139 2648 2188 2673 Ed.
2205 2649 2228 2673 1.
2245 2653 2298 2673 nn·-

1384 2692 1464 2709 nuum
1490 2685 1606 2714 spatium
1629 2685 1791 2708 definierunt
1810 2684 1883 2709 sotis
1903 2690 1950 2713 per
1969 2686 2055 2708 totum
2073 2683 2222 2708 zodiacum
2241 2683 2299 2708 clr-

1384 2720 1498 2749 cunum,
1525 2720 1594 2749 quod
1612 2721 1745 2749 spatium,
1769 2725 1828 2743 cum
1847 2719 1986 2742 contineat
