2453 3037
307 127 357 162 63
878 118 1002 154 PHIL.

320 211 354 245 S.
385 210 404 246 ὁ
424 207 510 250 νόος
528 215 562 242 et
581 207 791 242 conti-actim
811 209 900 246 νοῦς

386 265 455 297 τοῦ
474 261 568 296 νόου
811 261 883 294 νοῦ

383 316 438 359 τῷ
460 310 539 358 νόῳ
810 312 867 358 νῷ

385 363 453 400 τὸν
470 360 560 398 νόον
808 360 903 396 νοῦν

385 411 415 449 ὦ
434 412 496 449 νόε
809 412 891 447 νοῦ.

309 468 354 502 D.
388 464 441 500 τα)
459 462 536 500 νόω
811 461 868 498 νώ

384 517 467 552 τοῖν
482 514 588 551 νόοιν
811 515 908 549 νοῖν.

320 569 362 603 P.
390 567 426 603 οἱ
442 567 523 602 νόοι
811 567 874 601 νοῒ

385 622 464 654 τῶν
483 615 585 653 νόων
812 619 893 652 νῶν

384 672 462 709 τοῖς
476 668 576 708 νόοις
811 669 891 707 νοῖς

383 720 472 760 τοὺς
488 720 601 760 νόους
811 722 901 758 νοῦς

385 769 416 808 ὦ
431 771 513 808 νόοι
811 772 883 806 νοῖ.

410 833 477 865 Hic
503 832 710 866 observabis
737 838 771 864 et
800 843 859 871 ea,
889 841 982 876 quae
1006 842 1071 874 per
1095 829 1314 863 contractio-

307 897 390 918 nem
415 897 456 918 ex
481 896 552 923 οεις
574 884 611 916 in
635 896 698 923 ους
723 888 929 923 mutantur,
964 888 1004 915 ut
1029 880 1206 926 πλακόεις]
1223 883 1315 917 πλα-

307 939 416 981 κοῦς,
445 934 669 974 πλακόεντος
684 937 916 973 πλακοῦντος
935 940 1000 968 etc.
1019 933 1079 980 5ε’).

321 1075 356 1109 S.
386 1072 404 1109 ὃ
425 1072 490 1112 ἃλς

385 1128 454 1161 τοῦ
472 1123 559 1163 ἁλός

387 1180 442 1223 τῷ
463 1173 525 1210 ἁλί

387 1227 455 1263 τὸν
475 1225 549 1261 ἅλα

387 1276 418 1314 ὦ
437 1278 515 1318 ἅλς.

312 1332 357 1366 D.
392 1328 445 1366 τῶ
462 1329 527 1364 fiae

390 1384 472 1418 τοῖν
489 1379 609 1416 ὅλοιν.

320 1435 362 1468 Ρ.
392 1433 427 1470 οἱ
445 1432 527 1471 ἅλες

388 1487 466 1520 τῶν
485 1482 588 1517 ἅλων

388 1539 467 1575 τοῖς
487 1531 573 1570 ἁλσί

389 1586 478 1626 τοὺς
494 1586 585 1625 ἅλας

389 1635 419 1674 ὦ
438 1637 532 1678 ἅλες.

772 1706 858 1740 ΡΣ.

734 1765 833 1799 Alias
851 1772 884 1798 et
906 1763 1034 1811 μάκαρ
1057 1766 1126 1799 τοῦ
1151 1761 1321 1809 μάκαρος

738 1824 772 1851 et
795 1815 814 1852 ὁ
837 1815 1022 1864 μακάριος
1037 1818 1105 1851 τοῦ
1129 1813 1320 1863 μακαρίου

736 1870 894 1904 effertur.

329 1769 364 1803 S.
393 1767 412 1804 ὃ
429 1765 578 1814 μάκαρς

391 1823 460 1856 τοῦ
476 1816 669 1866 μάκαρ-τος

392 1875 446 1918 τῷ
463 1869 628 1918 μάκαρ-τι

392 1922 460 1959 τὸν
476 1921 655 1970 μα’καρϊα

392 1971 423 2009 ὦ
438 1972 587 2021 μάκαρς
603 1980 668 2008 etc.

774 2044 861 2078 ΝΣ.

331 2104 365 2139 S.
395 2103 414 2140 ὃ
435 2102 572 2150 Τίρυνς

394 2158 463 2191 τοῦ
483 2153 675 2202 Τίρυνθος

394 2210 448 2254 τῷ
469 2204 635 2252 Τίρυνθι

396 2257 464 2294 τὸν
492 2256 669 2304 Τίρυνθα

396 2306 426 2345 ὦ
447 2306 596 2356 Τίρυνς.

422 2436 463 2470 In
479 2447 510 2485 ψ
526 2436 688 2470 finientia
707 2441 802 2469 certa
820 2435 944 2479 regula
974 2432 1235 2480 comprehendi
1260 2445 1321 2466 ne-

322 2495 478 2537 queunt,
506 2489 576 2522 alia
599 2487 752 2536 enim⁵⁹)
777 2499 842 2532 per
858 2486 945 2533 βος,
977 2487 1045 2520 alia
1065 2499 1131 2532 per
1147 2499 1232 2528 πος,
1261 2485 1322 2519 sed

320 2553 403 2576 rara
415 2569 425 2583 ,
453 2540 520 2574 alia
538 2552 603 2586 per
620 2553 711 2589 (ρος,
739 2540 800 2574 sed
816 2539 1000 2574 rarissima
1019 2539 1241 2580 efferuntur,
1270 2543 1311 2572 ut

353 2643 402 2670 58)
422 2640 591 2670 πλακόεντος
610 2641 783 2670 πλακοῦντος
802 2643 869 2672 etc.]
889 2642 930 2666 sic
948 2641 1033 2666 Editt,
1050 2641 1125 2666 1542.
1141 2648 1217 2673 sqq.;
1237 2639 1323 2665 Editt.

393 2677 602 2702 1522—1541.:
627 2677 816 2707 πλακοῦντος,
842 2678 915 2702 sicut
934 2678 962 2701 et
980 2674 1159 2703 πλακόεντος.

354 2720 403 2748 59)
422 2721 479 2744 alia
503 2721 588 2750 enim]
622 2721 663 2746 sic
693 2721 778 2747 Editt.
800 2721 875 2746 1542.
898 2728 976 2752 sqq.;
1014 2719 1098 2744 Editt.
1120 2719 1234 2745 1522—
1248 2719 1325 2745 1541.

392 2755 473 2779 allas.

1041 117 1155 153 MEL.
1189 116 1394 154 SCRIPTA
1428 117 1770 156 PHILOLOGICA.

2326 124 2379 161 64

1387 205 1423 240 S.
1453 204 1472 241 ὃ
1487 204 1623 253 ’Ἄραψ

1445 260 1514 292 τοῦ
1532 256 1703 304 ’Ἄραβος

1446 310 1502 356 τῴ
1518 306 1663 355 ’Ἄραβι

1444 359 1681 407 τὸν”Αραβα

1446 407 1635 454 ὥ”Αροεψ.

1367 457 1413 493 D.
1448 456 1660 505 τώ”Αραβε

1445 511 1527 546 τοῖν
1538 508 1741 557 Ἀροὶβοιν.

1381 560 1423 597 Ρ.
1447 560 1664 609 οἷ”Αραβες

1445 611 1720 661 τῶνἈράβων

1445 663 1680 711 τοῖςἾἈραψι

1443 715 1532 754 τούς
1543 715 1718 762 ’Ἄραβας

1447 762 1478 800 ὦ
1491 765 1667 814 ”Αραβες.

1380 816 1416 851 S.
1445 815 1465 852 ὁ
1482 815 1642 865 mizi-wip

1446 866 1465 903 ὅ
1481 868 1603 917 κίνυψ

1881 766 1937 800 Sic
1949 794 1958 807 ,

1747 819 1815 852 τοῦ
1832 814 2027 857 κύκλωπος

1749 871 1817 904 τοῦ
1836 867 1998 917 κίνυφος
2018 875 2083 903 etc.

1469 937 1646 972 Omnium
1664 937 1933 971 declinabilium
1959 950 2091 971 vocum
2119 935 2377 981 paradigmata

1369 989 1467 1023 iuxta
1491 989 1678 1023 literarum
1700 990 1866 1022 ordinem
1883 989 2194 1034 praescripsimus.
2249 987 2378 1021 Tuum

1371 1041 1459 1082 erit,
1487 1042 1646 1076 studiose
1663 1042 1797 1081 lector,
1826 1042 1871 1074 ad
1889 1053 1929 1074 ea
1949 1040 2109 1086 exigere,
2137 1040 2167 1074 si
2191 1039 2291 1086 quod
2312 1050 2379 1071 no-

1370 1105 1453 1126 men
1469 1092 1636 1127 inciderit
1652 1093 1881 1127 flectendum.
1943 1092 2020 1126 Iam
2045 1099 2079 1126 et
2103 1098 2229 1126 nostro
2255 1102 2375 1124 exem-

1370 1145 1431 1189 plo
1452 1150 1485 1177 te
1505 1146 1613 1178 velim
1630 1157 1739 1191 quarn
1758 1144 1957 1189 plurimum
1978 1157 2108 1178 vocum
2135 1143 2376 1182 accumulare,

1371 1196 1502 1242 quibus
1533 1209 1681 1231 casuum
1714 1196 1907 1230 varietates
1940 1208 1981 1230 ac
2007 1195 2216 1230 discrimina
2239 1199 2378 1241 queant

1372 1259 1543 1282 exercerl.

1476 1307 1697 1342 Observabis
1718 1313 1840 1341 autem
1858 1307 1895 1340 in
1913 1305 1982 1341 hac
2004 1305 2247 1340 declinatione
2272 1316 2292 1338 a
2319 1316 2378 1349 ge-

1371 1358 1487 1392 nitivo
1528 1372 1567 1398 ος
1606 1359 1683 1392 fieri
1723 1359 1992 1393 nominativum
2026 1357 2278 1392 declinationis
2306 1362 2378 1390 ter-

1372 1410 1462 1452 tiae,
1487 1417 1527 1444 ut

1583 1468 1603 1505 ὁ
1621 1468 1741 1514 ἄβαξ,
1776 1472 1844 1504 τοῦ
1865 1468 2019 1516 ἄβακος.
2073 1469 2167 1503 Hinc

1586 1519 1606 1555 ὃ
1625 1520 1770 1567 ἄβακος

1584 1575 1654 1607 τοῦ
1671 1571 1820 1618 ἅβάκου

1583 1625 1639 1671 τῷ
1655 1622 1790 1671 ἀβακῳ
1819 1630 1884 1657 etc.

1475 1681 1563 1716 Item
1587 1683 1632 1716 ab
1658 1683 1862 1717 accusativo
1888 1695 1933 1727 α,
1968 1694 2103 1715 nomen
2126 1681 2379 1716 declinationis

1374 1735 1513 1779 primae
1544 1735 1641 1779 apud
1665 1734 1833 1775 Latinos,
1876 1740 1916 1767 ut
1939 1732 2006 1769 τὸν
2031 1736 2213 1781 κρατῆρα.
2286 1734 2380 1767 Hinc

1374 1785 1462 1820 haec
1480 1793 1619 1820 cratera
1634 1814 1643 1828 ,
1671 1784 1778 1820 huius
1798 1792 1956 1820 craterae
1969 1813 1978 1826 ,
2007 1783 2092 1819 huic
2109 1792 2283 1820 craterae.

1478 1847 1527 1881 At
1548 1847 1756 1881 observabis
1779 1846 1817 1879 in
1843 1843 1911 1879 hac
1942 1845 2184 1879 declinatione
2217 1845 2379 1880 dativum

1374 1900 1553 1946 pluralem
1564 1898 1624 1944 ⁶⁰).

1689 1981 1864 2026 Regula
1900 1981 2061 2026 prima.

1479 2043 1606 2077 Vocali
1626 2042 1824 2077 desinentia
1838 2069 1848 2083 ,
1875 2043 2104 2077 nominativo
2122 2054 2159 2079 σι
2175 2049 2379 2088 apponunt,

1375 2094 1671 2144 utyedwa⁶¹)›
1698 2091 1908 2143 γράμμασι-

1768 2161 1792 2196 S
1802 2175 1819 2196 e
1831 2175 1879 2197 cu
1890 2175 1914 2196 n
1923 2163 1946 2196 d
1956 2175 1988 2198 a.

1480 2225 1522 2259 N
1539 2222 1759 2264 desinentia,
1793 2235 1860 2268 pro
1883 2236 1928 2269 ν,
1957 2233 1992 2258 σι
2011 2222 2239 2257 nominativo
2267 2235 2380 2269 appo-

1376 2282 1488 2316 nunt,
1516 2281 1557 2309 ut
1575 2274 1751 2322 zttoiv⁶¹)‚
1777 2277 1911 2310 τιτᾶσι.

1787 2343 1819 2376 Τ
1831 2356 1848 2377 e
1856 2356 1874 2377 r
1883 2350 1896 2377 t
1907 2343 1919 2376 i
1930 2356 1962 2378 a.

1481 2406 1518 2439 P
1532 2403 1730 2437 desinentia
1749 2405 1822 2437 sere
1840 2411 1981 2438 tantum
2000 2410 2192 2450 apponunt
2209 2404 2379 2439 nomina-

1376 2456 1452 2490 tivo
1472 2467 1525 2497 σι,
1554 2462 1594 2490 ut
1613 2454 1741 2504 μάκαρ
1751 2455 1818 2503 ⁶¹),
1845 2456 2022 2504 μάκαρσι.
2076 2456 2179 2502 Quae
2197 2457 2380 2503 excipiun-

1377 2516 1456 2549 tur,
1484 2508 1565 2541 vide
1583 2520 1704 2552 supra.

1410 2629 1459 2657 60)
1479 2629 1515 2652 At
1533 2641 1568 2645 -
1587 2628 1748 2658 pluralem]
1774 2627 1816 2651 sic
1839 2627 1891 2651 Ed.
1914 2626 2006 2656 1542.;
2043 2625 2127 2650 Editt.
2153 2625 2221 2650 1522
2235 2638 2270 2643 —-
2285 2625 2379 2653 1541.:

1449 2663 1580 2688 Dativum
1602 2663 1738 2693 pluralem
1758 2662 1786 2686 in
1808 2663 1859 2686 hac
1878 2661 2063 2687 declinatione
2082 2661 2256 2687 observabis.

1412 2715 1460 2748 61)
1481 2713 1602 2749 γράμμα
1623 2733 1628 2739 .
1650 2734 1655 2740 .
1677 2734 1682 2739 .
1703 2712 1781 2739 ‘tarsis'
1800 2732 1806 2738 .
1827 2732 1833 2739 .
1854 2733 1860 2738 .
1878 2711 1975 2747 μάκαρ
1995 2732 2002 2738 .
2022 2731 2028 2738 .
2047 2732 2053 2739 .
2237 2710 2326 2746 ὅβαξ]
2349 2712 2380 2738 in

1446 2752 1532 2776 Edltt.
1548 2750 1741 2775 1522—1541.
1761 2750 1869 2774 desunt.

2076 2713 2139 2742 αἴας
2159 2731 2165 2738 .
2185 2731 2192 2739 .
2211 2731 2218 2738 .
