2389 3037
55 123 131 161 217
715 117 836 153 XCVI.
897 117 1226 153 GRAMMATICA
1261 117 1453 152 LATINA.
1473 120 1483 124 “
2039 120 2114 155 218

231 218 261 246 p.
278 205 475 237 477—489.
506 205 552 233 De
575 205 691 242 Figuris
715 205 895 242 singularum
920 205 1049 242 partium
1073 205 1306 239 Grammaticae3
1347 214 1376 242 p.
1391 202 1585 232 490—491.
1615 204 1662 232 De
1686 204 1760 232 vitiis
1785 205 1922 232 orationis
1946 207 2113 243 grammati-

228 259 298 286 cae;
344 260 373 288 p.
389 247 584 279 492—495.
614 247 810 276 Differentiae
841 248 1024 286 quarundam
1055 257 1173 283 vocum,
1212 248 1374 276 memoriae
1404 255 1565 284 puerorum
1595 256 1680 275 causa
1702 247 1842 276 Versibus
1866 248 2114 285 comprehensam

230 304 259 331 p.
275 291 472 323 496—570.
496 292 609 320 Abacus
633 301 735 319 vocum
759 292 946 329 prosodicus;
976 298 1061 327 seqq.
1083 289 1104 319 3
1126 300 1216 328 pagg.
1238 287 1297 318 nou
1322 300 1401 318 num.
1431 291 1536 318 Eri-ata
1559 297 1652 325 cont.;
1681 288 1703 320 3
1727 291 1779 319 ult.
1803 299 1893 329 pagg.
1916 290 2036 330 vacant)
2050 291 2092 329 *).

187 355 365 392 Consilium,
405 354 484 392 quod
513 354 542 381 in
574 352 629 381 hac
657 363 731 381 nova
762 353 891 381 editione
914 358 1032 380 secutus
1056 357 1118 387 est,
1141 350 1307 379 Schmidius
1328 350 1357 377 in
1383 349 1567 387 praefatione
1591 361 1612 377 s.
1639 351 1763 387 epistola
1785 361 1914 389 nuncup.
1946 353 2112 389 proposuit,

57 405 239 437 quapropter
262 398 348 425 huius
372 396 563 434 praefationis
587 396 755 433 prolixioris
779 405 843 423 eam
866 395 985 433 quidem
1010 402 1126 432 partem
1149 393 1288 428 afferam,
1317 402 1394 430 quae
1418 393 1591 430 praesertim
1615 393 1736 421 editoris
1761 394 1911 422 consilium
1935 396 2082 424 continet:

186 459 312 494 „Atque
335 456 409 484 haec
433 456 527 483 omnia
552 456 621 483 talia
645 460 729 490 sunt,
765 464 840 492 quae
864 463 880 481 a
904 454 1026 491 singulis
1049 454 1165 491 singula
1189 459 1256 481 sunt
1279 453 1465 490 praestanda.
1511 453 1655 482 Ultimum
1679 453 1757 491 quod
1781 454 1883 482 attinet
1909 455 1947 482 de
1971 455 2112 483 conformi

58 495 266 538 εὔμεθοδείᾳ
287 506 528 536 praeceptorum3
559 498 587 526 id
612 507 667 526 nec
688 507 703 525 a
728 498 843 535 pueris,
867 506 922 525 nec
946 498 981 525 ab
1005 505 1107 524 eorum
1131 496 1302 534 parentibus
1326 502 1376 524 aut
1392 496 1552 533 magistris,
1577 505 1630 524 nec
1654 497 1740 524 etiam
1763 497 1934 534 simpliciter
1958 499 1994 526 ab
2017 498 2114 526 omui-

56 544 110 572 bus
141 543 229 571 simul
260 542 473 579 rebuspublicis
505 542 625 569 seorsim
651 550 700 568 suo
724 541 866 578 cuiusque
891 541 953 567 loco
979 540 1122 577 praestari
1146 544 1254 577 potest.
1304 539 1417 568 Summi
1441 539 1486 566 hic
1512 539 1699 576 Magistratus
1723 549 1791 568 cura
1816 541 1938 577 provida
1969 547 1998 569 et
2027 547 2113 569 auto-

56 586 126 614 ritas
147 585 325 624 postulatur.
385 585 451 617 Qua
473 586 501 611 in
527 589 611 621 parte
635 588 747 611 tantum
772 584 873 621 abest,
905 588 935 611 ut
959 583 1103 611 Sereniss.
1140 582 1330 610 Celsitudinis
1354 582 1437 610 Tuae
1461 582 1658 610 admonitione
1681 582 1830 620 indigeat,
1867 588 1899 611 ut
1928 584 2024 621 potius
2047 585 2115 621 lpsa

56 628 122 656 huic
146 628 329 656 incommodo
353 627 501 656 medelam
524 626 650 661 afferre,
688 626 764 653 inter
788 631 829 654 tot
853 631 1009 663 tantasque
1033 625 1253 662 gubernationis
1277 626 1414 663 politicae
1437 635 1538 661 curas,
1577 625 1652 652 ultro
1677 626 1721 654 sui
1744 627 1874 653 muneris
1897 636 1961 654 esse
1985 627 2113 655 duxerit,

56 671 96 700 Et
119 671 261 709 proinde,
293 681 382 708 quum
405 670 620 698 Grammaticae
642 669 766 696 Latinae
790 669 949 703 Methodo,
988 678 1074 706 quam
1098 668 1151 696 Vir
1174 669 1406 706 incomparabilis
1429 668 1489 697 Dn.
1513 668 1722 706 Philippus
1743 669 2019 697 Melanchthon
2044 670 2112 697 olim

56 714 249 752 Witebergae
273 713 380 741 docens
403 712 609 750 praescripsit,
648 711 800 739 meliorem
824 712 984 748 hactenus,
1023 712 1100 749 qnod
1124 713 1196 739 citra
1220 711 1430 748 praeiudicium
1456 711 1656 748 cuiuscunque
1682 712 1786 739 laboris
1810 712 1919 740 dictum
1944 718 2024 748 esto,
2064 713 2113 740 vix

56 757 233 785 viderimus:
261 756 395 784 Eandem
419 756 447 782 in
472 753 585 782 Scholis
609 763 679 782 suae
703 753 818 782 ditionis
842 755 968 782 omnium
993 755 1127 782 ordinum
1149 755 1282 783 omnibus
1306 755 1444 790 retineri,
1473 761 1503 782 et
1528 755 1671 782 iuventuti
1695 755 1836 792 proponi,
1866 764 1947 783 more
1972 756 2114 784 maiorum

57 800 326 828 laudatissimorum
348 797 517 826 iamdudum
542 797 634 834 probe
657 797 787 825 sancivit.
847 798 924 830 Quia
947 807 1017 825 vero
1041 797 1070 824 in
1095 798 1146 824 illa
1168 798 1308 825 Methodo
1332 797 1560 835 praeceptisque
1584 797 1746 835 Philippeis
1770 799 1910 825 nonnulla
1936 798 2114 826 desideran-

56 847 123 881 tur,
152 842 295 870 nonnulla
317 841 500 869 correctione
523 840 657 878 indigere
681 840 867 877 deprehensa
891 847 974 875 sunt,
999 840 1236 878 quandoquidem
1263 841 1315 868 Vir
1338 841 1390 868 ille
1413 845 1455 868 tot
1479 841 1627 878 tantisque
1652 841 1797 869 laboribus
1821 841 1985 875 districtus,
2017 842 2112 869 omni-

55 886 110 915 bus
132 885 247 912 mendis
270 884 464 922 grammaticis
488 892 545 910 uno
570 889 647 910 motu
673 883 812 911 tollendis
836 892 942 911 vacare
966 892 1022 910 non
1048 884 1162 920 potuit,
1195 890 1223 911 et
1247 884 1310 911 dies
1333 884 1410 912 diem
1436 890 1582 921 perpetuo
1613 883 1716 912 docet:
1753 884 1864 911 idcirco
1898 890 1928 911 ut
1958 890 1987 912 et
2011 885 2112 912 Autori

54 928 242 957 meritissimo
265 937 334 955 suus
357 932 491 955 maneret
514 926 624 962 honor,
647 931 677 953 et
700 926 858 954 commodis
881 926 1041 954 iuventutis
1064 926 1164 954 labore
1186 927 1248 954 eius
1270 927 1412 954 hactenus
1436 927 1595 963 plurimum
1619 927 1737 954 adiutae
1760 927 1867 955 rectius
1891 927 2112 962 consuleretur3

55 971 203 1001 Sereniss.
227 969 382 998 Celsitndo
405 970 487 1004 Tua,
523 968 686 1006 Philippica
715 975 878 1006 praecepta
902 969 1118 997 Grammaticae
1141 969 1281 1005 Latinae,
1318 970 1453 997 adhibitis
1484 978 1521 997 ex
1546 970 1648 997 lulio
1672 970 1859 1005 Caesare,
1897 977 1925 997 et
1958 971 2020 998 eius
2051 971 2112 997 tilio

55 1013 220 1051 Iosepho
244 1012 469 1050 Scaliger0‚
500 1012 614 1039 Petro
638 1011 768 1048 Ramo,
806 1012 1011 1039 Nicodemo
1035 1012 1274 1048 Frischlino,
1304 1013 1473 1040 Iohanne
1496 1013 1716 1049 W'ankelio,
1748 1012 1919 1041 Iohanne
1943 1013 2112 1049 Rhenio,

55 1057 198 1094 aliisque,
237 1056 287 1094 qui
308 1055 390 1083 hisce
411 1055 617 1082 Grammaticis
640 1063 761 1091 operam
785 1055 996 1092 impenderunt
1022 1056 1161 1093 (quorum
1184 1065 1425 1094 unumquemque
1449 1056 1548 1083 debita
1571 1055 1634 1083 laus
1658 1065 1695 1083 ex
1721 1056 1824 1084 merito
1847 1056 1963 1095 manet)
1988 1056 2114 1083 admini—

55 1099 146 1136 culis,
183 1098 338 1132 revidere,
374 1098 404 1125 in
426 1097 498 1125 locis
522 1097 694 1134 quibusdam
717 1099 882 1136 corrigere,
920 1097 1058 1125 desectus
1081 1098 1240 1136 supplere,
1277 1105 1306 1126 et
1330 1099 1511 1127 abundantia
1535 1099 1683 1135 eximere,
1720 1106 1845 1137 paterna
1876 1110 1928 1137 pro
1958 1100 2112 1127 iuventute

55 1141 252 1172 sollicitudine
275 1140 515 1169 Clementissime
538 1140 704 1177 mandavit,
742 1146 773 1168 ut
803 1141 858 1168 hac
888 1142 1003 1169 ratione
1034 1150 1099 1168 cum
1129 1142 1195 1168 huic
1224 1142 1370 1170 Sereniss.
1394 1143 1478 1169 Tuae
1503 1142 1693 1169 (felsitudiuis
1723 1143 1890 1176 territorio,
1928 1148 1988 1170 tum
2021 1143 2110 1170 etiam

56 1185 159 1213 vicinis
181 1184 246 1211 aliis
270 1183 516 1211 commodaretur.
562 1184 660 1220 Atque
685 1183 722 1210 ita
747 1184 892 1212 Sereniss.
918 1183 1069 1211 Celsitudo
1094 1184 1157 1211 Tua
1181 1184 1256 1212 hanc
1279 1186 1389 1222 ipsam,
1419 1185 1457 1212 (le
1482 1194 1538 1222 qua
1562 1193 1658 1212 sermo
1682 1190 1743 1221 est,
1778 1186 1924 1214 medelam
1950 1185 2057 1212 scholis
2080 1190 2109 1212 et

56 1227 203 1256 iuventuti
225 1225 336 1254 afferre
358 1225 546 1253 laudabiliter
569 1225 686 1261 sategit.

187 1277 327 1310 Mandato
352 1276 418 1304 huic
442 1276 678 1304 Clementissimo
702 1286 792 1313 quum
815 1277 895 1304 solus
917 1286 934 1303 a
958 1276 1084 1304 discessu
1110 1277 1366 1316 Rotenburgii
1391 1287 1420 1307 et
1445 1279 1522 1306 obitu
1549 1279 1694 1313 Siberi,
1732 1280 1835 1317 quihus
1861 1289 1917 1307 una
1941 1280 1995 1307 hoc
2020 1288 2111 1317 nego-

58 1321 131 1350 tium
154 1320 358 1356 incumbebat,
389 1319 504 1347 debitor
529 1319 627 1346 divina
650 1319 835 1356 providentia
859 1319 979 1346 relictus
1004 1329 1039 1347 an
1064 1327 1232 1349 reservatus
1257 1330 1368 1358 essem,
1398 1323 1499 1359 parui,
1529 1328 1670 1359 quantum
1695 1329 1874 1360 tempestate
1896 1323 1949 1351 illa
1972 1323 2113 1358 morbida,

57 1372 135 1403 quae
158 1368 250 1391 totam
272 1362 340 1390 sere
363 1361 564 1399 Witebergam
589 1368 619 1389 et
643 1371 690 1389 me
715 1371 831 1399 quoque
856 1369 925 1389 tunc
949 1363 1016 1390 satis
1039 1362 1088 1389 diu
1113 1369 1142 1390 et
1166 1365 1300 1401 repetitis
1324 1365 1488 1392 intervallis
1512 1365 1683 1402 premebat,
1715 1366 1777 1393 Deo
1808 1371 1993 1394 sustentante
2016 1365 2112 1397 valui3

57 1413 89 1435 et
117 1404 252 1433 adhibitis
281 1404 368 1432 simul
399 1413 464 1431 cum
493 1404 656 1442 Lipsiensis
684 1404 876 1440 Academiae,
913 1410 974 1432 tum
998 1405 1171 1433 Scholarum
1194 1407 1421 1435 Provincialium
1451 1418 1468 1435 a
1491 1407 1637 1436 Sereniss.
1662 1408 1846 1436 Celsitudine
1870 1409 1934 1436 Tua
1964 1408 2113 1445 requisitis

56 1448 186 1484 iudiciis,
216 1447 466 1484 Collegarumque
489 1447 680 1475 leremiae
704 1446 874 1484 Spigelii
898 1448 1003 1483 generi
1027 1448 1084 1474 mei
1116 1450 1180 1486 (qui
1204 1457 1302 1477 tamen
1326 1451 1353 1477 in
1380 1450 1475 1478 medio
1500 1460 1609 1487 operae
1633 1461 1719 1478 cursu
1742 1451 1997 1488 Kembergensem
2021 1452 2111 1479 Prae—

57 1492 219 1530 posituram
242 1490 390 1518 Sereniss.
414 1490 601 1517 Celsitudine
617 1490 682 1517 Tua
707 1491 912 1518 consentiente
936 1490 1022 1529 adiit)
1050 1497 1079 1518 et
1102 1493 1263 1529 Augusti
1285 1493 1478 1520 Buchncri
1504 1494 1600 1529 (cuius
1625 1501 1694 1521 ante
1718 1501 1747 1522 et
1772 1500 1837 1531 post
1853 1494 1975 1532 Spigelii
2000 1495 2112 1522 disces-

57 1544 139 1571 sum,
167 1533 350 1571 singularem
374 1533 565 1571 industriam,
588 1532 747 1571 iudiciique
771 1533 946 1570 gravitatem
972 1539 1001 1561 et
1025 1543 1097 1571 opus
1120 1533 1173 1562 hoc
1197 1536 1355 1564 adiuvandi
1378 1537 1521 1573 ins-iguem
1547 1535 1749 1574 προθυμίαν
1771 1537 1875 1565 merito
1900 1544 1998 1573 gratus
2023 1546 2111 1574 prac-

57 1575 138 1615 dico)
164 1584 255 1614 opera
278 1575 360 1603 fideli
384 1576 572 1613 consiliisque
595 1575 728 1611 adiutus,
758 1576 987 1603 Grammaticam
1011 1577 1068 1604 Dn.
1092 1577 1268 1616 Philippi
1290 1579 1442 1615 Latinam,
1473 1580 1596 1607 retentis
1619 1580 1670 1616 iis,
1694 1590 1768 1617 quae
1794 1581 1917 1608 retineri
1940 1585 2111 1618 potueruut,

58 1621 88 1648 in
111 1619 200 1647 hosce
224 1618 357 1654 libellos,
388 1628 460 1656 quos
481 1619 629 1647 Sereniss.
653 1618 827 1646 Celsitudini
852 1619 954 1655 Tuae,
984 1628 1060 1656 quae
1084 1620 1166 1648 iussit
1189 1630 1223 1648 ac
1247 1623 1353 1658 voluit,
1385 1623 1595 1650 subiectissime
1619 1623 1728 1657 offero,
1761 1623 1879 1659 redegi,
1916 1625 1955 1651 ita
1979 1623 2111 1661 quidem,

58 1668 91 1691 ut
113 1662 239 1700 primum
264 1669 315 1696 ea,
340 1669 417 1698 quae
430 1661 618 1688 Dis-centibus
642 1661 802 1698 praecipua
826 1667 942 1697 esseut,
966 1662 994 1688 in
1020 1658 1175 1700 σύστημα
1199 1664 1251 1692 hoc
1275 1666 1352 1703 quod
1377 1675 1451 1692 unus
1475 1665 1610 1701 exhibet,
1640 1660 1974 1704 colligeremffreliqua
1991 1666 2111 1703 deinde,

58 1713 134 1743 quae
158 1704 248 1741 magis
272 1703 431 1740 singularia
455 1709 538 1739 sunt,
568 1709 597 1731 et
623 1704 686 1730 usui
709 1703 883 1730 Docentium
915 1710 1006 1741 atque
1020 1705 1213 1734 „Adultiorum
1245 1709 1336 1745 magis
1366 1709 1545 1742 inserxiunt,
1586 1709 1780 1745 peculiaribus
1810 1702 2053 1747 ὖπομνήμασιν
2083 1710 2111 1737 in

57 1747 152 1775 altero
176 1745 479 1783 comprehendercm3
517 1751 547 1772 et
570 1754 608 1772 ex
632 1746 720 1782 plenu
745 1746 875 1783 denique
900 1746 1098 1775 Grammatico
1123 1749 1290 1785 Systetnate
1313 1751 1527 1788 Compendium
1553 1749 1757 1787 incipientium
1783 1752 1884 1779 studiis
1908 1752 2111 1780 accommoda—

56 1796 117 1818 tum
140 1788 331 1817 extraherem
355 1793 385 1815 et
408 1788 598 1824 peculiariter
621 1788 753 1816 ederem.
765 1787 782 1800 '³
998 1812 1005 1823 ,

185 1851 230 1879 Ad
253 1850 328 1878 hanc
341 1851 570 1878 Grammaticam
594 1851 671 1878 idem
696 1851 911 1879 Schmidius
936 1852 1041 1879 eodem
1064 1862 1140 1880 auno
1163 1852 1272 1880 addidit
1297 1854 1423 1881 alteram
1448 1860 1561 1890 partem
1587 1854 1705 1881 seorsim
1729 1863 1882 1891 excusam,
1907 1855 1934 1882 iu
1953 1864 2055 1892 quam,
2081 1862 2111 1883 ut

57 1896 86 1922 in
111 1894 295 1932 praefatione
317 1893 405 1929 dicit,
435 1902 471 1921 ea
496 1899 562 1921 sunt
587 1894 722 1929 redacta,
760 1905 835 1932 quae
859 1895 950 1931 magis
974 1900 1041 1923 suut
1063 1896 1240 1933 singularia,
1280 1897 1325 1924 vel
1351 1896 1492 1923 uberioris
1518 1896 1724 1924 declarationis
1749 1897 1843 1924 vicent
1866 1899 2027 1935 sustinent,
2062 1900 2111 1926 vel

57 1938 146 1967 etiam
170 1937 342 1966 docentibus
366 1942 396 1963 et
420 1936 613 1964 adultioribus
642 1938 776 1974 inprimis
805 1948 858 1976 pro
890 1938 1095 1966 informatione
1127 1939 1254 1976 legenda
1285 1947 1313 1967 ct
1344 1940 1545 1975 cognoscenda
1577 1940 1726 1967 videntur.
1786 1940 1865 1968 Haec
1897 1950 1965 1978 pars
1995 1942 2033 1969 sic
2064 1942 2111 1968 in-

27 1986 32 1988 '
56 1981 166 2019 scripta
188 1985 248 2008 cst:

186 2039 458 2080 Hypomnemata
475 2045 507 2069 et
523 2041 593 2069 alia
608 2041 782 2080 quaedam,
803 2042 849 2071 ad
865 2041 1133 2071 Grammaticam
1152 2038 1236 2069 Phil.
1255 2037 1543 2073 Melanchthonis,
1568 2039 1732 2070 Sereniss.
1748 2040 1925 2070 Sua-oniae
1940 2040 2107 2071 Electoris

231 2089 292 2112 etc.
307 2082 415 2122 jussu
429 2081 593 2113 Revisam
608 2084 835 2121 Pet-tinentia,
858 2094 922 2122 pro
941 2096 1000 2114 usu
1019 2084 1239 2115 Adultiorum
1255 2089 1286 2111 el
1301 2082 1513 2119 Decentium,
1538 2082 1683 2112 seorsim
1701 2084 1803 2113 edila.
1841 2082 1921 2113 cnm
1938 2082 2060 2113 Gracia
2076 2090 2109 2114 ct

229 2125 420 2165 Privilegio
435 2127 542 2156 Elect.
556 2126 642 2157 Sem.
668 2129 817 2166 (insigne)
848 2126 1141 2167 Winebe›·gae**)‚
1165 2126 1306 2156 Excusa
1325 2125 1431 2166 Type's
1449 2124 1610 2156 Iohannis
1625 2126 1792 2157 Richteri.
1825 2127 1918 2158 1621.
1948 2127 1993 2157 30
2009 2130 2107 2167 plagg.

229 2171 284 2199 litt.
299 2180 334 2206 a,
357 2171 476 2205 A—Z,
500 2171 641 2199 Αἶα-Μ’
661 2173 752 2208 sign„
775 2171 795 2201 8
814 2172 877 2200 soll.
901 2183 955 2199 non
982 2183 1079 2207 num.,
1108 2169 1172 2200 463
1186 2181 1270 2209 pagg.
1297 2181 1391 2207 num.,
1424 2171 1475 2198 ult.
1494 2180 1559 2208 pag.
1581 2182 1635 2198 uon
1660 2182 1756 2208 num.,
1785 2172 1815 2201 8.
1850 2170 1917 2205 (fol.
1933 2182 1949 2200 a
1964 2171 2102 2202 2³¹—8“

228 2213 342 2240 Erasini
359 2212 490 2241 Schmidt
517 2214 640 2250 praefat.
665 2215 702 2242 ad
726 2215 879 2242 Lectorem
905 2216 933 2243 d.
957 2215 987 2244 5.
1006 2215 1103 2243 Martii
1130 2213 1222 2243 16'21.
1246 2215 1370 2251 script-¹13
1402 2214 1453 2242 t'ol.
1475 2212 1545 2242 118¹·
1577 2214 1681 2242 Errata
1706 2216 1864 2251 insigniora
1890 2217 1917 2243 in
1935 2216 2109 2253 Hypumne-

231 2255 333 2290 matis3
366 2265 432 2293 pag.
451 2255 466 2284 1
481 2272 513 2275 -—
526 2256 556 2285 4.
581 2257 775 2291 Introductio3
811 2268 837 2294 p.
854 2258 984 2287 5—40.
1009 2258 1245 2295 Orthographia3
1277 2268 1304 2294 p.
1321 2255 1496 2286 41—309.
1512 2257 1590 2285 med.
1614 2258 1818 2295 Etytnologia3
1843 2268 1870 2295 p.
1887 2257 1961 2287 309.
1980 2260 2057 2288 med.
2069 2276 2109 2280 —

227 2296 302 2327 403.
317 2298 379 2326 init.
413 2299 569 2335 Syutaxis5
616 2310 644 2337 p.
659 2299 853 2330 403-455.
872 2302 949 2330 med.
982 2301 1135 2333 Pros‹›‹1ia;
1181 2311 1209 2338 p.
1224 2300 1298 2329 455.
1317 2301 1395 2328 med.
1413 2316 1452 2320 —
1469 2299 1542 2328 459.
1575 2300 1620 2328 De
1644 2301 1758 2337 Figuris
1790 2303 1987 2337 grammaticis
2010 2309 2041 2330 et
2064 2304 2108 2330 Dc

231 2341 315 2369 vitiis
339 2342 476 2369 orationis
499 2342 734 2376 Grammaticae3
781 2354 810 2381 p.
827 2343 1024 2374 460-463,
1059 2344 1090 2372 ln
1116 2345 1241 2371 Abacum
1272 2344 1457 2381 pros-odicium
1491 2337 1732 2382 ἶπομι’ἡματα;
1775 2338 1827 2372 ult.
1854 2355 1922 2381 pag.
1948 2355 2003 2372 nou
2030 2356 2108 2373 num.

231 2391 324 2412 cont.:
355 2385 458 2411 Errata
481 2385 508 2411 in
534 2385 593 2421 ipso
618 2386 785 2422 Systemate
808 2388 1007 2416 Grammatico
1025 2387 1096 2425 ***).
1418 2389 1420 2391 ’

145 2442 282 2481 Utraque
305 2443 389 2471 huius
411 2444 627 2472 Grammaticae
651 2455 718 2482 pars
740 2455 830 2483 saepe
856 2449 982 2484 repetita
1007 2454 1051 2475 cst
1076 2454 1104 2475 et
1130 2448 1235 2475 multos
1268 2458 1320 2484 per
1351 2458 1442 2475 anuos
1474 2448 1500 2474 iu
1525 2448 1675 2475 Saxonicis
1706 2449 1831 2485 aliisque
1861 2449 1968 2477 scholis
1999 2451 2025 2477 iu
2055 2459 2105 2477 usu

60 2482 125 2512 fnit.
169 2486 213 2513 An
238 2495 308 2514 vero
331 2487 426 2514 altera
448 2496 517 2524 pars
540 2488 624 2515 toties
647 2490 771 2525 repetita
794 2491 847 2527 sit,
878 2491 992 2528 quotis-s
1017 2491 1096 2528 prior
1120 2499 1223 2518 recusa
1249 2497 1308 2527 est,
1339 2492 1446 2519 nescio.
1494 2492 1524 2518 lu
1550 2491 1633 2518 huius
1659 2492 1735 2518 cuim
1761 2492 1978 2520 Grammaticus?
2003 2501 2106 2520 exem-

98 2590 129 2624 *)
150 2594 223 2618 Haec
242 2601 348 2626 quoque
366 2597 434 2627 Eu„
462 2603 531 2627 quae
550 2602 567 2620 a
587 2598 726 2621 strobetio
748 2598 766 2623 Ι.
782 2598 801 2623 Ι.
825 2606 849 2628 1».
863 2600 897 2623 39
913 2607 954 2630 sq.
979 2601 1162 2629 recensetur,
1183 2608 1216 2624 cx
1236 2601 1362 2625 Biblioth.
1383 2604 1473 2628 senat.
1495 2602 1645 2633 liuniburg.
1665 2602 1728 2626 mihi
1749 2604 1783 2626 ad
1804 2609 1901 2626 manus
1923 2606 1974 2625 est.

97 2635 149 2668 *ἢ
170 2639 323 2662 sei-obelius
344 2641 359 2663 Ι.
378 2641 396 2663 Ι.
424 2648 447 2670 p.
466 2641 507 2664 40.
534 2641 602 2663 hunc
628 2641 725 2664 librum
747 2647 910 2673 recensens,
944 2645 1004 2667 loco
1032 2645 1217 2673 lsiteherqne
1234 2645 1362 2674 scripsit:
1396 2646 1525 2676 Lipsiae.
1564 2646 1679 2675 Nescio,
1713 2648 1804 2669 utrum
1824 2646 1905 2669 ctiam
1926 2644 2037 2673 Lipsiae
2056 2645 2106 2668 hoc

132 2677 205 2695 anno
225 2674 374 2705 prodierit,
401 2680 435 2698 au
456 2675 495 2706 (id
515 2676 585 2705 quod
606 2676 667 2698 mitti
689 2676 917 2702 verisimillimum
937 2680 993 2706 est)
1014 2680 1135 2709 Lipsiae
1154 2680 1284 2703 mendose
1305 2685 1353 2709 pro
1380 2680 1560 2712 Wi‘teneryae
1579 2681 1711 2711 scriptum
1731 2681 1775 2704 sit.

98 2714 170 2744 ***)
190 2717 268 2740 Hanc
285 2717 400 2746 {ii-imam
420 2719 469 2742 Ed.
489 2720 606 2743 alterius
627 2719 718 2749 partis
736 2727 768 2744 ex
790 2721 915 2746 Bibliotlt.
937 2725 1027 2748 senat.
1046 2724 1196 2754 flamburg.
1216 2722 1244 2746 in
1263 2723 1386 2747 manibus
1404 2724 1499 2748 habco.
1544 2723 1572 2747 ln
1602 2725 1652 2748 noc
1682 2724 1804 2753 exemplo
1829 2723 1896 2746 haec
1915 2722 1963 2746 Ed.
1982 2722 2102 2746 Editioni

135 2751 242 2775 Witcb.
258 2757 283 2775 a.
301 2752 375 2777 1622.
394 2753 495 2783 prioris
514 2754 603 2783 partis
624 2755 826 2780 Grammaticae
846 2759 944 2781 assuta
963 2760 1015 2782 est.
