2389 3037
50 117 127 155 817

49 202 172 240 attulit
193 202 356 248 frugibus
383 212 465 236 eam
484 201 753 245 maturitatem,
780 209 821 237 ut
836 202 970 236 demeti
986 202 1059 236 iam

49 254 249 303 potuerint.
302 253 381 289 Etsi
405 254 502 288 enim
526 253 667 288 coelum
695 255 732 288 in
758 255 964 289 Palaestina
991 254 1060 288 cle-

49 308 207 343 mentius
228 312 301 348 est,
336 319 446 353 quam
472 305 510 339 in
542 303 598 340 his
622 306 727 348 locis,
762 313 798 341 et
820 307 920 352 regio
943 306 1058 340 multo

49 360 225 400 calidior,
261 365 410 404 propter
444 358 520 404 poli
539 358 674 392 Arctici
699 360 990 404 depressionem,
1025 365 1060 392 et

48 410 267 458 Aequatoris
284 410 542 452 elevationem,
571 411 633 457 qui
655 411 699 444 ab
715 411 1055 457 Hierosolymorum

49 463 183 498 vertice
199 464 299 497 abest
316 463 427 508 paulo
443 463 586 508 longius
610 463 781 508 gradibus
798 462 945 508 triginta
964 475 1037 497 uno
1051 477 1056 496 :

48 522 172 550 tamen
195 521 337 560 tempus
359 516 578 561 praecedens
595 515 865 562 aequinoctium
892 515 1000 549 etiarn
1019 515 1058 548 in

48 568 119 602 illis
135 566 221 601 locis
240 565 358 601 adhuc
374 567 537 613 asperius
556 573 620 609 est,
641 579 748 614 quam
768 573 807 601 ut
830 567 1058 601 maturandis

48 625 83 654 et
98 619 362 666 percoquendis
380 619 544 665 frugibus
567 619 613 654 sit
633 619 825 660 idoneum,
853 621 951 666 quod
979 619 1058 666 qui—

47 672 131 706 dem
150 671 200 705 ita
216 683 291 706 esse
310 671 527 716 Evangelica
551 669 703 706 historia
728 677 899 713 testatur,
926 671 962 705 in
985 684 1055 718 qua

46 723 219 769 legimus,
252 723 330 765 die,
372 736 445 770 quo
476 730 601 769 captus
634 730 686 759 est
719 723 887 758 Salvator
920 730 1057 764 noster,

45 775 229 810 mediocre
253 775 365 821 frigus
381 776 507 816 fuisse,
535 776 645 817 adeo,
674 782 714 810 ut
731 788 821 821 opus
836 776 946 809 fuerit
964 776 1057 809 mili-

45 827 142 862 tibus
158 828 417 862 excubantibus
441 827 479 861 in
496 827 673 862 vestibulo
690 828 820 863 domus
839 828 1056 873 pontificiae,

46 885 208 913 extructo
239 880 320 914 foco
352 879 392 913 in
421 879 516 914 atrio
550 880 714 914 membra
743 881 790 914 ad
821 881 941 925 ignem
966 881 1057 914 cale-

45 932 174 966 facere.

149 982 371 1017 Existimant
387 990 508 1017 autem
533 983 697 1030 plerique
720 983 914 1029 scriptores
935 983 1057 1018 Eccle-

45 1034 200 1076 siastici,
241 1033 426 1070 Christum
456 1048 531 1070 esse
562 1048 707 1081 passum
741 1035 799 1069 die
835 1036 1057 1083 aequinoctii

45 1086 162 1121 verni.
197 1086 322 1133 Quare
339 1100 414 1121 non
428 1100 578 1133 prorsus
594 1088 789 1135 quadrabit
801 1089 941 1134 primus
957 1101 1057 1122 men-

44 1138 92 1174 sis
106 1138 335 1173 Ebraeorum
353 1140 400 1173 ad
415 1146 581 1174 nostrum
602 1140 790 1181 Martium,
807 1141 870 1187 qui
889 1141 950 1174 illo
968 1147 1057 1174 tem-

44 1203 135 1236 pore
159 1191 318 1224 maxima
343 1204 406 1225 sua
426 1198 530 1237 parte
557 1192 827 1239 aequinoctium
851 1193 1056 1238 praecessit,

45 1248 81 1276 et
103 1240 226 1288 hyemi
246 1242 402 1277 vicinior
429 1244 520 1285 fuit,
554 1257 620 1278 nec
638 1245 864 1279 maturandis
891 1246 1056 1290 frugibus

44 1306 189 1340 semper
205 1294 371 1330 idoneus.

149 1346 219 1380 Sed
236 1344 306 1381 hoc
322 1348 438 1381 multo
455 1347 586 1383 clarius
602 1349 707 1382 docet
726 1348 948 1395 aequinoctii
966 1355 1056 1383 tem-

44 1410 132 1443 pus,
160 1399 260 1444 quod
277 1399 376 1433 iuxta
391 1398 570 1433 lulianam
589 1400 850 1434 correctionem
870 1401 977 1442 anni,
1006 1408 1057 1435 te-

43 1450 155 1483 nebat
173 1456 258 1483 tunc
275 1450 485 1485 vicesimum
504 1451 672 1497 quintum
692 1452 787 1485 diem
807 1453 944 1494 Martii,
967 1466 1056 1495 non,

45 1507 87 1536 ut
106 1513 215 1543 nunc,
233 1501 414 1536 decimum
430 1502 590 1537 eiusdem
613 1503 757 1538 mensis.
797 1504 913 1538 Causa
934 1512 1053 1539 autem

44 1551 154 1587 huius
181 1553 415 1595 mutationis,
455 1567 525 1600 qua
558 1555 787 1601 aequinoctia
819 1569 839 1589 a
866 1556 939 1591 suis
968 1557 1055 1592 locis

0 1623 1 1626 =
46 1604 184 1639 dimota
197 1631 206 1645 ,
231 1606 277 1638 ad
296 1605 399 1639 initia
415 1606 593 1640 mensium
614 1614 865 1648 recurrerunt,
893 1609 979 1643 alibi
997 1622 1055 1643 co-

0 1684 1 1694 ,
46 1657 147 1703 piose
166 1657 384 1692 declaratur.

152 1708 304 1744 Constat
345 1716 466 1743 autem
479 1737 488 1751 ,
542 1709 683 1745 Iudaeis
735 1723 886 1745 vernum
931 1713 1054 1759 aequi-

45 1761 208 1795 noctium
226 1761 333 1796 fuisse
352 1762 569 1803 terminum,
593 1763 655 1809 qui
673 1775 769 1796 anno
788 1763 931 1797 initium
950 1777 1054 1809 prae—

45 1814 185 1854 buerit,
220 1811 287 1847 hac
311 1814 408 1859 lege,
443 1821 483 1848 ut
509 1815 597 1848 illud
623 1815 853 1849 novilunium
876 1823 1052 1861 perpetuo

44 1865 266 1911 principium
284 1866 371 1899 anui
389 1864 604 1908 haberetur,
626 1869 724 1914 quod
741 1868 797 1901 vel
815 1870 1054 1913 praecedebat

696 113 1059 151 ADDITAMENTA
1083 114 1151 150 AD
1178 113 1323 152 voLL.
1350 113 1476 151 I—X.

2046 124 2120 159 818

1117 215 1195 237 mos
1219 202 1294 237 dies
1312 202 1436 236 Martii
1461 203 1671 249 attingeret,
1698 214 1734 241 et
1754 220 1839 242 raro
1865 209 2051 252 accidisse,
2081 218 2123 246 ut

1115 256 1203 289 duas
1220 256 1332 288 ferme
1352 255 1475 290 tertias
1493 263 1613 301 partes
1632 260 1765 295 mensis
1775 260 1901 294 Martii
1917 269 2123 307 occuparet,

1115 308 1213 354 quod
1258 313 1334 340 tum
1380 308 1526 341 demum
1569 310 1696 352 fiebat,
1741 314 1888 359 quando
1933 315 2123 350 celebritas

1113 356 1299 393 Paschatis
1335 359 1485 393 cadebat
1526 360 1564 394 in
1598 361 1717 407 ipsum
1753 365 1850 399 diem
1886 367 2123 413 aequinoctii.

1113 411 1218 445 Tunc
1247 410 1343 444 enim
1370 411 1620 455 novilunium,
1648 417 1746 462 qnod
1771 417 1931 463 primum
1958 431 2123 455 mensem

1113 461 1327 504 inchoabat,
1358 466 1632 509 quatuordecim
1652 468 1777 505 diebus
1801 472 2040 515 praecedens,
2068 478 2122 506 at-

1113 515 1193 560 tigit
1219 516 1474 550 duodecimum
1502 517 1596 551 diem
1622 519 1759 555 Martii.
1813 521 1925 569 quue
1950 524 2121 559 accidisse

1113 567 1338 602 existimatur
1362 580 1404 601 eo
1438 581 1556 610 ann0,
1593 584 1665 617 quo
1695 571 1860 609 Christus
1895 582 1947 610 est
1982 588 2120 621 passus.

1112 620 1204 655 Nam
1222 619 1385 654 scribunt
1410 620 1523 667 aliqui
1541 621 1779 659 Ecclesiastici
1801 628 1988 669 doctores,
2017 627 2121 663 Chri-

1111 679 1206 706 stum
1232 673 1357 705 eodem
1383 673 1440 705 die
1458 673 1628 709 vicesimo
1652 677 1780 722 quinto
1797 678 1923 713 Martii
1940 687 1975 714 et
1992 678 2121 715 huma-

1111 736 1196 757 nam
1232 730 1401 758 naturam
1438 725 1474 758 in
1510 732 1614 761 utero
1643 728 1793 773 virginis
1818 731 1960 766 Mariae
1983 745 2121 768 assum-

1112 777 1221 821 psisse
1236 803 1244 817 ,
1273 782 1307 810 et
1324 783 1447 821 postea
1465 777 1647 813 tricesimo
1669 788 1800 827 quarto
1810 783 1858 829 22)
1883 796 1980 818 anno
2007 785 2120 819 cruci-

1111 830 1220 862 fixum
1240 835 1275 862 et
1292 829 1472 874 sepultum
1491 843 1565 865 esse
1578 858 1588 872 ‚
1617 845 1689 879 quo
1713 834 1770 868 die
1788 833 1905 870 adhuc
1924 838 2121 883 quotannis

1110 880 1269 915 Ecclesia
1294 881 1449 915 celebrat
1467 885 1682 918 memoriam
1709 887 1956 932 conceptionis
1972 887 2120 925 Christi.

1216 933 1285 967 Sed
1306 933 1389 979 quia
1409 931 1478 968 hoc
1496 947 1581 970 raro
1606 938 1733 979 fiebat,
1762 939 1873 974 tutius
1898 947 1950 975 est
1977 948 2012 975 et
2036 954 2121 976 con-

1112 985 1333 1024 venientius,
1360 998 1426 1021 nos
1444 986 1539 1021 iuxta
1558 988 1593 1022 id
1607 1016 1616 1030 ,
1645 991 1742 1036 quod
1758 991 1967 1038 frequenter
1986 1000 2020 1028 et
2041 995 2120 1039 plu-

1111 1037 1243 1072 rimum
1273 1038 1411 1072 solebat
1433 1040 1596 1082 evenire,
1631 1042 1790 1087 primum
1821 1057 1980 1080 mensem
2005 1046 2120 1081 Nisan

1111 1090 1244 1123 referre
1274 1090 1319 1123 ad
1348 1090 1510 1136 Aprilem
1543 1100 1729 1135 nostrum,
1770 1096 1892 1141 potius
1924 1110 2034 1144 quam
2072 1099 2119 1133 ad

1110 1141 1306 1182 Martium,
1348 1145 1446 1189 quod
1483 1144 1592 1178 etiam
1622 1158 1641 1179 a
1677 1147 1843 1192 plurimis
1881 1150 2118 1195 scriptoribus

1110 1193 1366 1228 Ecclesiasticis
1398 1207 1472 1229 esse
1495 1197 1648 1239 sactum,
1683 1200 1805 1234 multis
1829 1201 1993 1247 ipsorum
2019 1202 2118 1238 testi-

1110 1246 1241 1280 moniis
1259 1253 1379 1291 posset
1396 1249 1548 1283 ostendi.

1214 1298 1268 1332 Sit
1300 1298 1411 1343 igitur
1443 1312 1484 1334 ex
1510 1299 1565 1335 his
1593 1303 1818 1346 rationibus,
1858 1313 1892 1340 et
1914 1307 2114 1342 multorum

1109 1350 1326 1395 scriptorum
1353 1352 1569 1388 testimoniis
1596 1354 1706 1400 (quae
1730 1353 1798 1391 hoc
1820 1358 1900 1392 loco
1925 1359 2114 1395 brevitatis

1110 1415 1215 1437 causa
1235 1403 1452 1451 omittimus)
1478 1405 1582 1440 nobis
1602 1405 1671 1441 hoc
1695 1420 1926 1452 persuasum,
1953 1412 2116 1456 primum

1111 1467 1268 1488 mensem
1299 1454 1525 1490 Ebraeorum
1544 1458 1679 1501 Nisan,
1709 1461 1794 1494 olim
1821 1464 2048 1508 respondisse
2074 1470 2116 1499 ut

1080 1548 1083 1555 ι
1111 1507 1307 1551 plurimum
1326 1509 1463 1552 Aprili,
1486 1512 1682 1545 secundum
1709 1526 1869 1548 mensem
1893 1514 1965 1549 Iiar
1987 1522 2114 1551 nostro

1080 1574 1083 1631 1
1109 1559 1227 1598 Maio,
1258 1560 1355 1593 etsie
1370 1561 1528 1607 reliquos
1552 1575 1617 1596 suo
1634 1565 1760 1599 ordine
1777 1567 1956 1613 deinceps.

1211 1611 1280 1645 Sed
1298 1612 1380 1658 quia
1400 1613 1553 1647 libenter
1571 1616 1750 1652 credimus
1768 1618 1855 1660 illis,
1875 1620 1937 1666 qui
1953 1620 2116 1655 scribunt

1079 1637 1083 1709 l
1109 1663 1235 1696 eodem
1262 1664 1319 1696 die
1343 1666 1600 1710 aequinoctiali
1628 1665 1810 1704 Christum
1839 1677 1873 1705 et
1897 1679 2113 1717 conceptum

1078 1711 1082 1772 ἱ
1108 1721 1142 1747 et
1161 1727 1305 1759 passum
1325 1727 1418 1756 esse,
1447 1730 1685 1762 praemonere
1701 1721 1852 1756 lectores
1862 1723 1908 1769 23)
1933 1724 2114 1766 volumus,

1078 1791 1081 1833 ι
1107 1778 1173 1800 nos
1190 1767 1233 1799 ad
1250 1767 1444 1811 signandos
1462 1776 1664 1814 postremos
1681 1779 1779 1807 actus
1791 1772 1923 1809 Christi
1942 1789 1983 1809 ex
2000 1774 2114 1811 histo-

1078 1839 1081 1858 ἱ
1107 1818 1159 1851 ria
1183 1819 1360 1863 passionis
1384 1820 1515 1865 ipsius,
1543 1824 1601 1856 die
1626 1824 1795 1859 vicesimo
1821 1827 1948 1873 quinto
1974 1827 2113 1868 Martii,

1078 1897 1080 1930 Ι
1106 1877 1280 1917 tanquam
1301 1878 1397 1906 certo
1415 1874 1569 1908 termino
1586 1888 1669 1910 usos
1685 1890 1770 1919 esse,
1784 1885 1818 1912 et
1834 1879 2055 1925 inscripsisse
2065 1878 2114 1928 ²⁴²)

45 1917 209 1963 proxime
229 1918 324 1952 diem
345 1919 586 1965 aequinoctii,
607 1921 662 1953 vel
680 1921 916 1967 sequebatur,
941 1935 960 1954 a
979 1934 1051 1968 quo
1077 1933 1080 1968 g
1107 1923 1144 1956 in
1170 1923 1425 1958 Calendarium
1457 1934 1621 1961 nostrum
1656 1929 1731 1964 dies
1760 1931 1858 1971 illos,
1894 1944 1969 1965 non
2001 1939 2041 1967 ut
2073 1932 2113 1966 in

44 1970 236 2003 novilunio
246 1970 292 2018 2¹)
310 1978 520 2006 numeratus
535 1972 693 2006 decimus
713 1979 862 2018 quartus
880 1974 955 2008 dies
976 1980 1053 2008 erat

45 2022 244 2057 destinatus
263 2024 476 2057 mactationi
493 2025 575 2069 agni
591 2022 779 2070 paschalis,
797 2027 892 2072 quod
909 2038 1051 2060 sacrum

44 2086 233 2120 nunquam
266 2075 396 2109 licebat
434 2076 614 2110 celebrare
658 2084 741 2111 ante
779 2078 1049 2124 aequinoctium

44 2138 218 2168 vernum,
259 2129 321 2161 sed
344 2128 399 2161 vel
424 2128 501 2173 ipso
533 2129 754 2175 aequinoctii
780 2130 858 2170 die,
901 2132 956 2164 vel
988 2131 1052 2164 ali-

45 2185 183 2225 quanto
203 2186 302 2224 post,
332 2186 371 2213 ut
388 2186 539 2214 testatur
554 2180 726 2226 Iosephus
743 2183 804 2217 lib.
821 2183 855 2217 3.
877 2196 953 2229 cap.
973 2185 1031 2220 12.

149 2231 385 2277 Quapropter
402 2245 482 2266 cum
503 2234 773 2279 aequinoctium
792 2248 943 2270 vernum
963 2237 1048 2269 olim

43 2289 185 2316 tantum
205 2296 266 2318 sex
283 2284 408 2319 diebus
428 2298 445 2317 a
464 2286 533 2318 fine
552 2286 676 2319 Martii
693 2287 866 2329 abfuerit,
897 2295 930 2322 et
947 2289 1050 2322 novi-

42 2334 185 2369 lunium
211 2336 263 2369 illi
289 2337 361 2370 diei
388 2337 643 2383 aequinoctiali
669 2339 897 2383 proximum,
940 2341 1050 2385 primi
1077 2341 1078 2344 ¹

42 2388 175 2422 mensis
195 2388 340 2422 initium
356 2390 482 2423 fuerit:
512 2391 693 2436 sequitur,
710 2392 867 2436 primuni
888 2406 1048 2427 inensem

42 2438 268 2475 Ebraeorum
293 2448 356 2475 aut
380 2448 516 2484 totum,
555 2449 616 2476 aut
658 2443 773 2489 (quod
804 2445 1049 2492 frequentissi-

43 2504 142 2525 mum
170 2494 264 2540 erat)
290 2494 427 2527 maiore
453 2508 495 2528 ex
523 2502 623 2539 parte
648 2496 683 2528 in
703 2497 820 2541 Aprili
845 2498 971 2539 fuisse,
998 2499 1047 2532 ita

43 2549 83 2577 ut
100 2545 296 2591 aliquando
313 2546 451 2588 nullos,
479 2548 675 2594 aliquando
701 2561 834 2593 paucos
858 2557 892 2584 et
910 2558 1047 2596 postre-

76 2698 126 2729 21)
146 2699 196 2723 Eis
215 2699 376 2724 Melanthon
403 2702 430 2725 in
449 2702 582 2727 strobelii
607 2704 734 2733 exemplo
756 2703 892 2728 Editionis
918 2706 939 2729 1.
966 2711 1048 2730 manu

112 2734 225 2764 propria
244 2734 271 2757 in
291 2736 417 2766 margine
443 2738 609 2768 adscripsit:
637 2738 787 2768 proximum
808 2740 977 2764 novilunium
997 2747 1048 2765 seu

114 2769 285 2797 praecedens
305 2776 355 2794 seu
375 2778 496 2803 sequeus
515 2773 745 2803 aequinoctialem
765 2774 843 2800 diem.

49 2807 233 2843 Menatem.
258 2813 362 2844 Orsa.
410 2815 494 2846 Von.
519 2816 590 2847 XX.

1077 1969 1080 2025 Ξ
1106 1988 1227 2010 mense
1245 1976 1362 2021 primo
1381 1987 1639 2021 numerantur,
1666 1983 1726 2015 sed
1745 1995 1786 2016 ex
1804 1983 2008 2025 intervallo,
2036 1996 2110 2030 quo

1078 2028 1079 2065 ἒ
1106 2034 1168 2061 aut
1195 2037 1484 2073 praecesserunt,
1521 2039 1582 2066 aut
1614 2034 1725 2068 secuti
1755 2043 1838 2070 sunt
1865 2034 1961 2069 hunc
1985 2036 2110 2071 vicesi-

1078 2071 1079 2125 ᾗ
1106 2093 1204 2114 inum
1222 2082 1389 2127 quintum
1409 2083 1503 2117 diem
1525 2085 1667 2124 Martii;
1691 2086 1728 2119 in
1744 2088 1892 2134 reliquis
1910 2095 2031 2122 autem
2047 2088 2109 2122 Bi-

1078 2132 1205 2167 =blicis
1239 2132 1419 2176 historiis,
1452 2136 1527 2171 dies
1560 2150 1684 2173 omnes
1715 2139 1825 2184 primi
1856 2141 2007 2183 mensis,
2040 2140 2109 2176 soli

1078 2179 1079 2210 l
1104 2185 1221 2230 Aprili
1245 2186 1496 2235 assignasse25)

1259 2273 1321 2307 De
1366 2276 1598 2310 mensibus
1633 2277 1949 2314 Macedonicis

1448 2340 1523 2362 seu
1565 2328 1763 2365 Graecis.

1207 2394 1304 2427 Haec
1336 2396 1378 2428 de
1406 2397 1587 2431 mensibus
1611 2397 1774 2432 Ebraicis
1797 2399 1890 2432 dicta
1915 2400 2106 2442 sufficiant,

1103 2445 1232 2492 quibus
1252 2449 1453 2482 necessario
1481 2449 1709 2494 adiungimus
1727 2451 1981 2487 Macedonicos
2006 2465 2104 2486 men-

1136 2584 1184 2612 22)
1204 2585 1238 2607 tr.
1260 2586 1374 2614 quarto]
1396 2585 1435 2608 sie
1456 2585 1504 2609 Ed.
1524 2585 1566 2615 23
1591 2585 1639 2611 Ed.
1662 2587 1683 2609 1.
1707 2588 1741 2609 tr.
1761 2586 1844 2610 tertio

1136 2636 1184 2668 23)
1206 2635 1338 2668 lectores]
1359 2637 1399 2660 sic
1418 2637 1467 2662 Ed.
1488 2637 1529 2667 23
1556 2638 1605 2662 Ed.
1628 2638 1651 2662 1.
1672 2638 1815 2661 auditores

1135 2689 1183 2721 24)
1204 2696 1271 2713 usos
1291 2696 1353 2712 esse
1373 2691 1400 2712 et
1420 2690 1615 2720 inscripsisse]
1635 2690 1676 2714 sic
1690 2691 1738 2715 Ed.
1753 2690 1796 2719 2.;
1816 2690 1863 2714 Ed.
1882 2691 1902 2714 1.
1921 2695 2023 2714 usuros
2038 2696 2102 2716 esse

1171 2727 1199 2748 et
1217 2725 1404 2755 iuscripturos

1135 2776 1184 2808 25)
1207 2777 1399 2808 assignasse]
1421 2778 1461 2801 sic
1478 2778 1529 2803 Ed.
1549 2777 1591 2809 25
1616 2778 1666 2802 Ed.
1689 2778 1711 2802 ί.
1731 2775 1928 2801 adscribemus.

1637 2812 1687 2849 52
