<?xml version="1.0" encoding="UTF-8"?>
<!DOCTYPE html PUBLIC "-//W3C//DTD XHTML 1.0 Transitional//EN"
    "http://www.w3.org/TR/xhtml1/DTD/xhtml1-transitional.dtd">
<html xmlns="http://www.w3.org/1999/xhtml" xml:lang="en" lang="en">
 <head>
  <title>
</title>
<meta http-equiv="Content-Type" content="text/html;charset=utf-8" />
  <meta name='ocr-system' content='tesseract 3.04.00' />
  <meta name='ocr-capabilities' content='ocr_page ocr_carea ocr_par ocr_line ocrx_word'/>
</head>
<body>
  <div class='ocr_page' id='page_1' title='image "./operaquaesupersu20melauoft_0369.png"; bbox 0 0 2389 3037; ppageno 0'>
   <div class='ocr_carea' id='block_1_1' title="bbox 112 121 1121 163">
    <p class='ocr_par' dir='ltr' id='par_1_1' title="bbox 112 121 1121 163">
     <span class='ocr_line' id='line_1_1' title="bbox 112 121 1121 163; baseline -0.007 0"><span class='ocrx_word' id='word_1_1' title='bbox 112 127 188 163; x_wconf 82' lang='lat'>715</span> <span class='ocrx_word' id='word_1_2' title='bbox 615 121 691 157; x_wconf 80' lang='lat' dir='ltr'>Vll.</span> <span class='ocrx_word' id='word_1_3' title='bbox 747 121 1121 158; x_wconf 80' lang='lat' dir='ltr'>COMPENDIARIA</span> 
     </span>
    </p>
   </div>
   <div class='ocr_carea' id='block_1_2' title="bbox 164 209 1068 297">
    <p class='ocr_par' dir='ltr' id='par_1_2' title="bbox 164 209 1068 297">
     <span class='ocr_line' id='line_1_2' title="bbox 164 209 1068 255; baseline -0.002 -11"><span class='ocrx_word' id='word_1_4' title='bbox 164 211 334 246; x_wconf 87' lang='lat' dir='ltr'>Vocum</span> <span class='ocrx_word' id='word_1_5' title='bbox 365 211 488 244; x_wconf 89' lang='lat' dir='ltr'>aliae</span> <span class='ocrx_word' id='word_1_6' title='bbox 517 209 776 255; x_wconf 82' lang='lat' dir='ltr'><strong>simplices,</strong></span> <span class='ocrx_word' id='word_1_7' title='bbox 814 210 934 243; x_wconf 88' lang='lat' dir='ltr'>aliae</span> <span class='ocrx_word' id='word_1_8' title='bbox 963 221 1068 243; x_wconf 92' lang='lat' dir='ltr'>con-</span> 
     </span>
     <span class='ocr_line' id='line_1_3' title="bbox 521 263 719 297; baseline 0.015 -3"><span class='ocrx_word' id='word_1_9' title='bbox 521 263 719 297; x_wconf 87' lang='lat' dir='ltr'>iunctae.</span> 
     </span>
    </p>
   </div>
   <div class='ocr_carea' id='block_1_3' title="bbox 111 331 1122 1000">
    <p class='ocr_par' dir='ltr' id='par_1_3' title="bbox 111 331 1122 1000">
     <span class='ocr_line' id='line_1_4' title="bbox 218 331 1121 375; baseline -0.008 -8"><span class='ocrx_word' id='word_1_10' title='bbox 218 331 438 367; x_wconf 89' lang='lat' dir='ltr'>Thematum</span> <span class='ocrx_word' id='word_1_11' title='bbox 456 331 524 364; x_wconf 90' lang='lat' dir='ltr'>alia</span> <span class='ocrx_word' id='word_1_12' title='bbox 541 331 764 375; x_wconf 85' lang='lat' dir='ltr'>simplicibus</span> <span class='ocrx_word' id='word_1_13' title='bbox 781 331 926 364; x_wconf 82' lang='lat' dir='ltr'>vocibus</span> <span class='ocrx_word' id='word_1_14' title='bbox 943 334 1121 368; x_wconf 81' lang='lat' dir='ltr'>constant,</span> 
     </span>
     <span class='ocr_line' id='line_1_5' title="bbox 111 382 1120 428; baseline -0.006 -8"><span class='ocrx_word' id='word_1_15' title='bbox 111 393 152 420; x_wconf 90' lang='lat' dir='ltr'>ut</span> <span class='ocrx_word' id='word_1_16' title='bbox 175 386 205 420; x_wconf 88' lang='lat' dir='ltr'>si</span> <span class='ocrx_word' id='word_1_17' title='bbox 225 387 268 419; x_wconf 93' lang='lat' dir='ltr'>de</span> <span class='ocrx_word' id='word_1_18' title='bbox 291 383 450 424; x_wconf 88' lang='lat' dir='ltr'>Iustitia,</span> <span class='ocrx_word' id='word_1_19' title='bbox 479 382 552 428; x_wconf 74' lang='lat' dir='ltr'>et3)</span> <span class='ocrx_word' id='word_1_20' title='bbox 576 383 765 423; x_wconf 80' lang='lat' dir='ltr'>Amicitia,</span> <span class='ocrx_word' id='word_1_21' title='bbox 795 383 837 416; x_wconf 86' lang='lat' dir='ltr'>de</span> <span class='ocrx_word' id='word_1_22' title='bbox 856 382 963 416; x_wconf 87' lang='lat' dir='ltr'>Febri</span> <span class='ocrx_word' id='word_1_23' title='bbox 986 392 1120 426; x_wconf 90' lang='lat' dir='ltr'>propo-</span> 
     </span>
     <span class='ocr_line' id='line_1_6' title="bbox 112 432 1121 475; baseline -0.007 -4"><span class='ocrx_word' id='word_1_24' title='bbox 112 444 237 472; x_wconf 87' lang='lat' dir='ltr'>natur:</span> <span class='ocrx_word' id='word_1_25' title='bbox 274 437 341 469; x_wconf 86' lang='lat' dir='ltr'>alia</span> <span class='ocrx_word' id='word_1_26' title='bbox 368 435 532 469; x_wconf 87' lang='lat' dir='ltr'>oratione</span> <span class='ocrx_word' id='word_1_27' title='bbox 559 442 743 475; x_wconf 86' lang='lat' dir='ltr'>constant,</span> <span class='ocrx_word' id='word_1_28' title='bbox 778 441 817 468; x_wconf 92' lang='lat' dir='ltr'>ut</span> <span class='ocrx_word' id='word_1_29' title='bbox 840 434 917 468; x_wconf 90' lang='lat' dir='ltr'>iure</span> <span class='ocrx_word' id='word_1_30' title='bbox 941 446 986 466; x_wconf 92' lang='lat' dir='ltr'>ne</span> <span class='ocrx_word' id='word_1_31' title='bbox 1005 445 1050 465; x_wconf 90' lang='lat' dir='ltr'>an</span> <span class='ocrx_word' id='word_1_32' title='bbox 1067 432 1121 465; x_wconf 91' lang='lat' dir='ltr'>in-</span> 
     </span>
     <span class='ocr_line' id='line_1_7' title="bbox 112 486 1121 526; baseline -0.006 -4"><span class='ocrx_word' id='word_1_33' title='bbox 112 490 205 524; x_wconf 90' lang='lat' dir='ltr'>iuria</span> <span class='ocrx_word' id='word_1_34' title='bbox 226 487 393 522; x_wconf 91' lang='lat' dir='ltr'>Clodium</span> <span class='ocrx_word' id='word_1_35' title='bbox 411 487 502 521; x_wconf 83' lang='lat' dir='ltr'>Milo</span> <span class='ocrx_word' id='word_1_36' title='bbox 529 487 719 526; x_wconf 88' lang='lat' dir='ltr'>occiderit;</span> <span class='ocrx_word' id='word_1_37' title='bbox 755 487 845 521; x_wconf 80' lang='lat' dir='ltr'>sitne</span> <span class='ocrx_word' id='word_1_38' title='bbox 873 497 964 519; x_wconf 81' lang='lat' dir='ltr'>uxor</span> <span class='ocrx_word' id='word_1_39' title='bbox 989 486 1121 518; x_wconf 87' lang='lat' dir='ltr'>ducen-</span> 
     </span>
     <span class='ocr_line' id='line_1_8' title="bbox 112 538 1120 586; baseline -0.006 -11"><span class='ocrx_word' id='word_1_40' title='bbox 112 542 157 575; x_wconf 90' lang='lat' dir='ltr'>da</span> <span class='ocrx_word' id='word_1_41' title='bbox 169 568 179 586; x_wconf 87' lang='lat'>‚</span> <span class='ocrx_word' id='word_1_42' title='bbox 201 553 249 574; x_wconf 84' lang='lat' dir='ltr'>an</span> <span class='ocrx_word' id='word_1_43' title='bbox 266 552 359 579; x_wconf 89' lang='lat' dir='ltr'>non;</span> <span class='ocrx_word' id='word_1_44' title='bbox 389 539 480 574; x_wconf 89' lang='lat' dir='ltr'>sitne</span> <span class='ocrx_word' id='word_1_45' title='bbox 497 538 657 573; x_wconf 87' lang='lat' dir='ltr'>Iustitiae</span> <span class='ocrx_word' id='word_1_46' title='bbox 674 551 758 584; x_wconf 91' lang='lat' dir='ltr'>pars</span> <span class='ocrx_word' id='word_1_47' title='bbox 776 538 948 578; x_wconf 86' lang='lat' dir='ltr'>amicitia,</span> <span class='ocrx_word' id='word_1_48' title='bbox 971 549 1017 570; x_wconf 86' lang='lat' dir='ltr'>an</span> <span class='ocrx_word' id='word_1_49' title='bbox 1033 549 1120 570; x_wconf 93' lang='lat' dir='ltr'>non.</span> 
     </span>
     <span class='ocr_line' id='line_1_9' title="bbox 113 589 1121 639; baseline -0.005 -12"><span class='ocrx_word' id='word_1_50' title='bbox 113 593 219 639; x_wconf 87' lang='lat' dir='ltr'>Quod</span> <span class='ocrx_word' id='word_1_51' title='bbox 238 590 439 626; x_wconf 89' lang='lat' dir='ltr'>thematum</span> <span class='ocrx_word' id='word_1_52' title='bbox 459 591 652 626; x_wconf 82' lang='lat' dir='ltr'>discrimen</span> <span class='ocrx_word' id='word_1_53' title='bbox 670 591 738 625; x_wconf 91' lang='lat' dir='ltr'>nisi</span> <span class='ocrx_word' id='word_1_54' title='bbox 764 591 931 624; x_wconf 84' lang='lat' dir='ltr'>observes</span> <span class='ocrx_word' id='word_1_55' title='bbox 944 617 952 628; x_wconf 83' lang='lat'>,</span> <span class='ocrx_word' id='word_1_56' title='bbox 982 589 1121 634; x_wconf 91' lang='lat' dir='ltr'>pericu-</span> 
     </span>
     <span class='ocr_line' id='line_1_10' title="bbox 111 641 1121 683; baseline -0.004 -5"><span class='ocrx_word' id='word_1_57' title='bbox 111 645 187 679; x_wconf 89' lang='lat' dir='ltr'>lum</span> <span class='ocrx_word' id='word_1_58' title='bbox 221 651 289 683; x_wconf 82' lang='lat' dir='ltr'>est,</span> <span class='ocrx_word' id='word_1_59' title='bbox 324 656 369 677; x_wconf 90' lang='lat' dir='ltr'>ne</span> <span class='ocrx_word' id='word_1_60' title='bbox 392 657 459 678; x_wconf 92' lang='lat' dir='ltr'>usu</span> <span class='ocrx_word' id='word_1_61' title='bbox 486 656 606 677; x_wconf 88' lang='lat' dir='ltr'>rerum</span> <span class='ocrx_word' id='word_1_62' title='bbox 631 643 899 676; x_wconf 87' lang='lat' dir='ltr'>dialecticarum</span> <span class='ocrx_word' id='word_1_63' title='bbox 927 641 1121 675; x_wconf 81' lang='lat' dir='ltr'>frustreris.</span> 
     </span>
     <span class='ocr_line' id='line_1_11' title="bbox 111 694 1122 740; baseline -0.004 -10"><span class='ocrx_word' id='word_1_64' title='bbox 111 696 205 731; x_wconf 84' lang='lat' dir='ltr'>Nam</span> <span class='ocrx_word' id='word_1_65' title='bbox 231 696 301 729; x_wconf 84' lang='lat' dir='ltr'>alia</span> <span class='ocrx_word' id='word_1_66' title='bbox 325 696 527 729; x_wconf 76' lang='lat' dir='ltr'>dialectices</span> <span class='ocrx_word' id='word_1_67' title='bbox 544 707 628 740; x_wconf 91' lang='lat' dir='ltr'>pars</span> <span class='ocrx_word' id='word_1_68' title='bbox 647 695 869 739; x_wconf 86' lang='lat' dir='ltr'>simplicibus</span> <span class='ocrx_word' id='word_1_69' title='bbox 888 694 1034 727; x_wconf 75' lang='lat' dir='ltr'>vocibus</span> <span class='ocrx_word' id='word_1_70' title='bbox 1050 705 1122 727; x_wconf 90' lang='lat' dir='ltr'>ser-</span> 
     </span>
     <span class='ocr_line' id='line_1_12' title="bbox 113 745 1122 789; baseline -0.003 -9"><span class='ocrx_word' id='word_1_71' title='bbox 113 748 177 789; x_wconf 85' lang='lat' dir='ltr'>vit,</span> <span class='ocrx_word' id='word_1_72' title='bbox 192 748 259 782; x_wconf 88' lang='lat' dir='ltr'>alia</span> <span class='ocrx_word' id='word_1_73' title='bbox 280 747 498 785; x_wconf 88' lang='lat' dir='ltr'>coniunctis;</span> <span class='ocrx_word' id='word_1_74' title='bbox 518 747 589 780; x_wconf 92' lang='lat' dir='ltr'>iam</span> <span class='ocrx_word' id='word_1_75' title='bbox 607 747 883 781; x_wconf 90' lang='lat' dir='ltr'>coniunctarum</span> <span class='ocrx_word' id='word_1_76' title='bbox 900 753 1030 779; x_wconf 79' lang='lat' dir='ltr'>natura</span> <span class='ocrx_word' id='word_1_77' title='bbox 1051 745 1122 778; x_wconf 70' lang='lat' dir='ltr'>exi-</span> 
     </span>
     <span class='ocr_line' id='line_1_13' title="bbox 113 798 1122 845; baseline -0.002 -12"><span class='ocrx_word' id='word_1_78' title='bbox 113 800 184 845; x_wconf 83' lang='lat' dir='ltr'>git,</span> <span class='ocrx_word' id='word_1_79' title='bbox 212 807 253 834; x_wconf 86' lang='lat' dir='ltr'>ut</span> <span class='ocrx_word' id='word_1_80' title='bbox 271 800 409 834; x_wconf 83' lang='lat' dir='ltr'>solutae</span> <span class='ocrx_word' id='word_1_81' title='bbox 424 806 641 833; x_wconf 88' lang='lat' dir='ltr'>revocentur</span> <span class='ocrx_word' id='word_1_82' title='bbox 659 801 703 832; x_wconf 91' lang='lat' dir='ltr'>ad</span> <span class='ocrx_word' id='word_1_83' title='bbox 721 798 923 839; x_wconf 80' lang='lat' dir='ltr'>methodos,</span> <span class='ocrx_word' id='word_1_84' title='bbox 953 805 986 831; x_wconf 90' lang='lat' dir='ltr'>et</span> <span class='ocrx_word' id='word_1_85' title='bbox 1005 810 1122 831; x_wconf 89' lang='lat' dir='ltr'>amus-</span> 
     </span>
     <span class='ocr_line' id='line_1_14' title="bbox 113 849 1122 897; baseline -0.003 -12"><span class='ocrx_word' id='word_1_86' title='bbox 113 852 181 886; x_wconf 89' lang='lat' dir='ltr'>sim</span> <span class='ocrx_word' id='word_1_87' title='bbox 211 851 450 897; x_wconf 89' lang='lat' dir='ltr'>simplicium,</span> <span class='ocrx_word' id='word_1_88' title='bbox 485 863 551 884; x_wconf 89' lang='lat' dir='ltr'>nec</span> <span class='ocrx_word' id='word_1_89' title='bbox 576 851 614 884; x_wconf 88' lang='lat' dir='ltr'>in</span> <span class='ocrx_word' id='word_1_90' title='bbox 640 851 886 891; x_wconf 73' lang='lat' dir='ltr'>orationihus,</span> <span class='ocrx_word' id='word_1_91' title='bbox 921 850 1009 896; x_wconf 87' lang='lat' dir='ltr'>quid</span> <span class='ocrx_word' id='word_1_92' title='bbox 1033 849 1122 889; x_wconf 78' lang='lat' dir='ltr'>veri,</span> 
     </span>
     <span class='ocr_line' id='line_1_15' title="bbox 113 901 1120 950; baseline -0.003 -13"><span class='ocrx_word' id='word_1_93' title='bbox 113 903 200 950; x_wconf 91' lang='lat' dir='ltr'>quid</span> <span class='ocrx_word' id='word_1_94' title='bbox 234 904 315 938; x_wconf 89' lang='lat' dir='ltr'>falsi</span> <span class='ocrx_word' id='word_1_95' title='bbox 346 903 450 944; x_wconf 86' lang='lat' dir='ltr'>insit,</span> <span class='ocrx_word' id='word_1_96' title='bbox 495 901 763 948; x_wconf 85' lang='lat' dir='ltr'>deprehendes,</span> <span class='ocrx_word' id='word_1_97' title='bbox 804 903 874 937; x_wconf 88' lang='lat' dir='ltr'>nisi</span> <span class='ocrx_word' id='word_1_98' title='bbox 903 902 1120 947; x_wconf 88' lang='lat' dir='ltr'>simplicium</span> 
     </span>
     <span class='ocr_line' id='line_1_16' title="bbox 113 955 826 1000; baseline 0 -11"><span class='ocrx_word' id='word_1_99' title='bbox 113 968 243 989; x_wconf 81' lang='lat' dir='ltr'>vocum</span> <span class='ocrx_word' id='word_1_100' title='bbox 267 962 417 990; x_wconf 87' lang='lat' dir='ltr'>naturas</span> <span class='ocrx_word' id='word_1_101' title='bbox 447 955 595 1000; x_wconf 87' lang='lat' dir='ltr'>proprie</span> <span class='ocrx_word' id='word_1_102' title='bbox 621 955 826 990; x_wconf 83' lang='lat' dir='ltr'>excusseris.</span> 
     </span>
    </p>
   </div>
   <div class='ocr_carea' id='block_1_4' title="bbox 371 1042 872 1087">
    <p class='ocr_par' dir='ltr' id='par_1_4' title="bbox 371 1042 872 1087">
     <span class='ocr_line' id='line_1_17' title="bbox 371 1042 872 1087; baseline -0.002 -11"><span class='ocrx_word' id='word_1_103' title='bbox 371 1042 536 1087; x_wconf 83' lang='lat' dir='ltr'>Capita</span> <span class='ocrx_word' id='word_1_104' title='bbox 574 1042 872 1076; x_wconf 87' lang='lat' dir='ltr'>Dialectices.</span> 
     </span>
    </p>
   </div>
   <div class='ocr_carea' id='block_1_5' title="bbox 112 1110 1152 1261">
    <p class='ocr_par' dir='ltr' id='par_1_5' title="bbox 112 1110 1152 1261">
     <span class='ocr_line' id='line_1_18' title="bbox 218 1110 1151 1156; baseline -0.001 -11"><span class='ocrx_word' id='word_1_105' title='bbox 218 1111 368 1145; x_wconf 89' lang='lat' dir='ltr'>Summa</span> <span class='ocrx_word' id='word_1_106' title='bbox 394 1111 601 1144; x_wconf 75' lang='lat' dir='ltr'>dialecticae</span> <span class='ocrx_word' id='word_1_107' title='bbox 627 1111 743 1156; x_wconf 86' lang='lat' dir='ltr'>capita</span> <span class='ocrx_word' id='word_1_108' title='bbox 769 1111 836 1144; x_wconf 87' lang='lat' dir='ltr'>tria</span> <span class='ocrx_word' id='word_1_109' title='bbox 862 1117 965 1151; x_wconf 90' lang='lat' dir='ltr'>sunt,</span> <span class='ocrx_word' id='word_1_110' title='bbox 994 1110 1123 1149; x_wconf 81' lang='lat' dir='ltr'>finitio,</span> <span class='ocrx_word' id='word_1_111' title='bbox 1150 1115 1151 1119; x_wconf 75' lang='grc'>’</span> 
     </span>
     <span class='ocr_line' id='line_1_19' title="bbox 681 1163 1152 1197; baseline 0 -2"><span class='ocrx_word' id='word_1_112' title='bbox 681 1163 817 1196; x_wconf 87' lang='lat' dir='ltr'>Finitio</span> <span class='ocrx_word' id='word_1_113' title='bbox 855 1170 888 1196; x_wconf 83' lang='lat' dir='ltr'>et</span> <span class='ocrx_word' id='word_1_114' title='bbox 917 1163 1046 1197; x_wconf 72' lang='lat' dir='ltr'>divisio</span> <span class='ocrx_word' id='word_1_115' title='bbox 1078 1164 1123 1195; x_wconf 93' lang='lat' dir='ltr'>ad</span> <span class='ocrx_word' id='word_1_116' title='bbox 1150 1187 1152 1190; x_wconf 88' lang='lat'>-</span> 
     </span>
     <span class='ocr_line' id='line_1_20' title="bbox 112 1215 1152 1261; baseline -0.004 -10"><span class='ocrx_word' id='word_1_117' title='bbox 112 1215 294 1261; x_wconf 87' lang='lat' dir='ltr'>simplices</span> <span class='ocrx_word' id='word_1_118' title='bbox 314 1227 418 1249; x_wconf 88' lang='lat' dir='ltr'>voces</span> <span class='ocrx_word' id='word_1_119' title='bbox 439 1215 641 1259; x_wconf 87' lang='lat' dir='ltr'>pertinent,</span> <span class='ocrx_word' id='word_1_120' title='bbox 679 1215 944 1258; x_wconf 84' lang='lat' dir='ltr'>argumentatio</span> <span class='ocrx_word' id='word_1_121' title='bbox 971 1216 1016 1248; x_wconf 88' lang='lat' dir='ltr'>ad</span> <span class='ocrx_word' id='word_1_122' title='bbox 1044 1227 1124 1247; x_wconf 84' lang='lat' dir='ltr'>ora·</span> <span class='ocrx_word' id='word_1_123' title='bbox 1150 1227 1152 1246; x_wconf 69' lang='grc' dir='ltr'>ε</span> 
     </span>
    </p>
   </div>
   <div class='ocr_carea' id='block_1_6' title="bbox 113 1163 615 1207">
    <p class='ocr_par' dir='ltr' id='par_1_6' title="bbox 113 1163 615 1207">
     <span class='ocr_line' id='line_1_21' title="bbox 113 1163 615 1207; baseline -0.006 -9"><span class='ocrx_word' id='word_1_124' title='bbox 113 1163 244 1198; x_wconf 81' lang='lat' dir='ltr'>divisio</span> <span class='ocrx_word' id='word_1_125' title='bbox 272 1169 307 1197; x_wconf 92' lang='lat' dir='ltr'>et</span> <span class='ocrx_word' id='word_1_126' title='bbox 335 1163 615 1207; x_wconf 81' lang='lat' dir='ltr'>argumentatio.</span> 
     </span>
    </p>
   </div>
   <div class='ocr_carea' id='block_1_7' title="bbox 113 1265 1125 1420">
    <p class='ocr_par' dir='ltr' id='par_1_7' title="bbox 113 1265 1125 1420">
     <span class='ocr_line' id='line_1_22' title="bbox 113 1265 1125 1313; baseline -0.003 -12"><span class='ocrx_word' id='word_1_127' title='bbox 113 1268 265 1302; x_wconf 87' lang='lat' dir='ltr'>tionem.</span> <span class='ocrx_word' id='word_1_128' title='bbox 319 1266 605 1313; x_wconf 89' lang='lat' dir='ltr'>Meminerisque</span> <span class='ocrx_word' id='word_1_129' title='bbox 629 1267 694 1301; x_wconf 89' lang='lat' dir='ltr'>tibi</span> <span class='ocrx_word' id='word_1_130' title='bbox 711 1265 766 1301; x_wconf 90' lang='lat' dir='ltr'>his</span> <span class='ocrx_word' id='word_1_131' title='bbox 787 1267 965 1300; x_wconf 84' lang='lat' dir='ltr'>dialectici</span> <span class='ocrx_word' id='word_1_132' title='bbox 982 1266 1125 1300; x_wconf 87' lang='lat' dir='ltr'>artificii</span> 
     </span>
     <span class='ocr_line' id='line_1_23' title="bbox 114 1319 1124 1365; baseline -0.003 -11"><span class='ocrx_word' id='word_1_133' title='bbox 114 1319 233 1354; x_wconf 90' lang='lat' dir='ltr'>modis</span> <span class='ocrx_word' id='word_1_134' title='bbox 268 1332 358 1365; x_wconf 90' lang='lat' dir='ltr'>opus</span> <span class='ocrx_word' id='word_1_135' title='bbox 388 1319 467 1353; x_wconf 86' lang='lat' dir='ltr'>fore</span> <span class='ocrx_word' id='word_1_136' title='bbox 502 1319 540 1352; x_wconf 93' lang='lat' dir='ltr'>in</span> <span class='ocrx_word' id='word_1_137' title='bbox 570 1320 669 1352; x_wconf 88' lang='lat' dir='ltr'>omni</span> <span class='ocrx_word' id='word_1_138' title='bbox 707 1331 835 1364; x_wconf 82' lang='lat' dir='ltr'>genere</span> <span class='ocrx_word' id='word_1_139' title='bbox 867 1325 940 1351; x_wconf 83' lang='lat' dir='ltr'>tam</span> <span class='ocrx_word' id='word_1_140' title='bbox 977 1319 1124 1358; x_wconf 80' lang='lat' dir='ltr'>artium,</span> 
     </span>
     <span class='ocr_line' id='line_1_24' title="bbox 114 1371 1124 1420; baseline -0.003 -13"><span class='ocrx_word' id='word_1_141' title='bbox 114 1385 224 1420; x_wconf 88' lang='lat' dir='ltr'>quam</span> <span class='ocrx_word' id='word_1_142' title='bbox 255 1372 415 1407; x_wconf 83' lang='lat' dir='ltr'>civilium</span> <span class='ocrx_word' id='word_1_143' title='bbox 447 1384 674 1413; x_wconf 85' lang='lat' dir='ltr'>caussarum,</span> <span class='ocrx_word' id='word_1_144' title='bbox 709 1371 769 1405; x_wconf 85' lang='lat' dir='ltr'>ubi</span> <span class='ocrx_word' id='word_1_145' title='bbox 802 1371 888 1417; x_wconf 89' lang='lat' dir='ltr'>quid</span> <span class='ocrx_word' id='word_1_146' title='bbox 911 1371 1124 1411; x_wconf 85' lang='lat' dir='ltr'>finiendum,</span> 
     </span>
    </p>
   </div>
   <div class='ocr_carea' id='block_1_8' title="bbox 114 1424 1153 1466">
    <p class='ocr_par' dir='ltr' id='par_1_8' title="bbox 114 1424 1153 1466">
     <span class='ocr_line' id='line_1_25' title="bbox 114 1424 1153 1466; baseline -0.003 -7"><span class='ocrx_word' id='word_1_147' title='bbox 114 1425 372 1466; x_wconf 77' lang='lat' dir='ltr'>dividendum,</span> <span class='ocrx_word' id='word_1_148' title='bbox 400 1425 709 1464; x_wconf 88' lang='lat' dir='ltr'>confirmandum,</span> <span class='ocrx_word' id='word_1_149' title='bbox 738 1424 1060 1464; x_wconf 70' lang='lat' dir='ltr'>confutandumve,</span> <span class='ocrx_word' id='word_1_150' title='bbox 1086 1429 1126 1456; x_wconf 88' lang='lat' dir='ltr'>ut</span> <span class='ocrx_word' id='word_1_151' title='bbox 1152 1438 1153 1447; x_wconf 56' lang='lat'>¹</span> 
     </span>
    </p>
   </div>
   <div class='ocr_carea' id='block_1_9' title="bbox 114 1475 598 1517">
    <p class='ocr_par' dir='ltr' id='par_1_9' title="bbox 114 1475 598 1517">
     <span class='ocr_line' id='line_1_26' title="bbox 114 1475 598 1517; baseline -0.004 -5"><span class='ocrx_word' id='word_1_152' title='bbox 114 1478 228 1512; x_wconf 90' lang='lat' dir='ltr'>multa</span> <span class='ocrx_word' id='word_1_153' title='bbox 252 1477 369 1512; x_wconf 88' lang='lat' dir='ltr'>solent</span> <span class='ocrx_word' id='word_1_154' title='bbox 379 1503 388 1517; x_wconf 91' lang='lat'>,</span> <span class='ocrx_word' id='word_1_155' title='bbox 416 1475 598 1510; x_wconf 87' lang='lat' dir='ltr'>inciderit.</span> 
     </span>
    </p>
   </div>
   <div class='ocr_carea' id='block_1_10' title="bbox 309 1561 929 1606">
    <p class='ocr_par' dir='ltr' id='par_1_10' title="bbox 309 1561 929 1606">
     <span class='ocr_line' id='line_1_27' title="bbox 309 1561 929 1606; baseline 0 -11"><span class='ocrx_word' id='word_1_156' title='bbox 309 1561 371 1595; x_wconf 92' lang='lat' dir='ltr'>De</span> <span class='ocrx_word' id='word_1_157' title='bbox 401 1561 591 1595; x_wconf 80' lang='lat' dir='ltr'>vocibus</span> <span class='ocrx_word' id='word_1_158' title='bbox 619 1561 929 1606; x_wconf 88' lang='lat' dir='ltr'>simplicibus.</span> 
     </span>
    </p>
   </div>
   <div class='ocr_carea' id='block_1_11' title="bbox 115 1628 1127 2142">
    <p class='ocr_par' dir='ltr' id='par_1_11' title="bbox 115 1628 1127 2142">
     <span class='ocr_line' id='line_1_28' title="bbox 218 1628 1126 1675; baseline -0.002 -11"><span class='ocrx_word' id='word_1_159' title='bbox 218 1630 406 1675; x_wconf 89' lang='lat' dir='ltr'>Principio</span> <span class='ocrx_word' id='word_1_160' title='bbox 431 1630 612 1664; x_wconf 88' lang='lat' dir='ltr'>studiosos</span> <span class='ocrx_word' id='word_1_161' title='bbox 633 1631 835 1670; x_wconf 82' lang='lat' dir='ltr'>admoneo,</span> <span class='ocrx_word' id='word_1_162' title='bbox 864 1629 901 1662; x_wconf 90' lang='lat' dir='ltr'>in</span> <span class='ocrx_word' id='word_1_163' title='bbox 927 1628 1126 1662; x_wconf 86' lang='lat' dir='ltr'>tractandis</span> 
     </span>
     <span class='ocr_line' id='line_1_29' title="bbox 115 1679 1124 1727; baseline -0.005 -9"><span class='ocrx_word' id='word_1_164' title='bbox 115 1683 310 1718; x_wconf 88' lang='lat' dir='ltr'>dialecticis</span> <span class='ocrx_word' id='word_1_165' title='bbox 336 1680 428 1716; x_wconf 91' lang='lat' dir='ltr'>nihil</span> <span class='ocrx_word' id='word_1_166' title='bbox 451 1695 508 1716; x_wconf 87' lang='lat' dir='ltr'>me</span> <span class='ocrx_word' id='word_1_167' title='bbox 531 1688 758 1722; x_wconf 87' lang='lat' dir='ltr'>secuturum,</span> <span class='ocrx_word' id='word_1_168' title='bbox 786 1681 856 1715; x_wconf 90' lang='lat' dir='ltr'>nisi</span> <span class='ocrx_word' id='word_1_169' title='bbox 873 1693 945 1727; x_wconf 90' lang='lat' dir='ltr'>quo</span> <span class='ocrx_word' id='word_1_170' title='bbox 965 1679 1124 1714; x_wconf 82' lang='lat' dir='ltr'>humana</span> 
     </span>
     <span class='ocr_line' id='line_1_30' title="bbox 116 1735 1126 1782; baseline -0.004 -12"><span class='ocrx_word' id='word_1_171' title='bbox 116 1736 210 1770; x_wconf 85' lang='lat' dir='ltr'>ratio</span> <span class='ocrx_word' id='word_1_172' title='bbox 227 1736 358 1777; x_wconf 89' lang='lat' dir='ltr'>ductu,</span> <span class='ocrx_word' id='word_1_173' title='bbox 387 1747 530 1782; x_wconf 89' lang='lat' dir='ltr'>quaque</span> <span class='ocrx_word' id='word_1_174' title='bbox 553 1735 608 1767; x_wconf 64' lang='lat' dir='ltr'>via</span> <span class='ocrx_word' id='word_1_175' title='bbox 621 1761 630 1775; x_wconf 91' lang='lat'>,</span> <span class='ocrx_word' id='word_1_176' title='bbox 660 1746 893 1781; x_wconf 87' lang='lat' dir='ltr'>quascunque</span> <span class='ocrx_word' id='word_1_177' title='bbox 909 1745 966 1767; x_wconf 91' lang='lat' dir='ltr'>res</span> <span class='ocrx_word' id='word_1_178' title='bbox 984 1739 1065 1778; x_wconf 84' lang='lat' dir='ltr'>apte</span> <span class='ocrx_word' id='word_1_179' title='bbox 1085 1744 1126 1765; x_wconf 89' lang='lat' dir='ltr'>ac</span> 
     </span>
     <span class='ocr_line' id='line_1_31' title="bbox 115 1783 1126 1834; baseline -0.004 -12"><span class='ocrx_word' id='word_1_180' title='bbox 115 1789 266 1834; x_wconf 90' lang='lat' dir='ltr'>proprie</span> <span class='ocrx_word' id='word_1_181' title='bbox 291 1787 451 1833; x_wconf 85' lang='lat' dir='ltr'>vestiget.</span> <span class='ocrx_word' id='word_1_182' title='bbox 507 1787 690 1827; x_wconf 91' lang='lat' dir='ltr'>Proinde,</span> <span class='ocrx_word' id='word_1_183' title='bbox 723 1798 939 1833; x_wconf 87' lang='lat' dir='ltr'>quocunque</span> <span class='ocrx_word' id='word_1_184' title='bbox 967 1783 1126 1819; x_wconf 83' lang='lat' dir='ltr'>themate</span> 
     </span>
     <span class='ocr_line' id='line_1_32' title="bbox 117 1837 1126 1887; baseline -0.003 -12"><span class='ocrx_word' id='word_1_185' title='bbox 117 1841 327 1887; x_wconf 87' lang='lat' dir='ltr'>proposito,</span> <span class='ocrx_word' id='word_1_186' title='bbox 369 1852 493 1874; x_wconf 90' lang='lat' dir='ltr'>nonne</span> <span class='ocrx_word' id='word_1_187' title='bbox 526 1851 627 1873; x_wconf 91' lang='lat' dir='ltr'>mens</span> <span class='ocrx_word' id='word_1_188' title='bbox 659 1837 818 1872; x_wconf 89' lang='lat' dir='ltr'>hominis</span> <span class='ocrx_word' id='word_1_189' title='bbox 846 1838 1003 1883; x_wconf 90' lang='lat' dir='ltr'>primum</span> <span class='ocrx_word' id='word_1_190' title='bbox 1029 1837 1126 1872; x_wconf 83' lang='lat' dir='ltr'>vocis</span> 
     </span>
     <span class='ocr_line' id='line_1_33' title="bbox 117 1890 1126 1939; baseline -0.004 -12"><span class='ocrx_word' id='word_1_191' title='bbox 117 1893 416 1939; x_wconf 88' lang='lat' dir='ltr'>significationem</span> <span class='ocrx_word' id='word_1_192' title='bbox 445 1890 738 1936; x_wconf 80' lang='lat' dir='ltr'>contemplatur?</span> <span class='ocrx_word' id='word_1_193' title='bbox 792 1891 888 1935; x_wconf 89' lang='lat' dir='ltr'>Ergo</span> <span class='ocrx_word' id='word_1_194' title='bbox 914 1903 993 1924; x_wconf 89' lang='lat' dir='ltr'>cum</span> <span class='ocrx_word' id='word_1_195' title='bbox 1018 1902 1126 1936; x_wconf 82' lang='lat' dir='ltr'>quae-</span> 
     </span>
     <span class='ocr_line' id='line_1_34' title="bbox 119 1942 1126 1990; baseline -0.006 -10"><span class='ocrx_word' id='word_1_196' title='bbox 119 1946 188 1981; x_wconf 92' lang='lat' dir='ltr'>stio</span> <span class='ocrx_word' id='word_1_197' title='bbox 214 1945 279 1986; x_wconf 85' lang='lat' dir='ltr'>sit,</span> <span class='ocrx_word' id='word_1_198' title='bbox 311 1944 398 1990; x_wconf 90' lang='lat' dir='ltr'>quid</span> <span class='ocrx_word' id='word_1_199' title='bbox 422 1957 558 1978; x_wconf 89' lang='lat' dir='ltr'>nomen</span> <span class='ocrx_word' id='word_1_200' title='bbox 581 1943 775 1988; x_wconf 84' lang='lat' dir='ltr'>significet,</span> <span class='ocrx_word' id='word_1_201' title='bbox 810 1943 969 1988; x_wconf 86' lang='lat' dir='ltr'>primum</span> <span class='ocrx_word' id='word_1_202' title='bbox 995 1942 1126 1977; x_wconf 89' lang='lat' dir='ltr'>consti-</span> 
     </span>
     <span class='ocr_line' id='line_1_35' title="bbox 118 1994 1126 2042; baseline -0.005 -10"><span class='ocrx_word' id='word_1_203' title='bbox 118 1999 253 2032; x_wconf 87' lang='lat' dir='ltr'>tuenda</span> <span class='ocrx_word' id='word_1_204' title='bbox 290 2003 342 2031; x_wconf 86' lang='lat' dir='ltr'>est</span> <span class='ocrx_word' id='word_1_205' title='bbox 372 1997 409 2029; x_wconf 90' lang='lat' dir='ltr'>in</span> <span class='ocrx_word' id='word_1_206' title='bbox 444 1997 545 2030; x_wconf 89' lang='lat' dir='ltr'>omni</span> <span class='ocrx_word' id='word_1_207' title='bbox 573 1996 818 2042; x_wconf 79' lang='lat' dir='ltr'>disputatione</span> <span class='ocrx_word' id='word_1_208' title='bbox 846 2002 941 2028; x_wconf 87' lang='lat' dir='ltr'>certa</span> <span class='ocrx_word' id='word_1_209' title='bbox 966 1994 1126 2028; x_wconf 89' lang='lat' dir='ltr'>nominis</span> 
     </span>
     <span class='ocr_line' id='line_1_36' title="bbox 119 2047 1127 2096; baseline -0.004 -13"><span class='ocrx_word' id='word_1_210' title='bbox 119 2049 353 2095; x_wconf 87' lang='lat' dir='ltr'>significatio,</span> <span class='ocrx_word' id='word_1_211' title='bbox 392 2062 436 2082; x_wconf 87' lang='lat' dir='ltr'>ne</span> <span class='ocrx_word' id='word_1_212' title='bbox 467 2062 536 2096; x_wconf 91' lang='lat' dir='ltr'>qua</span> <span class='ocrx_word' id='word_1_213' title='bbox 569 2049 615 2083; x_wconf 86' lang='lat' dir='ltr'>sit</span> <span class='ocrx_word' id='word_1_214' title='bbox 639 2049 676 2082; x_wconf 91' lang='lat' dir='ltr'>in</span> <span class='ocrx_word' id='word_1_215' title='bbox 703 2061 789 2082; x_wconf 79' lang='lat' dir='ltr'>voce</span> <span class='ocrx_word' id='word_1_216' title='bbox 817 2048 1054 2092; x_wconf 77' lang='lat' dir='ltr'>ambiguitas,</span> <span class='ocrx_word' id='word_1_217' title='bbox 1088 2047 1127 2079; x_wconf 89' lang='lat' dir='ltr'>fit</span> 
     </span>
     <span class='ocr_line' id='line_1_37' title="bbox 121 2101 901 2142; baseline -0.003 -7"><span class='ocrx_word' id='word_1_218' title='bbox 121 2109 240 2137; x_wconf 87' lang='lat' dir='ltr'>autem</span> <span class='ocrx_word' id='word_1_219' title='bbox 261 2102 295 2135; x_wconf 94' lang='lat' dir='ltr'>id</span> <span class='ocrx_word' id='word_1_220' title='bbox 316 2101 480 2135; x_wconf 82' lang='lat' dir='ltr'>finitione</span> <span class='ocrx_word' id='word_1_221' title='bbox 497 2101 675 2142; x_wconf 87' lang='lat' dir='ltr'>nominis,</span> <span class='ocrx_word' id='word_1_222' title='bbox 704 2107 743 2135; x_wconf 88' lang='lat' dir='ltr'>ut</span> <span class='ocrx_word' id='word_1_223' title='bbox 759 2106 901 2134; x_wconf 75' lang='lat' dir='ltr'>vocant.</span> 
     </span>
    </p>
   </div>
   <div class='ocr_carea' id='block_1_12' title="bbox 330 2187 906 2221">
    <p class='ocr_par' dir='ltr' id='par_1_12' title="bbox 330 2187 906 2221">
     <span class='ocr_line' id='line_1_38' title="bbox 330 2187 906 2221; baseline -0.002 0"><span class='ocrx_word' id='word_1_224' title='bbox 330 2187 393 2221; x_wconf 89' lang='lat' dir='ltr'>De</span> <span class='ocrx_word' id='word_1_225' title='bbox 429 2187 659 2221; x_wconf 87' lang='lat' dir='ltr'>finitione</span> <span class='ocrx_word' id='word_1_226' title='bbox 695 2187 906 2221; x_wconf 87' lang='lat' dir='ltr'>nominis.</span> 
     </span>
    </p>
   </div>
   <div class='ocr_carea' id='block_1_13' title="bbox 119 2255 1128 2719">
    <p class='ocr_par' dir='ltr' id='par_1_13' title="bbox 119 2255 1128 2719">
     <span class='ocr_line' id='line_1_39' title="bbox 224 2255 1126 2302; baseline -0.004 -11"><span class='ocrx_word' id='word_1_227' title='bbox 224 2257 360 2291; x_wconf 82' lang='lat' dir='ltr'>Finitio</span> <span class='ocrx_word' id='word_1_228' title='bbox 394 2257 554 2291; x_wconf 90' lang='lat' dir='ltr'>nominis</span> <span class='ocrx_word' id='word_1_229' title='bbox 583 2263 636 2290; x_wconf 87' lang='lat' dir='ltr'>est</span> <span class='ocrx_word' id='word_1_230' title='bbox 668 2257 842 2302; x_wconf 85' lang='lat' dir='ltr'>expositio</span> <span class='ocrx_word' id='word_1_231' title='bbox 877 2255 1126 2301; x_wconf 84' lang='lat' dir='ltr'>grammatica,</span> 
     </span>
     <span class='ocr_line' id='line_1_40' title="bbox 119 2308 1127 2355; baseline -0.004 -11"><span class='ocrx_word' id='word_1_232' title='bbox 119 2322 182 2344; x_wconf 87' lang='lat' dir='ltr'>seu</span> <span class='ocrx_word' id='word_1_233' title='bbox 209 2309 427 2355; x_wconf 78' lang='lat' dir='ltr'>etymologia</span> <span class='ocrx_word' id='word_1_234' title='bbox 453 2310 631 2355; x_wconf 82' lang='lat' dir='ltr'>quaedam</span> <span class='ocrx_word' id='word_1_235' title='bbox 650 2309 837 2350; x_wconf 62' lang='lat' dir='ltr'>vocabuli,</span> <span class='ocrx_word' id='word_1_236' title='bbox 865 2315 904 2343; x_wconf 89' lang='lat' dir='ltr'>ut</span> <span class='ocrx_word' id='word_1_237' title='bbox 922 2308 1057 2342; x_wconf 65' lang='lat' dir='ltr'>Civitas</span> <span class='ocrx_word' id='word_1_238' title='bbox 1077 2313 1127 2341; x_wconf 86' lang='lat' dir='ltr'>est</span> 
     </span>
     <span class='ocr_line' id='line_1_41' title="bbox 120 2359 1127 2406; baseline -0.004 -10"><span class='ocrx_word' id='word_1_239' title='bbox 120 2362 255 2396; x_wconf 89' lang='lat' dir='ltr'>civium</span> <span class='ocrx_word' id='word_1_240' title='bbox 279 2361 480 2396; x_wconf 90' lang='lat' dir='ltr'>consensio.</span> <span class='ocrx_word' id='word_1_241' title='bbox 540 2359 778 2406; x_wconf 85' lang='lat' dir='ltr'>Philosophia</span> <span class='ocrx_word' id='word_1_242' title='bbox 811 2368 862 2395; x_wconf 86' lang='lat' dir='ltr'>est</span> <span class='ocrx_word' id='word_1_243' title='bbox 886 2361 1045 2395; x_wconf 87' lang='lat' dir='ltr'>studium</span> <span class='ocrx_word' id='word_1_244' title='bbox 1073 2371 1127 2393; x_wconf 88' lang='lat' dir='ltr'>sa—</span> 
     </span>
     <span class='ocr_line' id='line_1_42' title="bbox 120 2412 1126 2459; baseline -0.002 -12"><span class='ocrx_word' id='word_1_245' title='bbox 120 2414 299 2459; x_wconf 87' lang='lat' dir='ltr'>pientiae,</span> <span class='ocrx_word' id='word_1_246' title='bbox 326 2412 470 2447; x_wconf 88' lang='lat' dir='ltr'>Indoles</span> <span class='ocrx_word' id='word_1_247' title='bbox 491 2420 542 2447; x_wconf 89' lang='lat' dir='ltr'>est</span> <span class='ocrx_word' id='word_1_248' title='bbox 560 2413 716 2458; x_wconf 83' lang='lat' dir='ltr'>ingenita</span> <span class='ocrx_word' id='word_1_249' title='bbox 739 2419 890 2447; x_wconf 89' lang='lat' dir='ltr'>naturae</span> <span class='ocrx_word' id='word_1_250' title='bbox 912 2412 1126 2458; x_wconf 87' lang='lat' dir='ltr'>proprietas.</span> 
     </span>
     <span class='ocr_line' id='line_1_43' title="bbox 120 2463 1128 2510; baseline -0.003 -10"><span class='ocrx_word' id='word_1_251' title='bbox 120 2466 306 2500; x_wconf 89' lang='lat' dir='ltr'>Utendum</span> <span class='ocrx_word' id='word_1_252' title='bbox 339 2472 391 2500; x_wconf 77' lang='lat' dir='ltr'>est</span> <span class='ocrx_word' id='word_1_253' title='bbox 421 2464 490 2499; x_wconf 91' lang='lat' dir='ltr'>hoc</span> <span class='ocrx_word' id='word_1_254' title='bbox 524 2466 673 2499; x_wconf 83' lang='lat' dir='ltr'>finiendi</span> <span class='ocrx_word' id='word_1_255' title='bbox 707 2478 855 2510; x_wconf 87' lang='lat' dir='ltr'>genere,</span> <span class='ocrx_word' id='word_1_256' title='bbox 892 2465 1067 2502; x_wconf 75' lang='lat' dir='ltr'>maxime,</span> <span class='ocrx_word' id='word_1_257' title='bbox 1099 2463 1128 2498; x_wconf 87' lang='lat' dir='ltr'>si</span> 
     </span>
     <span class='ocr_line' id='line_1_44' title="bbox 121 2518 1127 2564; baseline -0.004 -12"><span class='ocrx_word' id='word_1_258' title='bbox 121 2530 215 2564; x_wconf 88' lang='lat' dir='ltr'>quae</span> <span class='ocrx_word' id='word_1_259' title='bbox 236 2518 402 2552; x_wconf 91' lang='lat' dir='ltr'>incidunt</span> <span class='ocrx_word' id='word_1_260' title='bbox 420 2518 456 2551; x_wconf 88' lang='grc'>111</span> <span class='ocrx_word' id='word_1_261' title='bbox 475 2518 757 2563; x_wconf 84' lang='lat' dir='ltr'>disputationem</span> <span class='ocrx_word' id='word_1_262' title='bbox 775 2530 897 2558; x_wconf 82' lang='lat' dir='ltr'>voces,</span> <span class='ocrx_word' id='word_1_263' title='bbox 925 2524 964 2551; x_wconf 91' lang='lat' dir='ltr'>ut</span> <span class='ocrx_word' id='word_1_264' title='bbox 982 2522 1127 2556; x_wconf 70' lang='lat' dir='ltr'>vocant,</span> 
     </span>
     <span class='ocr_line' id='line_1_45' title="bbox 121 2569 1127 2616; baseline -0.002 -14"><span class='ocrx_word' id='word_1_265' title='bbox 121 2570 353 2615; x_wconf 87' lang='lat' dir='ltr'>aequivocae,</span> <span class='ocrx_word' id='word_1_266' title='bbox 378 2583 470 2616; x_wconf 85' lang='lat' dir='ltr'>quae</span> <span class='ocrx_word' id='word_1_267' title='bbox 489 2583 543 2604; x_wconf 87' lang='lat' dir='ltr'>res</span> <span class='ocrx_word' id='word_1_268' title='bbox 564 2571 722 2604; x_wconf 79' lang='lat' dir='ltr'>diversas</span> <span class='ocrx_word' id='word_1_269' title='bbox 740 2570 954 2614; x_wconf 85' lang='lat' dir='ltr'>significant,</span> <span class='ocrx_word' id='word_1_270' title='bbox 982 2575 1022 2603; x_wconf 91' lang='lat' dir='ltr'>ut</span> <span class='ocrx_word' id='word_1_271' title='bbox 1040 2569 1068 2602; x_wconf 88' lang='lat' dir='ltr'>si</span> <span class='ocrx_word' id='word_1_272' title='bbox 1084 2569 1127 2601; x_wconf 89' lang='lat' dir='ltr'>de</span> 
     </span>
     <span class='ocr_line' id='line_1_46' title="bbox 120 2621 1128 2667; baseline 0 -13"><span class='ocrx_word' id='word_1_273' title='bbox 120 2621 263 2667; x_wconf 92' lang='lat' dir='ltr'>Polypo</span> <span class='ocrx_word' id='word_1_274' title='bbox 291 2621 466 2663; x_wconf 87' lang='lat' dir='ltr'>disseras,</span> <span class='ocrx_word' id='word_1_275' title='bbox 502 2623 697 2662; x_wconf 89' lang='lat' dir='ltr'>constitue,</span> <span class='ocrx_word' id='word_1_276' title='bbox 726 2623 916 2662; x_wconf 83' lang='lat' dir='ltr'>morbum,</span> <span class='ocrx_word' id='word_1_277' title='bbox 945 2634 991 2654; x_wconf 87' lang='lat' dir='ltr'>an</span> <span class='ocrx_word' id='word_1_278' title='bbox 1016 2633 1128 2666; x_wconf 85' lang='lat' dir='ltr'>genus</span> 
     </span>
     <span class='ocr_line' id='line_1_47' title="bbox 121 2673 1128 2719; baseline -0.001 -13"><span class='ocrx_word' id='word_1_279' title='bbox 121 2673 227 2719; x_wconf 89' lang='lat' dir='ltr'>piscis</span> <span class='ocrx_word' id='word_1_280' title='bbox 252 2674 445 2718; x_wconf 81' lang='lat' dir='ltr'>significari</span> <span class='ocrx_word' id='word_1_281' title='bbox 473 2675 572 2708; x_wconf 82' lang='lat' dir='ltr'>velis.</span> <span class='ocrx_word' id='word_1_282' title='bbox 639 2674 731 2708; x_wconf 82' lang='lat' dir='ltr'>Nam</span> <span class='ocrx_word' id='word_1_283' title='bbox 761 2674 975 2715; x_wconf 88' lang='lat' dir='ltr'>Dialectica,</span> <span class='ocrx_word' id='word_1_284' title='bbox 1010 2680 1050 2706; x_wconf 90' lang='lat' dir='ltr'>ut</span> <span class='ocrx_word' id='word_1_285' title='bbox 1077 2679 1128 2706; x_wconf 82' lang='lat' dir='ltr'>est</span> 
     </span>
    </p>
   </div>
   <div class='ocr_carea' id='block_1_14' title="bbox 157 2775 686 2807">
    <p class='ocr_par' dir='ltr' id='par_1_14' title="bbox 157 2775 686 2807">
     <span class='ocr_line' id='line_1_48' title="bbox 157 2775 686 2807; baseline -0.004 -7"><span class='ocrx_word' id='word_1_286' title='bbox 157 2776 188 2804; x_wconf 76' lang='lat' dir='ltr'>a)</span> <span class='ocrx_word' id='word_1_287' title='bbox 209 2777 251 2806; x_wconf 77' lang='lat' dir='ltr'>et]</span> <span class='ocrx_word' id='word_1_288' title='bbox 270 2776 310 2800; x_wconf 73' lang='lat' dir='ltr'>sic</span> <span class='ocrx_word' id='word_1_289' title='bbox 329 2776 378 2799; x_wconf 82' lang='lat' dir='ltr'>Ed.</span> <span class='ocrx_word' id='word_1_290' title='bbox 393 2775 435 2807; x_wconf 69' lang='lat'>25</span> <span class='ocrx_word' id='word_1_291' title='bbox 465 2775 549 2801; x_wconf 69' lang='lat' dir='ltr'>editt.</span> <span class='ocrx_word' id='word_1_292' title='bbox 569 2776 591 2802; x_wconf 89' lang='grc'>1.</span> <span class='ocrx_word' id='word_1_293' title='bbox 607 2775 631 2800; x_wconf 81' lang='grc'>3.</span> <span class='ocrx_word' id='word_1_294' title='bbox 653 2775 686 2799; x_wconf 75' lang='lat' dir='ltr'>de</span> 
     </span>
    </p>
   </div>
   <div class='ocr_carea' id='block_1_15' title="bbox 1149 795 1154 1634">
    <p class='ocr_par' dir='ltr' id='par_1_15' title="bbox 1149 795 1154 1634">
     <span class='ocr_line' id='line_1_49' title="bbox 1149 795 1154 1634; baseline 0 0"><span class='ocrx_word' id='word_1_295' title='bbox 1149 795 1154 1634; x_wconf 95' lang='lat' dir='ltr'> </span> 
     </span>
    </p>
   </div>
   <div class='ocr_carea' id='block_1_16' title="bbox 1153 1973 1156 2550">
    <p class='ocr_par' dir='ltr' id='par_1_16' title="bbox 1153 1973 1156 2550">
     <span class='ocr_line' id='line_1_50' title="bbox 1153 1973 1156 2550; baseline 0 0"><span class='ocrx_word' id='word_1_296' title='bbox 1153 1973 1156 2550; x_wconf 95' lang='lat' dir='ltr'> </span> 
     </span>
    </p>
   </div>
   <div class='ocr_carea' id='block_1_17' title="bbox 1154 2111 1797 2158">
    <p class='ocr_par' dir='ltr' id='par_1_17' title="bbox 1154 2111 1797 2158">
     <span class='ocr_line' id='line_1_51' title="bbox 1154 2111 1797 2158; baseline -0.006 -9"><span class='ocrx_word' id='word_1_297' title='bbox 1154 2154 1155 2158; x_wconf 15' lang='grc' dir='ltr'><strong>Ἰ</strong></span> <span class='ocrx_word' id='word_1_298' title='bbox 1181 2115 1262 2155; x_wconf 86' lang='grc'>11115,</span> <span class='ocrx_word' id='word_1_299' title='bbox 1277 2114 1396 2155; x_wconf 89' lang='lat' dir='ltr'>Plato,</span> <span class='ocrx_word' id='word_1_300' title='bbox 1424 2112 1481 2148; x_wconf 88' lang='lat' dir='ltr'>hic</span> <span class='ocrx_word' id='word_1_301' title='bbox 1497 2112 1621 2154; x_wconf 86' lang='grc'>1101110,</span> <span class='ocrx_word' id='word_1_302' title='bbox 1649 2111 1706 2146; x_wconf 83' lang='grc'>1116</span> <span class='ocrx_word' id='word_1_303' title='bbox 1721 2113 1797 2146; x_wconf 91' lang='lat' dir='ltr'>bos.</span> 
     </span>
    </p>
   </div>
   <div class='ocr_carea' id='block_1_18' title="bbox 1154 120 2186 160">
    <p class='ocr_par' dir='ltr' id='par_1_18' title="bbox 1154 120 2186 160">
     <span class='ocr_line' id='line_1_52' title="bbox 1154 120 2186 160; baseline 0.003 -4"><span class='ocrx_word' id='word_1_304' title='bbox 1154 120 1471 157; x_wconf 89' lang='lat' dir='ltr'>DIALECTICES</span> <span class='ocrx_word' id='word_1_305' title='bbox 1505 121 1669 158; x_wconf 85' lang='lat' dir='ltr'>RATIO.</span> <span class='ocrx_word' id='word_1_306' title='bbox 2110 124 2186 160; x_wconf 82' lang='lat'>714</span> 
     </span>
    </p>
   </div>
   <div class='ocr_carea' id='block_1_19' title="bbox 1175 209 2184 304">
    <p class='ocr_par' dir='ltr' id='par_1_19' title="bbox 1175 209 2184 304">
     <span class='ocr_line' id='line_1_53' title="bbox 1175 209 2184 255; baseline 0.002 -13"><span class='ocrx_word' id='word_1_307' title='bbox 1175 209 1346 254; x_wconf 86' lang='lat' dir='ltr'>magistra</span> <span class='ocrx_word' id='word_1_308' title='bbox 1367 210 1455 243; x_wconf 89' lang='lat' dir='ltr'>certi</span> <span class='ocrx_word' id='word_1_309' title='bbox 1474 209 1548 255; x_wconf 75' lang='lat' dir='ltr'>et⁴)</span> <span class='ocrx_word' id='word_1_310' title='bbox 1570 209 1711 254; x_wconf 90' lang='lat' dir='ltr'>proprii</span> <span class='ocrx_word' id='word_1_311' title='bbox 1728 209 1925 251; x_wconf 82' lang='lat' dir='ltr'>sermonis,</span> <span class='ocrx_word' id='word_1_312' title='bbox 1954 210 2004 243; x_wconf 88' lang='lat' dir='ltr'>ita</span> <span class='ocrx_word' id='word_1_313' title='bbox 2021 210 2184 244; x_wconf 90' lang='lat' dir='ltr'>omnium</span> 
     </span>
     <span class='ocr_line' id='line_1_54' title="bbox 1176 261 1846 304; baseline 0.001 -10"><span class='ocrx_word' id='word_1_314' title='bbox 1176 261 1326 295; x_wconf 91' lang='lat' dir='ltr'>minime</span> <span class='ocrx_word' id='word_1_315' title='bbox 1346 274 1451 296; x_wconf 82' lang='lat' dir='ltr'>voces</span> <span class='ocrx_word' id='word_1_316' title='bbox 1469 261 1658 304; x_wconf 83' lang='lat' dir='ltr'>ambiguas</span> <span class='ocrx_word' id='word_1_317' title='bbox 1676 261 1846 296; x_wconf 85' lang='lat' dir='ltr'>admittit.</span> 
     </span>
    </p>
   </div>
   <div class='ocr_carea' id='block_1_20' title="bbox 1585 346 1773 392">
    <p class='ocr_par' dir='ltr' id='par_1_20' title="bbox 1585 346 1773 392">
     <span class='ocr_line' id='line_1_55' title="bbox 1585 346 1773 392; baseline 0.005 -13"><span class='ocrx_word' id='word_1_318' title='bbox 1585 346 1773 392; x_wconf 81' lang='lat' dir='ltr'>Regula.</span> 
     </span>
    </p>
   </div>
   <div class='ocr_carea' id='block_1_21' title="bbox 1175 415 2186 514">
    <p class='ocr_par' dir='ltr' id='par_1_21' title="bbox 1175 415 2186 514">
     <span class='ocr_line' id='line_1_56' title="bbox 1281 415 2186 461; baseline 0.003 -14"><span class='ocrx_word' id='word_1_319' title='bbox 1281 415 1396 450; x_wconf 78' lang='lat' dir='ltr'>Voces</span> <span class='ocrx_word' id='word_1_320' title='bbox 1431 416 1618 460; x_wconf 82' lang='lat' dir='ltr'>ambiguas</span> <span class='ocrx_word' id='word_1_321' title='bbox 1655 416 1840 449; x_wconf 86' lang='lat' dir='ltr'>dialectica</span> <span class='ocrx_word' id='word_1_322' title='bbox 1878 416 2082 461; x_wconf 87' lang='lat' dir='ltr'>proprietas</span> <span class='ocrx_word' id='word_1_323' title='bbox 2110 429 2186 450; x_wconf 91' lang='lat' dir='ltr'>non</span> 
     </span>
     <span class='ocr_line' id='line_1_57' title="bbox 1175 468 1316 514; baseline 0 -11"><span class='ocrx_word' id='word_1_324' title='bbox 1175 468 1316 514; x_wconf 86' lang='lat' dir='ltr'>recipit.</span> 
     </span>
    </p>
   </div>
   <div class='ocr_carea' id='block_1_22' title="bbox 1471 535 1890 570">
    <p class='ocr_par' dir='ltr' id='par_1_22' title="bbox 1471 535 1890 570">
     <span class='ocr_line' id='line_1_58' title="bbox 1471 535 1890 570; baseline 0.002 -1"><span class='ocrx_word' id='word_1_325' title='bbox 1471 535 1533 569; x_wconf 91' lang='lat' dir='ltr'>De</span> <span class='ocrx_word' id='word_1_326' title='bbox 1561 536 1783 570; x_wconf 87' lang='lat' dir='ltr'>finitione</span> <span class='ocrx_word' id='word_1_327' title='bbox 1812 536 1890 570; x_wconf 89' lang='lat' dir='ltr'>rei.</span> 
     </span>
    </p>
   </div>
   <div class='ocr_carea' id='block_1_23' title="bbox 1176 605 2190 1327">
    <p class='ocr_par' dir='ltr' id='par_1_23' title="bbox 1176 605 2190 1327">
     <span class='ocr_line' id='line_1_59' title="bbox 1279 605 2186 652; baseline 0 -13"><span class='ocrx_word' id='word_1_328' title='bbox 1279 606 1501 652; x_wconf 86' lang='lat' dir='ltr'>Postquam,</span> <span class='ocrx_word' id='word_1_329' title='bbox 1531 605 1617 651; x_wconf 88' lang='lat' dir='ltr'>quid</span> <span class='ocrx_word' id='word_1_330' title='bbox 1642 618 1777 639; x_wconf 90' lang='lat' dir='ltr'>nomen</span> <span class='ocrx_word' id='word_1_331' title='bbox 1802 605 1994 650; x_wconf 90' lang='lat' dir='ltr'>significet,</span> <span class='ocrx_word' id='word_1_332' title='bbox 2024 617 2186 651; x_wconf 89' lang='lat' dir='ltr'>compre-</span> 
     </span>
     <span class='ocr_line' id='line_1_60' title="bbox 1176 656 2187 703; baseline 0 -12"><span class='ocrx_word' id='word_1_333' title='bbox 1176 656 1343 691; x_wconf 92' lang='lat' dir='ltr'>henderit</span> <span class='ocrx_word' id='word_1_334' title='bbox 1375 658 1537 697; x_wconf 87' lang='lat' dir='ltr'>animus,</span> <span class='ocrx_word' id='word_1_335' title='bbox 1574 670 1716 697; x_wconf 89' lang='lat' dir='ltr'>nonne,</span> <span class='ocrx_word' id='word_1_336' title='bbox 1755 670 1847 703; x_wconf 87' lang='lat' dir='ltr'>quae</span> <span class='ocrx_word' id='word_1_337' title='bbox 1881 658 2099 701; x_wconf 86' lang='lat' dir='ltr'>significatae</span> <span class='ocrx_word' id='word_1_338' title='bbox 2134 658 2187 691; x_wconf 92' lang='lat' dir='ltr'>rei</span> 
     </span>
     <span class='ocr_line' id='line_1_61' title="bbox 1176 709 2186 756; baseline 0 -13"><span class='ocrx_word' id='word_1_339' title='bbox 1176 717 1326 750; x_wconf 84' lang='lat' dir='ltr'>natura,</span> <span class='ocrx_word' id='word_1_340' title='bbox 1362 722 1453 755; x_wconf 87' lang='lat' dir='ltr'>quae</span> <span class='ocrx_word' id='word_1_341' title='bbox 1480 710 1640 742; x_wconf 87' lang='lat' dir='ltr'>conditio</span> <span class='ocrx_word' id='word_1_342' title='bbox 1667 709 1729 749; x_wconf 92' lang='lat' dir='ltr'>sit,</span> <span class='ocrx_word' id='word_1_343' title='bbox 1768 710 1923 755; x_wconf 79' lang='lat' dir='ltr'>exquirit</span> <span class='ocrx_word' id='word_1_344' title='bbox 1940 709 1998 756; x_wconf 74' lang='lat'>⁵)?</span> <span class='ocrx_word' id='word_1_345' title='bbox 2041 716 2079 743; x_wconf 92' lang='lat' dir='ltr'>ut</span> <span class='ocrx_word' id='word_1_346' title='bbox 2105 722 2186 743; x_wconf 88' lang='lat' dir='ltr'>cum</span> 
     </span>
     <span class='ocr_line' id='line_1_62' title="bbox 1178 761 2186 808; baseline -0.001 -13"><span class='ocrx_word' id='word_1_347' title='bbox 1178 762 1388 802; x_wconf 83' lang='lat' dir='ltr'>didicimus,</span> <span class='ocrx_word' id='word_1_348' title='bbox 1418 762 1505 808; x_wconf 90' lang='lat' dir='ltr'>quid</span> <span class='ocrx_word' id='word_1_349' title='bbox 1529 773 1615 795; x_wconf 79' lang='lat' dir='ltr'>voce</span> <span class='ocrx_word' id='word_1_350' title='bbox 1635 762 1777 794; x_wconf 81' lang='lat' dir='ltr'>animae</span> <span class='ocrx_word' id='word_1_351' title='bbox 1796 761 2036 806; x_wconf 85' lang='lat' dir='ltr'>significetur,</span> <span class='ocrx_word' id='word_1_352' title='bbox 2063 773 2186 795; x_wconf 90' lang='lat' dir='ltr'>nonne</span> 
     </span>
     <span class='ocr_line' id='line_1_63' title="bbox 1178 813 2189 859; baseline -0.002 -11"><span class='ocrx_word' id='word_1_353' title='bbox 1178 815 1348 859; x_wconf 85' lang='lat' dir='ltr'>gestimus</span> <span class='ocrx_word' id='word_1_354' title='bbox 1371 821 1540 848; x_wconf 84' lang='lat' dir='ltr'>naturam</span> <span class='ocrx_word' id='word_1_355' title='bbox 1569 826 1608 847; x_wconf 87' lang='lat' dir='ltr'>ac</span> <span class='ocrx_word' id='word_1_356' title='bbox 1626 814 1872 847; x_wconf 88' lang='lat' dir='ltr'>conditionem</span> <span class='ocrx_word' id='word_1_357' title='bbox 1892 813 2092 847; x_wconf 84' lang='lat' dir='ltr'>absolutam</span> <span class='ocrx_word' id='word_1_358' title='bbox 2112 813 2189 846; x_wconf 80' lang='lat' dir='ltr'>ani-</span> 
     </span>
     <span class='ocr_line' id='line_1_64' title="bbox 1177 865 2188 912; baseline -0.003 -12"><span class='ocrx_word' id='word_1_359' title='bbox 1177 879 1259 900; x_wconf 89' lang='lat' dir='ltr'>mae</span> <span class='ocrx_word' id='word_1_360' title='bbox 1282 865 1452 900; x_wconf 75' lang='lat' dir='ltr'>cernere?</span> <span class='ocrx_word' id='word_1_361' title='bbox 1482 866 1632 911; x_wconf 88' lang='lat' dir='ltr'>perinde</span> <span class='ocrx_word' id='word_1_362' title='bbox 1658 872 1764 912; x_wconf 83' lang='lat' dir='ltr'>atque</span> <span class='ocrx_word' id='word_1_363' title='bbox 1789 878 1869 899; x_wconf 89' lang='lat' dir='ltr'>cum</span> <span class='ocrx_word' id='word_1_364' title='bbox 1891 866 2011 899; x_wconf 75' lang='lat' dir='ltr'>verbis</span> <span class='ocrx_word' id='word_1_365' title='bbox 2034 865 2188 899; x_wconf 90' lang='lat' dir='ltr'>describi</span> 
     </span>
     <span class='ocr_line' id='line_1_65' title="bbox 1178 918 2187 964; baseline -0.003 -12"><span class='ocrx_word' id='word_1_366' title='bbox 1178 919 1387 964; x_wconf 62' lang='lat' dir='ltr'>peregrinas</span> <span class='ocrx_word' id='word_1_367' title='bbox 1411 918 1569 963; x_wconf 84' lang='lat' dir='ltr'>picturas</span> <span class='ocrx_word' id='word_1_368' title='bbox 1596 925 1657 951; x_wconf 90' lang='lat' dir='ltr'>aut</span> <span class='ocrx_word' id='word_1_369' title='bbox 1681 919 1818 951; x_wconf 85' lang='lat' dir='ltr'>formas</span> <span class='ocrx_word' id='word_1_370' title='bbox 1844 918 2030 957; x_wconf 83' lang='lat' dir='ltr'>audimus,</span> <span class='ocrx_word' id='word_1_371' title='bbox 2065 929 2187 950; x_wconf 92' lang='lat' dir='ltr'>nonne</span> 
     </span>
     <span class='ocr_line' id='line_1_66' title="bbox 1178 970 2188 1015; baseline -0.002 -11"><span class='ocrx_word' id='word_1_372' title='bbox 1178 972 1349 1015; x_wconf 85' lang='lat' dir='ltr'>gestimus</span> <span class='ocrx_word' id='word_1_373' title='bbox 1378 971 1449 1003; x_wconf 89' lang='lat' dir='ltr'>iam</span> <span class='ocrx_word' id='word_1_374' title='bbox 1480 971 1524 1003; x_wconf 89' lang='lat' dir='ltr'>ob</span> <span class='ocrx_word' id='word_1_375' title='bbox 1553 970 1676 1004; x_wconf 92' lang='lat' dir='ltr'>oculos</span> <span class='ocrx_word' id='word_1_376' title='bbox 1708 970 1845 1014; x_wconf 87' lang='lat' dir='ltr'>positas</span> <span class='ocrx_word' id='word_1_377' title='bbox 1873 982 1993 1003; x_wconf 86' lang='lat' dir='ltr'>coram</span> <span class='ocrx_word' id='word_1_378' title='bbox 2029 976 2188 1002; x_wconf 89' lang='lat' dir='ltr'>contem·</span> 
     </span>
     <span class='ocr_line' id='line_1_67' title="bbox 1178 1021 2189 1068; baseline -0.003 -12"><span class='ocrx_word' id='word_1_379' title='bbox 1178 1022 1296 1068; x_wconf 75' lang='lat' dir='ltr'>plari?</span> <span class='ocrx_word' id='word_1_380' title='bbox 1334 1023 1497 1067; x_wconf 75' lang='lat' dir='ltr'>proxime</span> <span class='ocrx_word' id='word_1_381' title='bbox 1530 1023 1821 1067; x_wconf 85' lang='lat' dir='ltr'>contemplamur</span> <span class='ocrx_word' id='word_1_382' title='bbox 1854 1034 1928 1061; x_wconf 87' lang='lat' dir='ltr'>res,</span> <span class='ocrx_word' id='word_1_383' title='bbox 1965 1021 2189 1061; x_wconf 86' lang='lat' dir='ltr'>definitione,</span> 
     </span>
     <span class='ocr_line' id='line_1_68' title="bbox 1179 1073 2187 1121; baseline -0.004 -12"><span class='ocrx_word' id='word_1_384' title='bbox 1179 1088 1286 1121; x_wconf 80' lang='lat' dir='ltr'>quam</span> <span class='ocrx_word' id='word_1_385' title='bbox 1314 1081 1464 1114; x_wconf 73' lang='lat' dir='ltr'>vocant,</span> <span class='ocrx_word' id='word_1_386' title='bbox 1498 1074 1561 1107; x_wconf 87' lang='lat' dir='ltr'>rei.</span> <span class='ocrx_word' id='word_1_387' title='bbox 1615 1073 1681 1108; x_wconf 87' lang='lat' dir='ltr'>Est</span> <span class='ocrx_word' id='word_1_388' title='bbox 1707 1086 1791 1117; x_wconf 86' lang='lat' dir='ltr'>ergo</span> <span class='ocrx_word' id='word_1_389' title='bbox 1818 1074 1934 1107; x_wconf 84' lang='lat' dir='ltr'>finitio</span> <span class='ocrx_word' id='word_1_390' title='bbox 1961 1074 2032 1114; x_wconf 87' lang='lat' dir='ltr'>rei,</span> <span class='ocrx_word' id='word_1_391' title='bbox 2069 1073 2187 1106; x_wconf 88' lang='lat' dir='ltr'>oratio</span> 
     </span>
     <span class='ocr_line' id='line_1_69' title="bbox 1179 1123 2188 1172; baseline -0.003 -12"><span class='ocrx_word' id='word_1_392' title='bbox 1179 1127 1359 1172; x_wconf 77' lang='lat' dir='ltr'>explicans</span> <span class='ocrx_word' id='word_1_393' title='bbox 1387 1133 1554 1159; x_wconf 80' lang='lat' dir='ltr'>naturam</span> <span class='ocrx_word' id='word_1_394' title='bbox 1581 1139 1643 1159; x_wconf 90' lang='lat' dir='ltr'>seu</span> <span class='ocrx_word' id='word_1_395' title='bbox 1669 1126 1895 1159; x_wconf 87' lang='lat' dir='ltr'>conditiones</span> <span class='ocrx_word' id='word_1_396' title='bbox 1909 1125 2093 1159; x_wconf 84' lang='lat' dir='ltr'>naturales</span> <span class='ocrx_word' id='word_1_397' title='bbox 2111 1123 2188 1158; x_wconf 84' lang='lat' dir='ltr'>the-</span> 
     </span>
     <span class='ocr_line' id='line_1_70' title="bbox 1178 1175 2190 1224; baseline -0.001 -13"><span class='ocrx_word' id='word_1_398' title='bbox 1178 1179 1306 1218; x_wconf 80' lang='lat' dir='ltr'>matis,</span> <span class='ocrx_word' id='word_1_399' title='bbox 1342 1179 1439 1224; x_wconf 85' lang='lat' dir='ltr'>quod</span> <span class='ocrx_word' id='word_1_400' title='bbox 1468 1178 1693 1222; x_wconf 87' lang='lat' dir='ltr'>propositum</span> <span class='ocrx_word' id='word_1_401' title='bbox 1724 1184 1786 1211; x_wconf 92' lang='lat' dir='ltr'>est.</span> <span class='ocrx_word' id='word_1_402' title='bbox 1857 1177 1952 1223; x_wconf 86' lang='lat' dir='ltr'>Quid</span> <span class='ocrx_word' id='word_1_403' title='bbox 1982 1177 2046 1217; x_wconf 88' lang='lat' dir='ltr'>sit,</span> <span class='ocrx_word' id='word_1_404' title='bbox 2082 1175 2190 1210; x_wconf 85' lang='lat' dir='ltr'>huius</span> 
     </span>
     <span class='ocr_line' id='line_1_71' title="bbox 1179 1229 2188 1276; baseline -0.003 -12"><span class='ocrx_word' id='word_1_405' title='bbox 1179 1230 1320 1275; x_wconf 86' lang='lat' dir='ltr'>generis</span> <span class='ocrx_word' id='word_1_406' title='bbox 1344 1230 1550 1263; x_wconf 85' lang='lat' dir='ltr'>finitionum</span> <span class='ocrx_word' id='word_1_407' title='bbox 1567 1229 1598 1276; x_wconf 76' lang='lat'>⁶)</span> <span class='ocrx_word' id='word_1_408' title='bbox 1634 1230 1796 1275; x_wconf 87' lang='lat' dir='ltr'>quaestio</span> <span class='ocrx_word' id='word_1_409' title='bbox 1820 1236 1883 1263; x_wconf 79' lang='lat' dir='ltr'>est.</span> <span class='ocrx_word' id='word_1_410' title='bbox 1937 1229 2032 1262; x_wconf 88' lang='lat' dir='ltr'>Tota</span> <span class='ocrx_word' id='word_1_411' title='bbox 2059 1240 2188 1262; x_wconf 69' lang='lat' dir='ltr'>vocum</span> 
     </span>
     <span class='ocr_line' id='line_1_72' title="bbox 1179 1279 2190 1327; baseline -0.003 -11"><span class='ocrx_word' id='word_1_412' title='bbox 1179 1282 1396 1327; x_wconf 88' lang='lat' dir='ltr'>simplicium</span> <span class='ocrx_word' id='word_1_413' title='bbox 1432 1281 1525 1315; x_wconf 85' lang='lat' dir='ltr'>ratio</span> <span class='ocrx_word' id='word_1_414' title='bbox 1562 1283 1657 1327; x_wconf 85' lang='lat' dir='ltr'>apud</span> <span class='ocrx_word' id='word_1_415' title='bbox 1686 1281 1923 1315; x_wconf 88' lang='lat' dir='ltr'>Dialecticum</span> <span class='ocrx_word' id='word_1_416' title='bbox 1963 1279 2054 1314; x_wconf 91' lang='lat' dir='ltr'>nihil</span> <span class='ocrx_word' id='word_1_417' title='bbox 2091 1280 2190 1314; x_wconf 87' lang='lat' dir='ltr'>aliud</span> 
     </span>
    </p>
   </div>
   <div class='ocr_carea' id='block_1_24' title="bbox 1151 1332 2189 1380">
    <p class='ocr_par' dir='ltr' id='par_1_24' title="bbox 1151 1332 2189 1380">
     <span class='ocr_line' id='line_1_73' title="bbox 1151 1332 2189 1380; baseline -0.003 -12"><span class='ocrx_word' id='word_1_418' title='bbox 1151 1370 1152 1373; x_wconf 11' lang='grc' dir='ltr'><strong>Ἴ</strong></span> <span class='ocrx_word' id='word_1_419' title='bbox 1180 1334 1271 1380; x_wconf 87' lang='lat' dir='ltr'>agit,</span> <span class='ocrx_word' id='word_1_420' title='bbox 1300 1346 1411 1380; x_wconf 89' lang='lat' dir='ltr'>quam</span> <span class='ocrx_word' id='word_1_421' title='bbox 1428 1340 1468 1368; x_wconf 84' lang='lat' dir='ltr'>ut</span> <span class='ocrx_word' id='word_1_422' title='bbox 1486 1333 1589 1367; x_wconf 84' lang='lat' dir='ltr'>finire</span> <span class='ocrx_word' id='word_1_423' title='bbox 1606 1335 1733 1368; x_wconf 85' lang='lat' dir='ltr'>doceat</span> <span class='ocrx_word' id='word_1_424' title='bbox 1753 1346 1793 1367; x_wconf 84' lang='lat' dir='ltr'>ac</span> <span class='ocrx_word' id='word_1_425' title='bbox 1808 1333 1981 1367; x_wconf 84' lang='lat' dir='ltr'>dividere.</span> <span class='ocrx_word' id='word_1_426' title='bbox 2027 1332 2189 1366; x_wconf 87' lang='lat' dir='ltr'>Proinde</span> 
     </span>
    </p>
   </div>
   <div class='ocr_carea' id='block_1_25' title="bbox 1179 1385 2187 1485">
    <p class='ocr_par' dir='ltr' id='par_1_25' title="bbox 1179 1385 2187 1485">
     <span class='ocr_line' id='line_1_74' title="bbox 1179 1385 2187 1432; baseline -0.002 -12"><span class='ocrx_word' id='word_1_427' title='bbox 1179 1386 1387 1422; x_wconf 90' lang='lat' dir='ltr'>discrimina</span> <span class='ocrx_word' id='word_1_428' title='bbox 1421 1386 1638 1432; x_wconf 85' lang='lat' dir='ltr'>ordinesque</span> <span class='ocrx_word' id='word_1_429' title='bbox 1670 1398 1798 1419; x_wconf 75' lang='lat' dir='ltr'>vocum</span> <span class='ocrx_word' id='word_1_430' title='bbox 1825 1385 2112 1431; x_wconf 84' lang='lat' dir='ltr'>praescribemus</span> <span class='ocrx_word' id='word_1_431' title='bbox 2125 1411 2133 1425; x_wconf 88' lang='lat'>‚</span> <span class='ocrx_word' id='word_1_432' title='bbox 2170 1396 2187 1418; x_wconf 89' lang='lat' dir='ltr'>e</span> 
     </span>
     <span class='ocr_line' id='line_1_75' title="bbox 1181 1437 2077 1485; baseline -0.002 -12"><span class='ocrx_word' id='word_1_433' title='bbox 1181 1439 1310 1485; x_wconf 88' lang='lat' dir='ltr'>quibus</span> <span class='ocrx_word' id='word_1_434' title='bbox 1329 1445 1452 1484; x_wconf 86' lang='lat' dir='ltr'>postea</span> <span class='ocrx_word' id='word_1_435' title='bbox 1472 1438 1653 1472; x_wconf 87' lang='lat' dir='ltr'>finitiones</span> <span class='ocrx_word' id='word_1_436' title='bbox 1672 1438 1838 1480; x_wconf 87' lang='lat' dir='ltr'>colligere</span> <span class='ocrx_word' id='word_1_437' title='bbox 1856 1437 2077 1471; x_wconf 87' lang='lat' dir='ltr'>docebimus.</span> 
     </span>
    </p>
   </div>
   <div class='ocr_carea' id='block_1_26' title="bbox 1151 1521 2187 1586">
    <p class='ocr_par' dir='ltr' id='par_1_26' title="bbox 1151 1521 2187 1586">
     <span class='ocr_line' id='line_1_76' title="bbox 1151 1521 2187 1573; baseline -0.005 -15"><span class='ocrx_word' id='word_1_438' title='bbox 1151 1549 1154 1573; x_wconf 66' lang='lat'><strong><em>1</em></strong></span> <span class='ocrx_word' id='word_1_439' title='bbox 1180 1524 1240 1558; x_wconf 88' lang='lat' dir='ltr'>De</span> <span class='ocrx_word' id='word_1_440' title='bbox 1271 1524 1471 1570; x_wconf 86' lang='lat' dir='ltr'>quinque</span> <span class='ocrx_word' id='word_1_441' title='bbox 1501 1537 1658 1557; x_wconf 69' lang='lat' dir='ltr'>vocum</span> <span class='ocrx_word' id='word_1_442' title='bbox 1689 1536 1766 1557; x_wconf 88' lang='lat' dir='ltr'>seu</span> <span class='ocrx_word' id='word_1_443' title='bbox 1792 1521 2187 1568; x_wconf 80' lang='lat' dir='ltr'>praedicabilium</span> 
     </span>
     <span class='ocr_line' id='line_1_77' title="bbox 1151 1575 1154 1586; baseline 0 0"><span class='ocrx_word' id='word_1_444' title='bbox 1151 1575 1154 1586; x_wconf 85' lang='lat'>.</span> 
     </span>
    </p>
   </div>
   <div class='ocr_carea' id='block_1_27' title="bbox 1587 1576 1786 1609">
    <p class='ocr_par' dir='ltr' id='par_1_27' title="bbox 1587 1576 1786 1609">
     <span class='ocr_line' id='line_1_78' title="bbox 1587 1576 1786 1609; baseline 0.005 -1"><span class='ocrx_word' id='word_1_445' title='bbox 1587 1576 1786 1609; x_wconf 88' lang='lat' dir='ltr'>ratione.</span> 
     </span>
    </p>
   </div>
   <div class='ocr_carea' id='block_1_28' title="bbox 1180 1639 2191 2573">
    <p class='ocr_par' dir='ltr' id='par_1_28' title="bbox 1180 1639 2191 2044">
     <span class='ocr_line' id='line_1_79' title="bbox 1285 1639 2189 1688; baseline -0.007 -10"><span class='ocrx_word' id='word_1_446' title='bbox 1285 1644 1324 1678; x_wconf 92' lang='lat' dir='ltr'>In</span> <span class='ocrx_word' id='word_1_447' title='bbox 1355 1644 1506 1678; x_wconf 83' lang='lat' dir='ltr'>artificio</span> <span class='ocrx_word' id='word_1_448' title='bbox 1531 1644 1783 1678; x_wconf 88' lang='lat' dir='ltr'>definitionum</span> <span class='ocrx_word' id='word_1_449' title='bbox 1818 1643 1977 1688; x_wconf 91' lang='lat' dir='ltr'>primum</span> <span class='ocrx_word' id='word_1_450' title='bbox 2004 1639 2189 1675; x_wconf 75' lang='lat' dir='ltr'>observari</span> 
     </span>
     <span class='ocr_line' id='line_1_80' title="bbox 1181 1693 2191 1742; baseline -0.006 -12"><span class='ocrx_word' id='word_1_451' title='bbox 1181 1697 1285 1730; x_wconf 90' lang='lat' dir='ltr'>debet</span> <span class='ocrx_word' id='word_1_452' title='bbox 1308 1696 1622 1742; x_wconf 87' lang='lat' dir='ltr'>(quandoquidem</span> <span class='ocrx_word' id='word_1_453' title='bbox 1650 1708 1755 1729; x_wconf 69' lang='lat' dir='ltr'>voces</span> <span class='ocrx_word' id='word_1_454' title='bbox 1781 1695 1929 1728; x_wconf 73' lang='lat' dir='ltr'>vocibus</span> <span class='ocrx_word' id='word_1_455' title='bbox 1947 1693 2191 1732; x_wconf 87' lang='lat' dir='ltr'>declarantur,</span> 
     </span>
     <span class='ocr_line' id='line_1_81' title="bbox 1181 1745 2190 1791; baseline -0.004 -9"><span class='ocrx_word' id='word_1_456' title='bbox 1181 1755 1215 1782; x_wconf 87' lang='lat' dir='ltr'>et</span> <span class='ocrx_word' id='word_1_457' title='bbox 1241 1755 1370 1782; x_wconf 85' lang='lat' dir='ltr'>natura</span> <span class='ocrx_word' id='word_1_458' title='bbox 1399 1761 1520 1782; x_wconf 91' lang='lat' dir='ltr'>rerum</span> <span class='ocrx_word' id='word_1_459' title='bbox 1551 1748 1735 1782; x_wconf 82' lang='lat' dir='ltr'>vocabulis</span> <span class='ocrx_word' id='word_1_460' title='bbox 1760 1746 1941 1791; x_wconf 84' lang='lat' dir='ltr'>signatur)</span> <span class='ocrx_word' id='word_1_461' title='bbox 1969 1745 2056 1778; x_wconf 85' lang='lat' dir='ltr'>alias</span> <span class='ocrx_word' id='word_1_462' title='bbox 2084 1755 2190 1778; x_wconf 67' lang='lat' dir='ltr'>voces</span> 
     </span>
     <span class='ocr_line' id='line_1_82' title="bbox 1182 1795 2189 1840; baseline -0.006 -5"><span class='ocrx_word' id='word_1_463' title='bbox 1182 1813 1255 1835; x_wconf 90' lang='lat' dir='ltr'>esse</span> <span class='ocrx_word' id='word_1_464' title='bbox 1285 1800 1363 1834; x_wconf 87' lang='lat' dir='ltr'>aliis</span> <span class='ocrx_word' id='word_1_465' title='bbox 1389 1801 1678 1840; x_wconf 80' lang='lat' dir='ltr'>communiores,</span> <span class='ocrx_word' id='word_1_466' title='bbox 1719 1799 1797 1833; x_wconf 89' lang='lat' dir='ltr'>aliis</span> <span class='ocrx_word' id='word_1_467' title='bbox 1822 1798 1969 1832; x_wconf 75' lang='lat' dir='ltr'>vocibus</span> <span class='ocrx_word' id='word_1_468' title='bbox 2001 1809 2079 1830; x_wconf 90' lang='lat' dir='ltr'>cum</span> <span class='ocrx_word' id='word_1_469' title='bbox 2111 1795 2189 1829; x_wconf 85' lang='lat' dir='ltr'>aliis</span> 
     </span>
     <span class='ocr_line' id='line_1_83' title="bbox 1180 1847 2190 1891; baseline -0.007 -5"><span class='ocrx_word' id='word_1_470' title='bbox 1180 1860 1309 1886; x_wconf 89' lang='lat' dir='ltr'>natura</span> <span class='ocrx_word' id='word_1_471' title='bbox 1331 1853 1537 1891; x_wconf 75' lang='lat' dir='ltr'>convenire,</span> <span class='ocrx_word' id='word_1_472' title='bbox 1567 1865 1646 1886; x_wconf 88' lang='lat' dir='ltr'>cum</span> <span class='ocrx_word' id='word_1_473' title='bbox 1668 1852 1746 1885; x_wconf 90' lang='lat' dir='ltr'>aliis</span> <span class='ocrx_word' id='word_1_474' title='bbox 1764 1863 1839 1884; x_wconf 88' lang='lat' dir='ltr'>non</span> <span class='ocrx_word' id='word_1_475' title='bbox 1860 1849 2066 1884; x_wconf 70' lang='lat' dir='ltr'>convenire.</span> <span class='ocrx_word' id='word_1_476' title='bbox 2109 1847 2190 1880; x_wconf 91' lang='lat' dir='ltr'>Pri-</span> 
     </span>
     <span class='ocr_line' id='line_1_84' title="bbox 1181 1900 2191 1950; baseline -0.006 -12"><span class='ocrx_word' id='word_1_477' title='bbox 1181 1919 1280 1939; x_wconf 89' lang='lat' dir='ltr'>mum</span> <span class='ocrx_word' id='word_1_478' title='bbox 1300 1917 1384 1949; x_wconf 86' lang='lat' dir='ltr'>ergo</span> <span class='ocrx_word' id='word_1_479' title='bbox 1401 1907 1495 1950; x_wconf 85' lang='lat' dir='ltr'>apud</span> <span class='ocrx_word' id='word_1_480' title='bbox 1517 1905 1742 1938; x_wconf 85' lang='lat' dir='ltr'>dialecticum</span> <span class='ocrx_word' id='word_1_481' title='bbox 1760 1915 1890 1936; x_wconf 77' lang='lat' dir='ltr'>vocum</span> <span class='ocrx_word' id='word_1_482' title='bbox 1909 1900 2115 1939; x_wconf 79' lang='lat' dir='ltr'>discrimen,</span> <span class='ocrx_word' id='word_1_483' title='bbox 2139 1905 2191 1933; x_wconf 90' lang='lat' dir='ltr'>est</span> 
     </span>
     <span class='ocr_line' id='line_1_85' title="bbox 1180 1951 2188 2002; baseline -0.008 -11"><span class='ocrx_word' id='word_1_484' title='bbox 1180 1958 1218 1991; x_wconf 88' lang='lat' dir='ltr'>in</span> <span class='ocrx_word' id='word_1_485' title='bbox 1246 1956 1497 1997; x_wconf 77' lang='lat' dir='ltr'>Individuum,</span> <span class='ocrx_word' id='word_1_486' title='bbox 1538 1957 1721 2002; x_wconf 81' lang='lat' dir='ltr'>Speciem,</span> <span class='ocrx_word' id='word_1_487' title='bbox 1757 1955 1897 1995; x_wconf 86' lang='lat' dir='ltr'>Genus,</span> <span class='ocrx_word' id='word_1_488' title='bbox 1935 1951 2188 1986; x_wconf 87' lang='lat' dir='ltr'>Differentiam</span> 
     </span>
     <span class='ocr_line' id='line_1_86' title="bbox 1182 2010 1427 2044; baseline -0.004 0"><span class='ocrx_word' id='word_1_489' title='bbox 1182 2017 1215 2044; x_wconf 91' lang='lat' dir='ltr'>et</span> <span class='ocrx_word' id='word_1_490' title='bbox 1239 2010 1427 2043; x_wconf 87' lang='lat' dir='ltr'>Accidens.</span> 
     </span>
    </p>

    <p class='ocr_par' dir='ltr' id='par_1_29' title="bbox 1182 2054 2190 2212">
     <span class='ocr_line' id='line_1_87' title="bbox 1283 2054 2190 2105; baseline -0.01 -10"><span class='ocrx_word' id='word_1_491' title='bbox 1283 2061 1517 2096; x_wconf 71' lang='lat' dir='ltr'>ludividuum</span> <span class='ocrx_word' id='word_1_492' title='bbox 1546 2068 1597 2095; x_wconf 91' lang='lat' dir='ltr'>est</span> <span class='ocrx_word' id='word_1_493' title='bbox 1619 2072 1754 2094; x_wconf 88' lang='lat' dir='ltr'>nomen</span> <span class='ocrx_word' id='word_1_494' title='bbox 1777 2058 1986 2105; x_wconf 89' lang='lat' dir='ltr'>proprium,</span> <span class='ocrx_word' id='word_1_495' title='bbox 2014 2063 2053 2090; x_wconf 90' lang='lat' dir='ltr'>ut</span> <span class='ocrx_word' id='word_1_496' title='bbox 2070 2054 2190 2099; x_wconf 81' lang='lat' dir='ltr'>Virgi-</span> 
     </span>
     <span class='ocr_line' id='line_1_88' title="bbox 1853 2107 2188 2153; baseline -0.021 -8"><span class='ocrx_word' id='word_1_497' title='bbox 1853 2111 1910 2145; x_wconf 89' lang='lat' dir='ltr'>Sic</span> <span class='ocrx_word' id='word_1_498' title='bbox 1926 2110 2020 2144; x_wconf 89' lang='lat' dir='ltr'>enim</span> <span class='ocrx_word' id='word_1_499' title='bbox 2038 2107 2188 2153; x_wconf 88' lang='lat' dir='ltr'>propria</span> 
     </span>
     <span class='ocr_line' id='line_1_89' title="bbox 1182 2166 1515 2212; baseline 0 -12"><span class='ocrx_word' id='word_1_500' title='bbox 1182 2166 1515 2212; x_wconf 90' lang='lat' dir='ltr'>circumloquimur.</span> 
     </span>
    </p>

    <p class='ocr_par' dir='ltr' id='par_1_30' title="bbox 1181 2211 2191 2573">
     <span class='ocr_line' id='line_1_90' title="bbox 1286 2211 2190 2264; baseline -0.011 -12"><span class='ocrx_word' id='word_1_501' title='bbox 1286 2219 1428 2264; x_wconf 85' lang='lat' dir='ltr'>Species</span> <span class='ocrx_word' id='word_1_502' title='bbox 1448 2225 1499 2252; x_wconf 85' lang='lat' dir='ltr'>est</span> <span class='ocrx_word' id='word_1_503' title='bbox 1516 2229 1651 2250; x_wconf 89' lang='lat' dir='ltr'>nomen</span> <span class='ocrx_word' id='word_1_504' title='bbox 1669 2227 1880 2254; x_wconf 87' lang='lat' dir='ltr'>commune,</span> <span class='ocrx_word' id='word_1_505' title='bbox 1909 2212 2116 2258; x_wconf 83' lang='lat' dir='ltr'>proximum</span> <span class='ocrx_word' id='word_1_506' title='bbox 2137 2211 2190 2243; x_wconf 92' lang='lat' dir='ltr'>in-</span> 
     </span>
     <span class='ocr_line' id='line_1_91' title="bbox 1182 2263 2189 2317; baseline -0.01 -12"><span class='ocrx_word' id='word_1_507' title='bbox 1182 2272 1330 2305; x_wconf 73' lang='lat' dir='ltr'>dividuo</span> <span class='ocrx_word' id='word_1_508' title='bbox 1350 2278 1457 2317; x_wconf 87' lang='lat' dir='ltr'>atque</span> <span class='ocrx_word' id='word_1_509' title='bbox 1477 2271 1580 2310; x_wconf 86' lang='lat' dir='ltr'>adeo,</span> <span class='ocrx_word' id='word_1_510' title='bbox 1611 2270 1708 2316; x_wconf 90' lang='lat' dir='ltr'>quod</span> <span class='ocrx_word' id='word_1_511' title='bbox 1724 2269 1760 2301; x_wconf 87' lang='lat' dir='ltr'>in</span> <span class='ocrx_word' id='word_1_512' title='bbox 1776 2267 1981 2301; x_wconf 86' lang='lat' dir='ltr'>definiendo</span> <span class='ocrx_word' id='word_1_513' title='bbox 2000 2263 2189 2298; x_wconf 87' lang='lat' dir='ltr'>individuo</span> 
     </span>
     <span class='ocr_line' id='line_1_92' title="bbox 1181 2316 2190 2369; baseline -0.011 -11"><span class='ocrx_word' id='word_1_514' title='bbox 1181 2324 1339 2369; x_wconf 91' lang='lat' dir='ltr'>primum</span> <span class='ocrx_word' id='word_1_515' title='bbox 1360 2324 1535 2363; x_wconf 88' lang='lat' dir='ltr'>occurrit,</span> <span class='ocrx_word' id='word_1_516' title='bbox 1560 2328 1599 2355; x_wconf 89' lang='lat' dir='ltr'>ut</span> <span class='ocrx_word' id='word_1_517' title='bbox 1619 2321 1753 2361; x_wconf 85' lang='lat' dir='ltr'>Homo,</span> <span class='ocrx_word' id='word_1_518' title='bbox 1780 2319 1865 2353; x_wconf 83' lang='lat' dir='ltr'>Bos.</span> <span class='ocrx_word' id='word_1_519' title='bbox 1918 2318 2011 2352; x_wconf 71' lang='lat' dir='ltr'>Nam</span> <span class='ocrx_word' id='word_1_520' title='bbox 2032 2316 2061 2350; x_wconf 86' lang='lat' dir='ltr'>si</span> <span class='ocrx_word' id='word_1_521' title='bbox 2082 2326 2190 2361; x_wconf 89' lang='lat' dir='ltr'>quae-</span> 
     </span>
     <span class='ocr_line' id='line_1_93' title="bbox 1181 2365 2191 2422; baseline -0.011 -12"><span class='ocrx_word' id='word_1_522' title='bbox 1181 2383 1304 2416; x_wconf 87' lang='lat' dir='ltr'>ratur,</span> <span class='ocrx_word' id='word_1_523' title='bbox 1345 2376 1432 2422; x_wconf 92' lang='lat' dir='ltr'>quid</span> <span class='ocrx_word' id='word_1_524' title='bbox 1460 2374 1633 2419; x_wconf 78' lang='lat' dir='ltr'>Virgilius</span> <span class='ocrx_word' id='word_1_525' title='bbox 1661 2374 1725 2413; x_wconf 88' lang='lat' dir='ltr'>sit,</span> <span class='ocrx_word' id='word_1_526' title='bbox 1768 2371 2029 2416; x_wconf 86' lang='lat' dir='ltr'>respondetur,</span> <span class='ocrx_word' id='word_1_527' title='bbox 2066 2365 2191 2401; x_wconf 91' lang='lat' dir='ltr'>homo.</span> 
     </span>
     <span class='ocr_line' id='line_1_94' title="bbox 1182 2423 2189 2474; baseline -0.012 -12"><span class='ocrx_word' id='word_1_528' title='bbox 1182 2429 1366 2474; x_wconf 85' lang='lat' dir='ltr'>Significat</span> <span class='ocrx_word' id='word_1_529' title='bbox 1391 2434 1509 2462; x_wconf 83' lang='lat' dir='ltr'>autem</span> <span class='ocrx_word' id='word_1_530' title='bbox 1537 2427 1671 2472; x_wconf 89' lang='lat' dir='ltr'>species</span> <span class='ocrx_word' id='word_1_531' title='bbox 1696 2437 1805 2459; x_wconf 86' lang='lat' dir='ltr'>unam</span> <span class='ocrx_word' id='word_1_532' title='bbox 1828 2423 2010 2470; x_wconf 83' lang='lat' dir='ltr'>quandam</span> <span class='ocrx_word' id='word_1_533' title='bbox 2037 2426 2071 2454; x_wconf 87' lang='lat' dir='ltr'>et</span> <span class='ocrx_word' id='word_1_534' title='bbox 2094 2431 2189 2451; x_wconf 92' lang='lat' dir='ltr'>com-</span> 
     </span>
     <span class='ocr_line' id='line_1_95' title="bbox 1182 2469 2189 2524; baseline -0.011 -10"><span class='ocrx_word' id='word_1_535' title='bbox 1182 2494 1327 2515; x_wconf 91' lang='lat' dir='ltr'>munem</span> <span class='ocrx_word' id='word_1_536' title='bbox 1364 2480 1557 2524; x_wconf 80' lang='lat' dir='ltr'>imaginem</span> <span class='ocrx_word' id='word_1_537' title='bbox 1593 2485 1765 2517; x_wconf 88' lang='lat' dir='ltr'>naturae,</span> <span class='ocrx_word' id='word_1_538' title='bbox 1808 2487 1901 2522; x_wconf 88' lang='lat' dir='ltr'>quae</span> <span class='ocrx_word' id='word_1_539' title='bbox 1929 2480 1980 2508; x_wconf 91' lang='lat' dir='ltr'>est</span> <span class='ocrx_word' id='word_1_540' title='bbox 2006 2473 2042 2505; x_wconf 95' lang='lat' dir='ltr'>in</span> <span class='ocrx_word' id='word_1_541' title='bbox 2069 2469 2189 2504; x_wconf 80' lang='lat' dir='ltr'>multis</span> 
     </span>
     <span class='ocr_line' id='line_1_96' title="bbox 1182 2527 2188 2573; baseline -0.012 -8"><span class='ocrx_word' id='word_1_542' title='bbox 1182 2533 1398 2573; x_wconf 86' lang='lat' dir='ltr'>individuis,</span> <span class='ocrx_word' id='word_1_543' title='bbox 1436 2532 1686 2565; x_wconf 77' lang='lat' dir='ltr'>adumbratam</span> <span class='ocrx_word' id='word_1_544' title='bbox 1718 2536 1752 2563; x_wconf 92' lang='lat' dir='ltr'>et</span> <span class='ocrx_word' id='word_1_545' title='bbox 1781 2533 1989 2572; x_wconf 83' lang='lat' dir='ltr'>conceptam</span> <span class='ocrx_word' id='word_1_546' title='bbox 2021 2537 2040 2557; x_wconf 88' lang='lat' dir='ltr'>a</span> <span class='ocrx_word' id='word_1_547' title='bbox 2069 2527 2188 2556; x_wconf 87' lang='lat' dir='ltr'>mente</span> 
     </span>
    </p>
   </div>
   <div class='ocr_carea' id='block_1_29' title="bbox 1217 2649 2189 2803">
    <p class='ocr_par' dir='ltr' id='par_1_31' title="bbox 1218 2649 1744 2685">
     <span class='ocr_line' id='line_1_97' title="bbox 1218 2649 1744 2685; baseline -0.01 -8"><span class='ocrx_word' id='word_1_548' title='bbox 1218 2655 1249 2681; x_wconf 83' lang='lat'>4)</span> <span class='ocrx_word' id='word_1_549' title='bbox 1270 2652 1309 2685; x_wconf 90' lang='lat' dir='ltr'>et]</span> <span class='ocrx_word' id='word_1_550' title='bbox 1335 2653 1373 2676; x_wconf 79' lang='lat' dir='ltr'>sic</span> <span class='ocrx_word' id='word_1_551' title='bbox 1394 2653 1440 2675; x_wconf 81' lang='lat' dir='ltr'>Ed.</span> <span class='ocrx_word' id='word_1_552' title='bbox 1454 2652 1496 2677; x_wconf 83' lang='lat'>2.:</span> <span class='ocrx_word' id='word_1_553' title='bbox 1525 2650 1609 2675; x_wconf 82' lang='lat' dir='ltr'>Editt.</span> <span class='ocrx_word' id='word_1_554' title='bbox 1627 2652 1649 2675; x_wconf 90' lang='lat'>1.</span> <span class='ocrx_word' id='word_1_555' title='bbox 1665 2649 1690 2673; x_wconf 83' lang='lat'>3.</span> <span class='ocrx_word' id='word_1_556' title='bbox 1711 2654 1744 2673; x_wconf 86' lang='lat' dir='ltr'>ac</span> 
     </span>
    </p>

    <p class='ocr_par' dir='ltr' id='par_1_32' title="bbox 1217 2683 2189 2759">
     <span class='ocr_line' id='line_1_98' title="bbox 1217 2683 2189 2726; baseline -0.014 -6"><span class='ocrx_word' id='word_1_557' title='bbox 1217 2698 1247 2725; x_wconf 85' lang='lat'>5]</span> <span class='ocrx_word' id='word_1_558' title='bbox 1268 2698 1368 2720; x_wconf 77' lang='lat' dir='ltr'>Annot.</span> <span class='ocrx_word' id='word_1_559' title='bbox 1396 2700 1501 2726; x_wconf 56' lang='lat' dir='ltr'>marg:</span> <span class='ocrx_word' id='word_1_560' title='bbox 1535 2694 1632 2718; x_wconf 83' lang='lat' dir='ltr'>Omnis</span> <span class='ocrx_word' id='word_1_561' title='bbox 1658 2691 1779 2723; x_wconf 77' lang='lat' dir='ltr'>cognitio</span> <span class='ocrx_word' id='word_1_562' title='bbox 1800 2688 1945 2716; x_wconf 75' lang='lat' dir='ltr'>intuitiva,</span> <span class='ocrx_word' id='word_1_563' title='bbox 1979 2688 2022 2710; x_wconf 82' lang='lat' dir='ltr'>est</span> <span class='ocrx_word' id='word_1_564' title='bbox 2048 2683 2189 2709; x_wconf 82' lang='lat' dir='ltr'>definitiva</span> 
     </span>
     <span class='ocr_line' id='line_1_99' title="bbox 1253 2731 1488 2759; baseline -0.013 -3"><span class='ocrx_word' id='word_1_565' title='bbox 1253 2734 1353 2756; x_wconf 82' lang='lat' dir='ltr'>contra</span> <span class='ocrx_word' id='word_1_566' title='bbox 1375 2731 1488 2759; x_wconf 68' lang='lat' dir='ltr'>vulgus.</span> 
     </span>
    </p>

    <p class='ocr_par' dir='ltr' id='par_1_33' title="bbox 1217 2765 1974 2803">
     <span class='ocr_line' id='line_1_100' title="bbox 1217 2765 1974 2803; baseline -0.013 -5"><span class='ocrx_word' id='word_1_567' title='bbox 1217 2774 1248 2802; x_wconf 83' lang='lat'>6)</span> <span class='ocrx_word' id='word_1_568' title='bbox 1267 2773 1455 2803; x_wconf 76' lang='lat' dir='ltr'>finitionum,]</span> <span class='ocrx_word' id='word_1_569' title='bbox 1475 2772 1527 2798; x_wconf 84' lang='lat' dir='ltr'>Ed.</span> <span class='ocrx_word' id='word_1_570' title='bbox 1541 2771 1566 2796; x_wconf 82' lang='lat'>2.</span> <span class='ocrx_word' id='word_1_571' title='bbox 1587 2776 1685 2795; x_wconf 85' lang='lat' dir='ltr'>errore</span> <span class='ocrx_word' id='word_1_572' title='bbox 1706 2772 1781 2800; x_wconf 59' lang='grc' dir='ltr'>τηις</span> <span class='ocrx_word' id='word_1_573' title='bbox 1806 2765 1974 2796; x_wconf 65' lang='lat' dir='ltr'>finitionum,</span> 
     </span>
    </p>
   </div>
  </div>
 </body>
</html>
