<?xml version="1.0" encoding="UTF-8"?>
<!DOCTYPE html PUBLIC "-//W3C//DTD XHTML 1.0 Transitional//EN"
    "http://www.w3.org/TR/xhtml1/DTD/xhtml1-transitional.dtd">
<html xmlns="http://www.w3.org/1999/xhtml" xml:lang="en" lang="en">
 <head>
  <title>
</title>
<meta http-equiv="Content-Type" content="text/html;charset=utf-8" />
  <meta name='ocr-system' content='tesseract 3.04.00' />
  <meta name='ocr-capabilities' content='ocr_page ocr_carea ocr_par ocr_line ocrx_word'/>
</head>
<body>
  <div class='ocr_page' id='page_1' title='image "./operaquaesupersu20melauoft_0039.png"; bbox 0 0 2389 3037; ppageno 0'>
   <div class='ocr_carea' id='block_1_1' title="bbox 60 155 112 193">
    <p class='ocr_par' dir='ltr' id='par_1_1' title="bbox 60 155 112 193">
     <span class='ocr_line' id='line_1_1' title="bbox 60 155 112 193; baseline 0 0"><span class='ocrx_word' id='word_1_1' title='bbox 60 155 112 193; x_wconf 77' lang='lat'>53</span> 
     </span>
    </p>
   </div>
   <div class='ocr_carea' id='block_1_2' title="bbox 147 239 1066 545">
    <p class='ocr_par' dir='ltr' id='par_1_2' title="bbox 147 239 491 286">
     <span class='ocr_line' id='line_1_2' title="bbox 147 239 491 286; baseline -0.003 -10"><span class='ocrx_word' id='word_1_2' title='bbox 147 243 246 276; x_wconf 89' lang='lat' dir='ltr'>Plur.</span> <span class='ocrx_word' id='word_1_3' title='bbox 276 240 310 277; x_wconf 85' lang='grc' dir='ltr'>οἱ</span> <span class='ocrx_word' id='word_1_4' title='bbox 325 239 491 286; x_wconf 77' lang='grc' dir='ltr'><em>μάκαρες</em></span> 
     </span>
    </p>

    <p class='ocr_par' dir='ltr' id='par_1_3' title="bbox 272 289 553 351">
     <span class='ocr_line' id='line_1_3' title="bbox 272 289 553 351; baseline -0.007 -23"><span class='ocrx_word' id='word_1_5' title='bbox 272 295 350 328; x_wconf 83' lang='grc' dir='ltr'>τῶν</span> <span class='ocrx_word' id='word_1_6' title='bbox 367 289 553 351; x_wconf 81' lang='grc' dir='ltr'>ιιακάρων</span> 
     </span>
    </p>

    <p class='ocr_par' dir='ltr' id='par_1_4' title="bbox 270 343 534 388">
     <span class='ocr_line' id='line_1_4' title="bbox 270 343 534 388; baseline -0.004 -10"><span class='ocrx_word' id='word_1_7' title='bbox 270 346 348 383; x_wconf 79' lang='grc' dir='ltr'>τοῖς</span> <span class='ocrx_word' id='word_1_8' title='bbox 364 343 534 388; x_wconf 81' lang='grc' dir='ltr'><em>μα’καρσι</em></span> 
     </span>
    </p>

    <p class='ocr_par' dir='ltr' id='par_1_5' title="bbox 268 392 550 454">
     <span class='ocr_line' id='line_1_5' title="bbox 268 392 550 454; baseline 0 -25"><span class='ocrx_word' id='word_1_9' title='bbox 268 393 357 434; x_wconf 73' lang='grc' dir='ltr'>τοὺς</span> <span class='ocrx_word' id='word_1_10' title='bbox 362 392 550 454; x_wconf 70' lang='grc' dir='ltr'>Ιμάκαρας</span> 
     </span>
    </p>

    <p class='ocr_par' dir='ltr' id='par_1_6' title="bbox 270 443 496 492">
     <span class='ocr_line' id='line_1_6' title="bbox 270 443 496 492; baseline 0 -12"><span class='ocrx_word' id='word_1_11' title='bbox 270 459 301 480; x_wconf 92' lang='grc' dir='ltr'><em>ω</em></span> <span class='ocrx_word' id='word_1_12' title='bbox 315 443 496 492; x_wconf 80' lang='grc' dir='ltr'><strong><em>μάκαρες.</em></strong></span> 
     </span>
    </p>

    <p class='ocr_par' dir='ltr' id='par_1_7' title="bbox 161 494 1066 545">
     <span class='ocr_line' id='line_1_7' title="bbox 161 494 1066 545; baseline -0.004 -14"><span class='ocrx_word' id='word_1_13' title='bbox 161 496 282 531; x_wconf 86' lang='lat' dir='ltr'><strong>Fere</strong></span> <span class='ocrx_word' id='word_1_14' title='bbox 272 510 310 530; x_wconf 88' lang='lat' dir='ltr'>m</span> <span class='ocrx_word' id='word_1_15' title='bbox 326 511 348 545; x_wconf 87' lang='grc' dir='ltr'>ρ</span> <span class='ocrx_word' id='word_1_16' title='bbox 373 498 514 533; x_wconf 77' lang='lat' dir='ltr'>dativos</span> <span class='ocrx_word' id='word_1_17' title='bbox 535 497 671 531; x_wconf 80' lang='lat' dir='ltr'>faciunt</span> <span class='ocrx_word' id='word_1_18' title='bbox 688 507 724 532; x_wconf 93' lang='grc' dir='ltr'>σι</span> <span class='ocrx_word' id='word_1_19' title='bbox 741 496 786 528; x_wconf 89' lang='lat' dir='ltr'>ad</span> <span class='ocrx_word' id='word_1_20' title='bbox 804 507 827 542; x_wconf 93' lang='grc' dir='ltr'>ρ</span> <span class='ocrx_word' id='word_1_21' title='bbox 848 494 1066 528; x_wconf 85' lang='lat' dir='ltr'>nominativi</span> 
     </span>
    </p>
   </div>
   <div class='ocr_carea' id='block_1_3' title="bbox 61 549 236 595">
    <p class='ocr_par' dir='ltr' id='par_1_8' title="bbox 61 549 236 595">
     <span class='ocr_line' id='line_1_8' title="bbox 61 549 236 595; baseline 0.006 -12"><span class='ocrx_word' id='word_1_22' title='bbox 61 549 236 595; x_wconf 83' lang='lat' dir='ltr'>apposita.</span> 
     </span>
    </p>
   </div>
   <div class='ocr_carea' id='block_1_4' title="bbox 59 632 1069 1571">
    <p class='ocr_par' dir='ltr' id='par_1_9' title="bbox 204 632 833 750">
     <span class='ocr_line' id='line_1_9' title="bbox 204 632 833 677; baseline -0.01 -5"><span class='ocrx_word' id='word_1_23' title='bbox 204 656 217 672; x_wconf 73' lang='grc' dir='ltr'>ι</span> <span class='ocrx_word' id='word_1_24' title='bbox 287 634 511 669; x_wconf 83' lang='lat' dir='ltr'>Neutrum</span> <span class='ocrx_word' id='word_1_25' title='bbox 541 632 833 677; x_wconf 80' lang='lat' dir='ltr'>Paradigma.</span> 
     </span>
     <span class='ocr_line' id='line_1_10' title="bbox 269 699 432 750; baseline -0.006 -12"><span class='ocrx_word' id='word_1_26' title='bbox 269 701 313 738; x_wconf 85' lang='grc' dir='ltr'>τὸ</span> <span class='ocrx_word' id='word_1_27' title='bbox 328 699 432 750; x_wconf 80' lang='grc' dir='ltr'><em>ἦμαρ</em></span> 
     </span>
    </p>

    <p class='ocr_par' dir='ltr' id='par_1_10' title="bbox 269 754 499 851">
     <span class='ocr_line' id='line_1_11' title="bbox 269 754 499 800; baseline 0 -11"><span class='ocrx_word' id='word_1_28' title='bbox 269 757 339 790; x_wconf 85' lang='grc' dir='ltr'>τοῦ</span> <span class='ocrx_word' id='word_1_29' title='bbox 355 754 499 800; x_wconf 82' lang='grc' dir='ltr'><em>ἤματος</em></span> 
     </span>
     <span class='ocr_line' id='line_1_12' title="bbox 270 805 458 851; baseline 0 -11"><span class='ocrx_word' id='word_1_30' title='bbox 270 808 325 851; x_wconf 79' lang='grc' dir='ltr'>τῷ</span> <span class='ocrx_word' id='word_1_31' title='bbox 341 805 458 851; x_wconf 83' lang='grc' dir='ltr'>ἤματι</span> 
     </span>
    </p>

    <p class='ocr_par' dir='ltr' id='par_1_11' title="bbox 269 852 436 919">
     <span class='ocr_line' id='line_1_13' title="bbox 269 852 436 919; baseline 0.006 -17"><span class='ocrx_word' id='word_1_32' title='bbox 269 869 312 891; x_wconf 70' lang='grc' dir='ltr'>ΤΟ</span> <span class='ocrx_word' id='word_1_33' title='bbox 323 852 436 919; x_wconf 63' lang='lat' dir='ltr'>⁷³1an</span> 
     </span>
    </p>

    <p class='ocr_par' dir='ltr' id='par_1_12' title="bbox 269 903 435 954">
     <span class='ocr_line' id='line_1_14' title="bbox 269 903 435 954; baseline -0.007 -12"><span class='ocrx_word' id='word_1_34' title='bbox 269 904 300 942; x_wconf 78' lang='grc' dir='ltr'><strong><em>ὦ</em></strong></span> <span class='ocrx_word' id='word_1_35' title='bbox 316 903 435 954; x_wconf 84' lang='grc' dir='ltr'>ἦιιαρ.</span> 
     </span>
    </p>

    <p class='ocr_par' dir='ltr' id='par_1_13' title="bbox 269 956 544 1261">
     <span class='ocr_line' id='line_1_15' title="bbox 269 956 459 1005; baseline -0.005 -11"><span class='ocrx_word' id='word_1_36' title='bbox 269 956 323 994; x_wconf 78' lang='grc' dir='ltr'>τῶ</span> <span class='ocrx_word' id='word_1_37' title='bbox 340 958 459 1005; x_wconf 85' lang='grc' dir='ltr'>ἤιιατε</span> 
     </span>
     <span class='ocr_line' id='line_1_16' title="bbox 270 1007 544 1056; baseline -0.004 -11"><span class='ocrx_word' id='word_1_38' title='bbox 270 1011 353 1045; x_wconf 84' lang='grc' dir='ltr'><em>τοῖν</em></span> <span class='ocrx_word' id='word_1_39' title='bbox 370 1007 544 1056; x_wconf 84' lang='grc' dir='ltr'>ἠμάτοιν.</span> 
     </span>
     <span class='ocr_line' id='line_1_17' title="bbox 271 1060 463 1107; baseline -0.005 -10"><span class='ocrx_word' id='word_1_40' title='bbox 271 1060 319 1097; x_wconf 83' lang='grc' dir='ltr'>τὰ</span> <span class='ocrx_word' id='word_1_41' title='bbox 335 1061 463 1107; x_wconf 83' lang='grc' dir='ltr'><em>ἤματα</em></span> 
     </span>
     <span class='ocr_line' id='line_1_18' title="bbox 270 1109 523 1158; baseline 0 -10"><span class='ocrx_word' id='word_1_42' title='bbox 270 1115 348 1148; x_wconf 84' lang='grc' dir='ltr'>τῶν</span> <span class='ocrx_word' id='word_1_43' title='bbox 364 1109 523 1158; x_wconf 85' lang='grc' dir='ltr'>ἠιιάτων</span> 
     </span>
     <span class='ocr_line' id='line_1_19' title="bbox 271 1163 484 1209; baseline 0 -10"><span class='ocrx_word' id='word_1_44' title='bbox 271 1165 350 1203; x_wconf 85' lang='grc' dir='ltr'>τοῖς</span> <span class='ocrx_word' id='word_1_45' title='bbox 365 1163 484 1209; x_wconf 82' lang='grc' dir='ltr'>ἤμασι</span> 
     </span>
     <span class='ocr_line' id='line_1_20' title="bbox 270 1213 463 1261; baseline 0 -11"><span class='ocrx_word' id='word_1_46' title='bbox 270 1213 318 1250; x_wconf 83' lang='grc' dir='ltr'>τὰ</span> <span class='ocrx_word' id='word_1_47' title='bbox 335 1214 463 1261; x_wconf 79' lang='grc' dir='ltr'><em>ἤματα</em></span> 
     </span>
    </p>

    <p class='ocr_par' dir='ltr' id='par_1_14' title="bbox 271 1262 457 1311">
     <span class='ocr_line' id='line_1_21' title="bbox 271 1262 457 1311; baseline 0.006 -11"><span class='ocrx_word' id='word_1_48' title='bbox 271 1262 302 1300; x_wconf 79' lang='grc' dir='ltr'><em>ὦ</em></span> <span class='ocrx_word' id='word_1_49' title='bbox 318 1265 457 1311; x_wconf 83' lang='grc' dir='ltr'>ἤιιατα.</span> 
     </span>
    </p>

    <p class='ocr_par' dir='ltr' id='par_1_15' title="bbox 59 1313 1069 1520">
     <span class='ocr_line' id='line_1_22' title="bbox 165 1313 1068 1362; baseline -0.001 -12"><span class='ocrx_word' id='word_1_50' title='bbox 165 1315 300 1362; x_wconf 83' lang='lat' dir='ltr'><strong>Excipe</strong></span> <span class='ocrx_word' id='word_1_51' title='bbox 324 1318 565 1350; x_wconf 87' lang='lat' dir='ltr'>foemininum</span> <span class='ocrx_word' id='word_1_52' title='bbox 588 1313 737 1362; x_wconf 81' lang='grc' dir='ltr'><em>δάμαρ,</em></span> <span class='ocrx_word' id='word_1_53' title='bbox 766 1315 865 1349; x_wconf 90' lang='lat' dir='ltr'>cuius</span> <span class='ocrx_word' id='word_1_54' title='bbox 888 1315 1068 1360; x_wconf 80' lang='lat' dir='ltr'><strong>genitivus</strong></span> 
     </span>
     <span class='ocr_line' id='line_1_23' title="bbox 63 1364 1069 1415; baseline 0.001 -14"><span class='ocrx_word' id='word_1_55' title='bbox 63 1374 116 1402; x_wconf 84' lang='lat' dir='ltr'>est</span> <span class='ocrx_word' id='word_1_56' title='bbox 141 1366 351 1415; x_wconf 80' lang='grc' dir='ltr'><em>δάμαρτος,</em></span> <span class='ocrx_word' id='word_1_57' title='bbox 387 1381 429 1402; x_wconf 90' lang='lat' dir='ltr'>eo</span> <span class='ocrx_word' id='word_1_58' title='bbox 455 1370 553 1414; x_wconf 90' lang='lat' dir='ltr'>quod</span> <span class='ocrx_word' id='word_1_59' title='bbox 576 1374 713 1401; x_wconf 77' lang='lat' dir='ltr'>veteres</span> <span class='ocrx_word' id='word_1_60' title='bbox 739 1367 896 1400; x_wconf 80' lang='lat' dir='ltr'>dixerint</span> <span class='ocrx_word' id='word_1_61' title='bbox 919 1364 1069 1413; x_wconf 80' lang='grc' dir='ltr'><em>ὃάμαρς</em></span> 
     </span>
     <span class='ocr_line' id='line_1_24' title="bbox 59 1418 1067 1466; baseline -0.001 -14"><span class='ocrx_word' id='word_1_62' title='bbox 59 1418 100 1452; x_wconf 89' lang='lat' dir='ltr'>in</span> <span class='ocrx_word' id='word_1_63' title='bbox 116 1420 357 1453; x_wconf 85' lang='lat' dir='ltr'>nominativo.</span> <span class='ocrx_word' id='word_1_64' title='bbox 411 1419 457 1453; x_wconf 89' lang='lat' dir='ltr'>Et</span> <span class='ocrx_word' id='word_1_65' title='bbox 476 1427 644 1454; x_wconf 88' lang='lat' dir='ltr'>neutrum</span> <span class='ocrx_word' id='word_1_66' title='bbox 657 1447 666 1459; x_wconf 88' lang='lat'>,</span> <span class='ocrx_word' id='word_1_67' title='bbox 695 1420 793 1465; x_wconf 85' lang='lat' dir='ltr'>quod</span> <span class='ocrx_word' id='word_1_68' title='bbox 811 1431 887 1452; x_wconf 91' lang='lat' dir='ltr'>non</span> <span class='ocrx_word' id='word_1_69' title='bbox 911 1425 1027 1453; x_wconf 80' lang='lat' dir='ltr'>mutat</span> <span class='ocrx_word' id='word_1_70' title='bbox 1045 1431 1067 1466; x_wconf 91' lang='grc' dir='ltr'>ρ</span> 
     </span>
     <span class='ocr_line' id='line_1_25' title="bbox 60 1470 860 1520; baseline 0.001 -16"><span class='ocrx_word' id='word_1_71' title='bbox 60 1470 100 1504; x_wconf 90' lang='lat' dir='ltr'>in</span> <span class='ocrx_word' id='word_1_72' title='bbox 117 1484 156 1513; x_wconf 89' lang='grc' dir='ltr'>τ,</span> <span class='ocrx_word' id='word_1_73' title='bbox 185 1470 251 1520; x_wconf 78' lang='grc' dir='ltr'>ἔαρ</span> <span class='ocrx_word' id='word_1_74' title='bbox 268 1470 386 1518; x_wconf 75' lang='grc' dir='ltr'><em>ἔαρος.</em></span> <span class='ocrx_word' id='word_1_75' title='bbox 440 1471 529 1505; x_wconf 83' lang='lat' dir='ltr'><strong>Item</strong></span> <span class='ocrx_word' id='word_1_76' title='bbox 549 1471 669 1518; x_wconf 80' lang='grc' dir='ltr'><em>ἄλκαρ</em></span> <span class='ocrx_word' id='word_1_77' title='bbox 686 1470 860 1517; x_wconf 82' lang='grc' dir='ltr'><em>ἄλκαρος.</em></span> 
     </span>
    </p>

    <p class='ocr_par' dir='ltr' id='par_1_16' title="bbox 270 1522 895 1571">
     <span class='ocr_line' id='line_1_26' title="bbox 270 1522 895 1571; baseline -0.005 -13"><span class='ocrx_word' id='word_1_78' title='bbox 270 1524 335 1570; x_wconf 87' lang='grc' dir='ltr'>Ηρ</span> <span class='ocrx_word' id='word_1_79' title='bbox 352 1523 440 1558; x_wconf 83' lang='lat' dir='ltr'>alias</span> <span class='ocrx_word' id='word_1_80' title='bbox 458 1537 559 1571; x_wconf 79' lang='grc' dir='ltr'><em>ερος,</em></span> <span class='ocrx_word' id='word_1_81' title='bbox 586 1523 673 1557; x_wconf 78' lang='lat' dir='ltr'>alias</span> <span class='ocrx_word' id='word_1_82' title='bbox 691 1535 781 1570; x_wconf 81' lang='grc' dir='ltr'><em>ηρος</em></span> <span class='ocrx_word' id='word_1_83' title='bbox 798 1522 895 1556; x_wconf 72' lang='lat' dir='ltr'>facit.</span> 
     </span>
    </p>
   </div>
   <div class='ocr_carea' id='block_1_5' title="bbox 144 703 242 748">
    <p class='ocr_par' dir='ltr' id='par_1_17' title="bbox 144 703 242 748">
     <span class='ocr_line' id='line_1_27' title="bbox 144 703 242 748; baseline 0.01 -11"><span class='ocrx_word' id='word_1_84' title='bbox 144 703 242 748; x_wconf 80' lang='lat' dir='ltr'>Sing.</span> 
     </span>
    </p>
   </div>
   <div class='ocr_carea' id='block_1_6' title="bbox 120 947 241 994">
    <p class='ocr_par' dir='ltr' id='par_1_18' title="bbox 120 947 241 994">
     <span class='ocr_line' id='line_1_28' title="bbox 120 947 241 994; baseline 0 -2"><span class='ocrx_word' id='word_1_85' title='bbox 120 947 241 994; x_wconf 75' lang='lat' dir='ltr'>¹Dual.</span> 
     </span>
    </p>
   </div>
   <div class='ocr_carea' id='block_1_7' title="bbox 143 1061 243 1097">
    <p class='ocr_par' dir='ltr' id='par_1_19' title="bbox 143 1061 243 1097">
     <span class='ocr_line' id='line_1_29' title="bbox 143 1061 243 1097; baseline 0.02 -2"><span class='ocrx_word' id='word_1_86' title='bbox 143 1061 243 1097; x_wconf 88' lang='lat' dir='ltr'>Plur.</span> 
     </span>
    </p>
   </div>
   <div class='ocr_carea' id='block_1_8' title="bbox 61 1580 1068 1682">
    <p class='ocr_par' dir='ltr' id='par_1_20' title="bbox 61 1580 1068 1682">
     <span class='ocr_line' id='line_1_30' title="bbox 133 1580 1068 1631; baseline 0 -15"><span class='ocrx_word' id='word_1_87' title='bbox 133 1588 142 1593; x_wconf 83' lang='lat'>&#39;</span> <span class='ocrx_word' id='word_1_88' title='bbox 163 1582 333 1616; x_wconf 82' lang='lat' dir='ltr'>Verbalia</span> <span class='ocrx_word' id='word_1_89' title='bbox 352 1584 390 1617; x_wconf 90' lang='lat' dir='ltr'>in</span> <span class='ocrx_word' id='word_1_90' title='bbox 407 1597 496 1631; x_wconf 85' lang='grc' dir='ltr'><em>τηρ,</em></span> <span class='ocrx_word' id='word_1_91' title='bbox 525 1591 564 1618; x_wconf 86' lang='lat' dir='ltr'>ut</span> <span class='ocrx_word' id='word_1_92' title='bbox 581 1580 725 1629; x_wconf 84' lang='grc' dir='ltr'><em>σωτήρ;</em></span> <span class='ocrx_word' id='word_1_93' title='bbox 762 1581 852 1615; x_wconf 86' lang='lat' dir='ltr'><strong>Item</strong></span> <span class='ocrx_word' id='word_1_94' title='bbox 872 1594 964 1628; x_wconf 82' lang='lat' dir='ltr'>quae</span> <span class='ocrx_word' id='word_1_95' title='bbox 981 1583 1068 1616; x_wconf 87' lang='lat' dir='ltr'>fines</span> 
     </span>
     <span class='ocr_line' id='line_1_31' title="bbox 61 1634 969 1682; baseline 0.001 -15"><span class='ocrx_word' id='word_1_96' title='bbox 61 1645 137 1667; x_wconf 90' lang='lat' dir='ltr'>non</span> <span class='ocrx_word' id='word_1_97' title='bbox 155 1641 308 1675; x_wconf 83' lang='lat' dir='ltr'>acuunt,</span> <span class='ocrx_word' id='word_1_98' title='bbox 336 1635 509 1682; x_wconf 73' lang='grc' dir='ltr'><em>υῖἿβηρ,</em></span> <span class='ocrx_word' id='word_1_99' title='bbox 536 1649 558 1681; x_wconf 83' lang='grc' dir='ltr'><em>η</em></span> <span class='ocrx_word' id='word_1_100' title='bbox 579 1642 725 1670; x_wconf 81' lang='lat' dir='ltr'>servant</span> <span class='ocrx_word' id='word_1_101' title='bbox 742 1634 778 1667; x_wconf 91' lang='lat' dir='ltr'>in</span> <span class='ocrx_word' id='word_1_102' title='bbox 797 1634 969 1679; x_wconf 79' lang='lat' dir='ltr'>genitivo.</span> 
     </span>
    </p>
   </div>
   <div class='ocr_carea' id='block_1_9' title="bbox 137 1721 1069 2554">
    <p class='ocr_par' dir='ltr' id='par_1_21' title="bbox 137 1721 1069 2554">
     <span class='ocr_line' id='line_1_32' title="bbox 342 1721 784 1756; baseline 0.002 -1"><span class='ocrx_word' id='word_1_103' title='bbox 342 1722 388 1755; x_wconf 93' lang='grc' dir='ltr'><em>Π</em></span> <span class='ocrx_word' id='word_1_104' title='bbox 393 1722 429 1754; x_wconf 87' lang='grc' dir='ltr'><em>Α</em></span> <span class='ocrx_word' id='word_1_105' title='bbox 440 1722 515 1755; x_wconf 88' lang='grc' dir='ltr'>ΡΑ</span> <span class='ocrx_word' id='word_1_106' title='bbox 526 1722 560 1756; x_wconf 86' lang='grc' dir='ltr'><em>Δ</em></span> <span class='ocrx_word' id='word_1_107' title='bbox 571 1722 601 1755; x_wconf 89' lang='grc' dir='ltr'><em>Ε</em></span> <span class='ocrx_word' id='word_1_108' title='bbox 610 1723 631 1755; x_wconf 95' lang='grc' dir='ltr'><em>Ι</em></span> <span class='ocrx_word' id='word_1_109' title='bbox 638 1722 727 1756; x_wconf 88' lang='grc' dir='ltr'>ΓΜ</span> <span class='ocrx_word' id='word_1_110' title='bbox 738 1721 784 1756; x_wconf 85' lang='lat' dir='ltr'>A.</span> 
     </span>
     <span class='ocr_line' id='line_1_33' title="bbox 146 1785 441 1833; baseline 0.007 -13"><span class='ocrx_word' id='word_1_111' title='bbox 146 1787 246 1832; x_wconf 85' lang='lat' dir='ltr'>Sing.</span> <span class='ocrx_word' id='word_1_112' title='bbox 274 1785 293 1822; x_wconf 83' lang='lat'><em>5</em></span> <span class='ocrx_word' id='word_1_113' title='bbox 315 1785 441 1833; x_wconf 87' lang='grc' dir='ltr'>σωτήρ</span> 
     </span>
     <span class='ocr_line' id='line_1_34' title="bbox 271 1840 522 1884; baseline 0 -11"><span class='ocrx_word' id='word_1_114' title='bbox 271 1840 340 1873; x_wconf 82' lang='grc' dir='ltr'>τοῦ</span> <span class='ocrx_word' id='word_1_115' title='bbox 356 1841 522 1884; x_wconf 85' lang='grc' dir='ltr'><em>σωτῆρος</em></span> 
     </span>
     <span class='ocr_line' id='line_1_35' title="bbox 272 1892 488 1936; baseline 0 -12"><span class='ocrx_word' id='word_1_116' title='bbox 272 1892 327 1936; x_wconf 79' lang='grc' dir='ltr'>τῷ</span> <span class='ocrx_word' id='word_1_117' title='bbox 348 1892 488 1935; x_wconf 82' lang='grc' dir='ltr'>σωτῆρι</span> 
     </span>
     <span class='ocr_line' id='line_1_36' title="bbox 272 1939 509 1988; baseline 0.004 -13"><span class='ocrx_word' id='word_1_118' title='bbox 272 1939 341 1976; x_wconf 88' lang='grc' dir='ltr'>τὸν</span> <span class='ocrx_word' id='word_1_119' title='bbox 359 1943 509 1988; x_wconf 85' lang='grc' dir='ltr'><em>σωτῆρα</em></span> 
     </span>
     <span class='ocr_line' id='line_1_37' title="bbox 274 1988 455 2038; baseline 0.006 -12"><span class='ocrx_word' id='word_1_120' title='bbox 274 1988 304 2026; x_wconf 80' lang='grc' dir='ltr'><em>ὦ</em></span> <span class='ocrx_word' id='word_1_121' title='bbox 324 1995 455 2038; x_wconf 83' lang='grc' dir='ltr'>σῶτερ.</span> 
     </span>
     <span class='ocr_line' id='line_1_38' title="bbox 217 2043 1069 2090; baseline 0.002 -15"><span class='ocrx_word' id='word_1_122' title='bbox 217 2057 241 2089; x_wconf 81' lang='grc' dir='ltr'><strong><em>η</em></strong></span> <span class='ocrx_word' id='word_1_123' title='bbox 268 2043 306 2076; x_wconf 87' lang='lat' dir='ltr'>in</span> <span class='ocrx_word' id='word_1_124' title='bbox 330 2057 346 2079; x_wconf 84' lang='grc' dir='ltr'><em>ε</em></span> <span class='ocrx_word' id='word_1_125' title='bbox 368 2050 510 2078; x_wconf 77' lang='lat' dir='ltr'>mutant</span> <span class='ocrx_word' id='word_1_126' title='bbox 536 2044 711 2085; x_wconf 81' lang='lat' dir='ltr'>vocativi,</span> <span class='ocrx_word' id='word_1_127' title='bbox 749 2051 1004 2090; x_wconf 76' lang='lat' dir='ltr'>praeterquam</span> <span class='ocrx_word' id='word_1_128' title='bbox 1032 2044 1069 2077; x_wconf 88' lang='lat' dir='ltr'>in</span> 
     </span>
     <span class='ocr_line' id='line_1_39' title="bbox 226 2094 599 2143; baseline 0.005 -15"><span class='ocrx_word' id='word_1_129' title='bbox 226 2096 384 2140; x_wconf 88' lang='lat' dir='ltr'>propriis</span> <span class='ocrx_word' id='word_1_130' title='bbox 397 2123 406 2137; x_wconf 92' lang='lat'>‚</span> <span class='ocrx_word' id='word_1_131' title='bbox 434 2094 599 2143; x_wconf 75' lang='grc' dir='ltr'>ι]ῑ”[βηρ.</span> 
     </span>
     <span class='ocr_line' id='line_1_40' title="bbox 137 2145 487 2194; baseline 0.003 -13"><span class='ocrx_word' id='word_1_132' title='bbox 137 2146 245 2181; x_wconf 84' lang='lat' dir='ltr'>Dual.</span> <span class='ocrx_word' id='word_1_133' title='bbox 271 2145 326 2182; x_wconf 79' lang='grc' dir='ltr'>τώ</span> <span class='ocrx_word' id='word_1_134' title='bbox 344 2150 487 2194; x_wconf 85' lang='grc' dir='ltr'><em>σωτῆρε</em></span> 
     </span>
     <span class='ocr_line' id='line_1_41' title="bbox 272 2196 571 2245; baseline 0.007 -12"><span class='ocrx_word' id='word_1_135' title='bbox 272 2199 355 2234; x_wconf 82' lang='grc' dir='ltr'><strong><em>τοῖν</em></strong></span> <span class='ocrx_word' id='word_1_136' title='bbox 373 2196 571 2245; x_wconf 86' lang='grc' dir='ltr'>σωτήροιν.</span> 
     </span>
     <span class='ocr_line' id='line_1_42' title="bbox 147 2249 494 2295; baseline 0.006 -12"><span class='ocrx_word' id='word_1_137' title='bbox 147 2249 247 2284; x_wconf 86' lang='lat' dir='ltr'>Plur.</span> <span class='ocrx_word' id='word_1_138' title='bbox 276 2250 311 2284; x_wconf 85' lang='grc' dir='ltr'>οἱ</span> <span class='ocrx_word' id='word_1_139' title='bbox 332 2252 494 2295; x_wconf 80' lang='grc' dir='ltr'><em>σωτῆρες</em></span> 
     </span>
     <span class='ocr_line' id='line_1_43' title="bbox 273 2301 550 2347; baseline 0.004 -11"><span class='ocrx_word' id='word_1_140' title='bbox 273 2304 353 2336; x_wconf 83' lang='grc' dir='ltr'>τῶν</span> <span class='ocrx_word' id='word_1_141' title='bbox 369 2301 550 2347; x_wconf 80' lang='grc' dir='ltr'><em>σωτήρων</em></span> 
     </span>
     <span class='ocr_line' id='line_1_44' title="bbox 273 2354 533 2398; baseline 0.004 -12"><span class='ocrx_word' id='word_1_142' title='bbox 273 2354 352 2392; x_wconf 86' lang='grc' dir='ltr'>τοῖς</span> <span class='ocrx_word' id='word_1_143' title='bbox 370 2355 533 2398; x_wconf 86' lang='grc' dir='ltr'>σωτῆρσι</span> 
     </span>
     <span class='ocr_line' id='line_1_45' title="bbox 276 2402 550 2450; baseline -0.004 -11"><span class='ocrx_word' id='word_1_144' title='bbox 276 2402 365 2443; x_wconf 76' lang='grc' dir='ltr'>τοὺς</span> <span class='ocrx_word' id='word_1_145' title='bbox 380 2406 550 2450; x_wconf 84' lang='grc' dir='ltr'><em>σωτῆρας</em></span> 
     </span>
     <span class='ocr_line' id='line_1_46' title="bbox 275 2451 498 2501; baseline 0 -10"><span class='ocrx_word' id='word_1_146' title='bbox 275 2451 305 2491; x_wconf 80' lang='grc' dir='ltr'>ὦ</span> <span class='ocrx_word' id='word_1_147' title='bbox 323 2457 498 2501; x_wconf 84' lang='grc' dir='ltr'><em>σωτῆρες.</em></span> 
     </span>
     <span class='ocr_line' id='line_1_47' title="bbox 170 2506 860 2554; baseline 0.003 -13"><span class='ocrx_word' id='word_1_148' title='bbox 170 2507 324 2554; x_wconf 81' lang='lat' dir='ltr'>Reliqua</span> <span class='ocrx_word' id='word_1_149' title='bbox 343 2513 487 2541; x_wconf 72' lang='lat' dir='ltr'>mutant</span> <span class='ocrx_word' id='word_1_150' title='bbox 507 2520 529 2552; x_wconf 84' lang='grc' dir='ltr'><em>η</em></span> <span class='ocrx_word' id='word_1_151' title='bbox 548 2506 586 2538; x_wconf 91' lang='lat' dir='ltr'>in</span> <span class='ocrx_word' id='word_1_152' title='bbox 603 2519 618 2541; x_wconf 80' lang='grc' dir='ltr'><em>ε</em></span> <span class='ocrx_word' id='word_1_153' title='bbox 636 2506 672 2539; x_wconf 92' lang='lat' dir='ltr'>in</span> <span class='ocrx_word' id='word_1_154' title='bbox 689 2508 860 2552; x_wconf 85' lang='lat' dir='ltr'>genitivo.</span> 
     </span>
    </p>
   </div>
   <div class='ocr_carea' id='block_1_10' title="bbox 357 2591 789 2630">
    <p class='ocr_par' dir='ltr' id='par_1_22' title="bbox 357 2591 789 2630">
     <span class='ocr_line' id='line_1_48' title="bbox 357 2591 789 2630; baseline 0.009 -4"><span class='ocrx_word' id='word_1_155' title='bbox 357 2591 789 2630; x_wconf 86' lang='grc' dir='ltr'><em>ΠΑΡΛΔΕΙΓΜΑ.</em></span> 
     </span>
    </p>
   </div>
   <div class='ocr_carea' id='block_1_11' title="bbox 84 2657 885 2813">
    <p class='ocr_par' dir='ltr' id='par_1_23' title="bbox 84 2657 885 2813">
     <span class='ocr_line' id='line_1_49' title="bbox 84 2657 307 2707; baseline 0 -13"><span class='ocrx_word' id='word_1_156' title='bbox 84 2659 122 2694; x_wconf 88' lang='lat' dir='ltr'>S.</span> <span class='ocrx_word' id='word_1_157' title='bbox 150 2657 170 2694; x_wconf 85' lang='lat'><em>5</em></span> <span class='ocrx_word' id='word_1_158' title='bbox 186 2659 307 2707; x_wconf 85' lang='grc' dir='ltr'><em>πατήρ</em></span> 
     </span>
     <span class='ocr_line' id='line_1_50' title="bbox 146 2712 885 2762; baseline 0.004 -16"><span class='ocrx_word' id='word_1_159' title='bbox 146 2713 215 2746; x_wconf 86' lang='grc' dir='ltr'>τοῦ</span> <span class='ocrx_word' id='word_1_160' title='bbox 235 2712 392 2757; x_wconf 73' lang='grc' dir='ltr'><em>πατέρος</em></span> <span class='ocrx_word' id='word_1_161' title='bbox 411 2719 443 2745; x_wconf 85' lang='lat' dir='ltr'>et</span> <span class='ocrx_word' id='word_1_162' title='bbox 460 2725 522 2757; x_wconf 91' lang='lat' dir='ltr'>per</span> <span class='ocrx_word' id='word_1_163' title='bbox 541 2725 724 2758; x_wconf 84' lang='lat' dir='ltr'>syncopen</span> <span class='ocrx_word' id='word_1_164' title='bbox 744 2713 885 2762; x_wconf 82' lang='grc' dir='ltr'><em>πατρός</em></span> 
     </span>
     <span class='ocr_line' id='line_1_51' title="bbox 148 2762 822 2813; baseline 0.004 -15"><span class='ocrx_word' id='word_1_165' title='bbox 148 2765 204 2810; x_wconf 78' lang='grc' dir='ltr'>τῷ</span> <span class='ocrx_word' id='word_1_166' title='bbox 220 2762 349 2811; x_wconf 79' lang='grc' dir='ltr'>πατέρι</span> <span class='ocrx_word' id='word_1_167' title='bbox 373 2771 408 2797; x_wconf 81' lang='lat' dir='ltr'>et</span> <span class='ocrx_word' id='word_1_168' title='bbox 427 2777 490 2809; x_wconf 86' lang='lat' dir='ltr'>per</span> <span class='ocrx_word' id='word_1_169' title='bbox 508 2777 689 2810; x_wconf 78' lang='lat' dir='ltr'>syncopen</span> <span class='ocrx_word' id='word_1_170' title='bbox 709 2764 822 2813; x_wconf 85' lang='grc' dir='ltr'><em>πατρί</em></span> 
     </span>
    </p>
   </div>
   <div class='ocr_carea' id='block_1_12' title="bbox 592 150 1595 189">
    <p class='ocr_par' dir='ltr' id='par_1_24' title="bbox 592 150 1595 189">
     <span class='ocr_line' id='line_1_52' title="bbox 592 150 1595 189; baseline -0.001 -1"><span class='ocrx_word' id='word_1_171' title='bbox 592 153 714 189; x_wconf 86' lang='lat' dir='ltr'>XCIV.</span> <span class='ocrx_word' id='word_1_172' title='bbox 768 150 1099 188; x_wconf 87' lang='lat' dir='ltr'><strong>GRAMMATICA</strong></span> <span class='ocrx_word' id='word_1_173' title='bbox 1133 150 1330 186; x_wconf 82' lang='lat' dir='ltr'><strong>GRAECA</strong></span> <span class='ocrx_word' id='word_1_174' title='bbox 1364 150 1595 187; x_wconf 86' lang='lat' dir='ltr'><strong>INTEGRA.</strong></span> 
     </span>
    </p>
   </div>
   <div class='ocr_carea' id='block_1_13' title="bbox 1090 257 1095 464">
    <p class='ocr_par' dir='ltr' id='par_1_25' title="bbox 1090 257 1095 464">
     <span class='ocr_line' id='line_1_53' title="bbox 1090 257 1095 464; baseline 0 2573"><span class='ocrx_word' id='word_1_175' title='bbox 1090 257 1095 464; x_wconf 95' lang='lat' dir='ltr'> </span> 
     </span>
    </p>
   </div>
   <div class='ocr_carea' id='block_1_14' title="bbox 1091 468 1096 655">
    <p class='ocr_par' dir='ltr' id='par_1_26' title="bbox 1091 468 1096 655">
     <span class='ocr_line' id='line_1_54' title="bbox 1091 468 1096 655; baseline 0 2382"><span class='ocrx_word' id='word_1_176' title='bbox 1091 468 1096 655; x_wconf 95' lang='lat' dir='ltr'> </span> 
     </span>
    </p>
   </div>
   <div class='ocr_carea' id='block_1_15' title="bbox 1093 2437 1101 2643">
    <p class='ocr_par' dir='ltr' id='par_1_27' title="bbox 1093 2437 1101 2643">
     <span class='ocr_line' id='line_1_55' title="bbox 1093 2437 1101 2643; baseline 0 394"><span class='ocrx_word' id='word_1_177' title='bbox 1093 2437 1101 2643; x_wconf 95' lang='lat' dir='ltr'> </span> 
     </span>
    </p>
   </div>
   <div class='ocr_carea' id='block_1_16' title="bbox 2081 155 2131 192">
    <p class='ocr_par' dir='ltr' id='par_1_28' title="bbox 2081 155 2131 192">
     <span class='ocr_line' id='line_1_56' title="bbox 2081 155 2131 192; baseline 0.02 -1"><span class='ocrx_word' id='word_1_178' title='bbox 2081 155 2131 192; x_wconf 81' lang='lat'>54</span> 
     </span>
    </p>
   </div>
   <div class='ocr_carea' id='block_1_17' title="bbox 1120 237 2129 698">
    <p class='ocr_par' dir='ltr' id='par_1_29' title="bbox 1120 237 2129 698">
     <span class='ocr_line' id='line_1_57' title="bbox 1197 237 2128 286; baseline 0.004 -14"><span class='ocrx_word' id='word_1_179' title='bbox 1197 237 1265 274; x_wconf 82' lang='grc' dir='ltr'>τόν</span> <span class='ocrx_word' id='word_1_180' title='bbox 1281 237 1424 286; x_wconf 66' lang='grc' dir='ltr'><em>πατέρα</em></span> <span class='ocrx_word' id='word_1_181' title='bbox 1451 238 1525 272; x_wconf 82' lang='lat' dir='ltr'>Nec</span> <span class='ocrx_word' id='word_1_182' title='bbox 1546 239 1678 273; x_wconf 88' lang='lat' dir='ltr'>dicitur</span> <span class='ocrx_word' id='word_1_183' title='bbox 1702 238 1828 286; x_wconf 83' lang='grc' dir='ltr'><em>πατρά</em></span> <span class='ocrx_word' id='word_1_184' title='bbox 1856 247 2004 285; x_wconf 84' lang='lat' dir='ltr'>propter</span> <span class='ocrx_word' id='word_1_185' title='bbox 2028 242 2128 276; x_wconf 82' lang='lat' dir='ltr'>diffe-</span> 
     </span>
     <span class='ocr_line' id='line_1_58' title="bbox 1198 287 2129 351; baseline 0.004 -27"><span class='ocrx_word' id='word_1_186' title='bbox 1198 287 1229 324; x_wconf 82' lang='grc' dir='ltr'>ὥ</span> <span class='ocrx_word' id='word_1_187' title='bbox 1235 287 1374 351; x_wconf 80' lang='grc' dir='ltr'><em>πάτερ.</em></span> <span class='ocrx_word' id='word_1_188' title='bbox 1472 291 1626 324; x_wconf 68' lang='lat' dir='ltr'>rentiam</span> <span class='ocrx_word' id='word_1_189' title='bbox 1653 292 1813 326; x_wconf 88' lang='lat' dir='ltr'>nominis</span> <span class='ocrx_word' id='word_1_190' title='bbox 1843 290 1987 341; x_wconf 84' lang='grc' dir='ltr'><em>ποίτρα,</em></span> <span class='ocrx_word' id='word_1_191' title='bbox 2032 296 2129 340; x_wconf 90' lang='lat' dir='ltr'>quod</span> 
     </span>
     <span class='ocr_line' id='line_1_59' title="bbox 1120 340 1838 388; baseline 0.004 -14"><span class='ocrx_word' id='word_1_192' title='bbox 1120 340 1165 375; x_wconf 87' lang='lat' dir='ltr'>D.</span> <span class='ocrx_word' id='word_1_193' title='bbox 1194 355 1248 376; x_wconf 86' lang='grc' dir='ltr'>τω</span> <span class='ocrx_word' id='word_1_194' title='bbox 1265 340 1399 388; x_wconf 79' lang='grc' dir='ltr'><em>πατέρε</em></span> <span class='ocrx_word' id='word_1_195' title='bbox 1473 342 1648 387; x_wconf 79' lang='lat' dir='ltr'>significat</span> <span class='ocrx_word' id='word_1_196' title='bbox 1670 343 1838 388; x_wconf 81' lang='lat' dir='ltr'>patriam.</span> 
     </span>
     <span class='ocr_line' id='line_1_60' title="bbox 1197 392 1485 439; baseline 0.004 -12"><span class='ocrx_word' id='word_1_197' title='bbox 1197 394 1280 428; x_wconf 86' lang='grc' dir='ltr'>τοῖν</span> <span class='ocrx_word' id='word_1_198' title='bbox 1297 392 1485 439; x_wconf 71' lang='grc' dir='ltr'>πατέροιν.</span> 
     </span>
     <span class='ocr_line' id='line_1_61' title="bbox 1203 444 1407 490; baseline 0 -11"><span class='ocrx_word' id='word_1_199' title='bbox 1203 444 1238 479; x_wconf 86' lang='grc' dir='ltr'>οἱ</span> <span class='ocrx_word' id='word_1_200' title='bbox 1254 444 1407 490; x_wconf 76' lang='grc' dir='ltr'><em>πατέρες</em></span> 
     </span>
     <span class='ocr_line' id='line_1_62' title="bbox 1199 498 1468 541; baseline -0.004 -10"><span class='ocrx_word' id='word_1_201' title='bbox 1199 498 1278 531; x_wconf 80' lang='grc' dir='ltr'>τῶν</span> <span class='ocrx_word' id='word_1_202' title='bbox 1296 509 1468 541; x_wconf 70' lang='grc' dir='ltr'><em>πατερων</em></span> 
     </span>
     <span class='ocr_line' id='line_1_63' title="bbox 1198 545 1716 595; baseline 0.002 -13"><span class='ocrx_word' id='word_1_203' title='bbox 1198 549 1276 587; x_wconf 82' lang='grc' dir='ltr'>τοῖς</span> <span class='ocrx_word' id='word_1_204' title='bbox 1292 545 1455 593; x_wconf 85' lang='grc' dir='ltr'>πατράσι</span> <span class='ocrx_word' id='word_1_205' title='bbox 1473 555 1506 581; x_wconf 86' lang='lat' dir='ltr'>et</span> <span class='ocrx_word' id='word_1_206' title='bbox 1527 547 1716 595; x_wconf 79' lang='grc' dir='ltr'>πατρὲσσι.</span> 
     </span>
     <span class='ocr_line' id='line_1_64' title="bbox 1199 597 1469 647; baseline 0 -13"><span class='ocrx_word' id='word_1_207' title='bbox 1199 597 1288 638; x_wconf 75' lang='grc' dir='ltr'>τοὺς</span> <span class='ocrx_word' id='word_1_208' title='bbox 1307 598 1469 647; x_wconf 69' lang='grc' dir='ltr'><em>πατέρας</em></span> 
     </span>
     <span class='ocr_line' id='line_1_65' title="bbox 1200 646 1414 698; baseline 0.005 -13"><span class='ocrx_word' id='word_1_209' title='bbox 1200 646 1231 685; x_wconf 77' lang='grc' dir='ltr'><em>ὦ</em></span> <span class='ocrx_word' id='word_1_210' title='bbox 1249 663 1414 698; x_wconf 81' lang='grc' dir='ltr'><em>πατερες.</em></span> 
     </span>
    </p>
   </div>
   <div class='ocr_carea' id='block_1_18' title="bbox 1120 443 1162 477">
    <p class='ocr_par' dir='ltr' id='par_1_30' title="bbox 1120 443 1162 477">
     <span class='ocr_line' id='line_1_66' title="bbox 1120 443 1162 477; baseline 0 0"><span class='ocrx_word' id='word_1_211' title='bbox 1120 443 1162 477; x_wconf 90' lang='grc' dir='ltr'>Ρ.</span> 
     </span>
    </p>
   </div>
   <div class='ocr_carea' id='block_1_19' title="bbox 1771 549 2129 702">
    <p class='ocr_par' dir='ltr' id='par_1_31' title="bbox 1771 549 2129 702">
     <span class='ocr_line' id='line_1_67' title="bbox 1771 549 2129 585; baseline 0.008 -2"><span class='ocrx_word' id='word_1_212' title='bbox 1771 549 1829 583; x_wconf 85' lang='lat' dir='ltr'>Sic</span> <span class='ocrx_word' id='word_1_213' title='bbox 1860 550 2035 585; x_wconf 79' lang='lat' dir='ltr'>formabis</span> <span class='ocrx_word' id='word_1_214' title='bbox 2066 553 2129 585; x_wconf 90' lang='lat' dir='ltr'>da-</span> 
     </span>
     <span class='ocr_line' id='line_1_68' title="bbox 1793 600 2129 637; baseline 0.009 -3"><span class='ocrx_word' id='word_1_215' title='bbox 1793 601 1886 636; x_wconf 81' lang='lat' dir='ltr'>tivos</span> <span class='ocrx_word' id='word_1_216' title='bbox 1920 600 2026 636; x_wconf 88' lang='lat' dir='ltr'>huius</span> <span class='ocrx_word' id='word_1_217' title='bbox 2057 604 2129 637; x_wconf 87' lang='lat' dir='ltr'>for-</span> 
     </span>
     <span class='ocr_line' id='line_1_69' title="bbox 1790 654 2006 702; baseline 0 -16"><span class='ocrx_word' id='word_1_218' title='bbox 1790 666 1871 687; x_wconf 83' lang='lat' dir='ltr'>mae</span> <span class='ocrx_word' id='word_1_219' title='bbox 1889 654 1927 686; x_wconf 90' lang='lat' dir='ltr'>in</span> <span class='ocrx_word' id='word_1_220' title='bbox 1946 667 2006 702; x_wconf 80' lang='grc' dir='ltr'><em>ηρ.</em></span> 
     </span>
    </p>
   </div>
   <div class='ocr_carea' id='block_1_20' title="bbox 1527 754 1709 788">
    <p class='ocr_par' dir='ltr' id='par_1_32' title="bbox 1527 754 1709 788">
     <span class='ocr_line' id='line_1_70' title="bbox 1527 754 1709 788; baseline 0.005 -1"><span class='ocrx_word' id='word_1_221' title='bbox 1527 754 1709 788; x_wconf 86' lang='lat' dir='ltr'>Aliud.</span> 
     </span>
    </p>
   </div>
   <div class='ocr_carea' id='block_1_21' title="bbox 1133 829 2128 1445">
    <p class='ocr_par' dir='ltr' id='par_1_33' title="bbox 1133 829 1331 877">
     <span class='ocr_line' id='line_1_71' title="bbox 1133 829 1331 877; baseline 0 -11"><span class='ocrx_word' id='word_1_222' title='bbox 1133 831 1169 866; x_wconf 89' lang='lat' dir='ltr'>S.</span> <span class='ocrx_word' id='word_1_223' title='bbox 1199 829 1218 866; x_wconf 98' lang='lat'><em>5</em></span> <span class='ocrx_word' id='word_1_224' title='bbox 1236 830 1331 877; x_wconf 79' lang='grc' dir='ltr'><em>ἀνήρ</em></span> 
     </span>
    </p>

    <p class='ocr_par' dir='ltr' id='par_1_34' title="bbox 1198 881 2128 1032">
     <span class='ocr_line' id='line_1_72' title="bbox 1198 881 2128 932; baseline 0.005 -15"><span class='ocrx_word' id='word_1_225' title='bbox 1198 885 1267 917; x_wconf 85' lang='grc' dir='ltr'>τοῦ</span> <span class='ocrx_word' id='word_1_226' title='bbox 1284 881 1434 928; x_wconf 59' lang='grc' dir='ltr'><em>ἀνέρος,</em></span> <span class='ocrx_word' id='word_1_227' title='bbox 1471 889 1505 915; x_wconf 75' lang='lat' dir='ltr'>et</span> <span class='ocrx_word' id='word_1_228' title='bbox 1521 896 1537 918; x_wconf 86' lang='grc' dir='ltr'><em>ε</em></span> <span class='ocrx_word' id='word_1_229' title='bbox 1555 883 1660 922; x_wconf 80' lang='lat' dir='ltr'>elisa,</span> <span class='ocrx_word' id='word_1_230' title='bbox 1696 895 1737 916; x_wconf 83' lang='lat' dir='ltr'>ac</span> <span class='ocrx_word' id='word_1_231' title='bbox 1758 881 1783 918; x_wconf 80' lang='grc' dir='ltr'><em>δ</em></span> <span class='ocrx_word' id='word_1_232' title='bbox 1802 883 2015 930; x_wconf 80' lang='lat' dir='ltr'>interposita</span> <span class='ocrx_word' id='word_1_233' title='bbox 2045 901 2128 932; x_wconf 90' lang='lat' dir='ltr'>pro—</span> 
     </span>
     <span class='ocr_line' id='line_1_73' title="bbox 1198 932 2126 995; baseline 0.003 -27"><span class='ocrx_word' id='word_1_234' title='bbox 1198 937 1253 980; x_wconf 76' lang='grc' dir='ltr'>τῷ</span> <span class='ocrx_word' id='word_1_235' title='bbox 1271 933 1376 995; x_wconf 75' lang='grc' dir='ltr'>ἀνερι</span> <span class='ocrx_word' id='word_1_236' title='bbox 1391 932 1453 968; x_wconf 83' lang='grc' dir='ltr'>καὶ</span> <span class='ocrx_word' id='word_1_237' title='bbox 1470 932 1585 980; x_wconf 76' lang='grc' dir='ltr'><em>ἀνδρί</em></span> <span class='ocrx_word' id='word_1_238' title='bbox 1637 941 1717 979; x_wconf 83' lang='lat' dir='ltr'>pter</span> <span class='ocrx_word' id='word_1_239' title='bbox 1727 933 1945 980; x_wconf 70' lang='lat' dir='ltr'>euphoniam</span> <span class='ocrx_word' id='word_1_240' title='bbox 1953 937 2126 987; x_wconf 72' lang='grc' dir='ltr'><em>,ἀνδρός.</em></span> 
     </span>
     <span class='ocr_line' id='line_1_74' title="bbox 1198 983 1623 1032; baseline 0.002 -12"><span class='ocrx_word' id='word_1_241' title='bbox 1198 984 1266 1020; x_wconf 86' lang='grc' dir='ltr'>τὸν</span> <span class='ocrx_word' id='word_1_242' title='bbox 1283 984 1398 1032; x_wconf 77' lang='grc' dir='ltr'><em>ἀνέρα</em></span> <span class='ocrx_word' id='word_1_243' title='bbox 1416 999 1480 1020; x_wconf 85' lang='grc' dir='ltr'>και</span> <span class='ocrx_word' id='word_1_244' title='bbox 1499 983 1623 1032; x_wconf 74' lang='grc' dir='ltr'><em>ἄνδρα</em></span> 
     </span>
    </p>

    <p class='ocr_par' dir='ltr' id='par_1_35' title="bbox 1200 1032 1349 1098">
     <span class='ocr_line' id='line_1_75' title="bbox 1200 1032 1349 1098; baseline 0 -27"><span class='ocrx_word' id='word_1_245' title='bbox 1200 1032 1231 1071; x_wconf 75' lang='grc' dir='ltr'><em>ὦ</em></span> <span class='ocrx_word' id='word_1_246' title='bbox 1237 1036 1349 1098; x_wconf 70' lang='grc' dir='ltr'><em>ἄνερ.</em></span> 
     </span>
    </p>

    <p class='ocr_par' dir='ltr' id='par_1_36' title="bbox 1199 1086 1591 1135">
     <span class='ocr_line' id='line_1_76' title="bbox 1199 1086 1591 1135; baseline 0.005 -13"><span class='ocrx_word' id='word_1_247' title='bbox 1199 1090 1253 1122; x_wconf 81' lang='grc' dir='ltr'>τοῦ</span> <span class='ocrx_word' id='word_1_248' title='bbox 1271 1086 1378 1133; x_wconf 72' lang='grc' dir='ltr'><em>ἀνέρε</em></span> <span class='ocrx_word' id='word_1_249' title='bbox 1392 1087 1455 1123; x_wconf 74' lang='grc' dir='ltr'>καὶ</span> <span class='ocrx_word' id='word_1_250' title='bbox 1475 1087 1591 1135; x_wconf 76' lang='grc' dir='ltr'><em>ἄνδρε</em></span> 
     </span>
    </p>

    <p class='ocr_par' dir='ltr' id='par_1_37' title="bbox 1199 1138 1722 1187">
     <span class='ocr_line' id='line_1_77' title="bbox 1199 1138 1722 1187; baseline 0.006 -14"><span class='ocrx_word' id='word_1_251' title='bbox 1199 1140 1282 1174; x_wconf 84' lang='grc' dir='ltr'><em>τοῖν</em></span> <span class='ocrx_word' id='word_1_252' title='bbox 1299 1138 1450 1183; x_wconf 67' lang='grc' dir='ltr'>ἀνιροιν</span> <span class='ocrx_word' id='word_1_253' title='bbox 1467 1153 1529 1175; x_wconf 85' lang='grc' dir='ltr'>και</span> <span class='ocrx_word' id='word_1_254' title='bbox 1549 1139 1722 1187; x_wconf 72' lang='grc' dir='ltr'><em>ἀνδροῖν.</em></span> 
     </span>
    </p>

    <p class='ocr_par' dir='ltr' id='par_1_38' title="bbox 1201 1189 1613 1238">
     <span class='ocr_line' id='line_1_78' title="bbox 1201 1189 1613 1238; baseline 0.007 -13"><span class='ocrx_word' id='word_1_255' title='bbox 1201 1204 1236 1225; x_wconf 87' lang='grc' dir='ltr'>οι</span> <span class='ocrx_word' id='word_1_256' title='bbox 1255 1189 1381 1236; x_wconf 57' lang='grc' dir='ltr'><em>ἄνδρες</em></span> <span class='ocrx_word' id='word_1_257' title='bbox 1397 1204 1460 1225; x_wconf 83' lang='grc' dir='ltr'>και</span> <span class='ocrx_word' id='word_1_258' title='bbox 1478 1190 1613 1238; x_wconf 78' lang='grc' dir='ltr'><em>ἄνδρες</em></span> 
     </span>
    </p>

    <p class='ocr_par' dir='ltr' id='par_1_39' title="bbox 1199 1241 1692 1289">
     <span class='ocr_line' id='line_1_79' title="bbox 1199 1241 1692 1289; baseline 0.004 -12"><span class='ocrx_word' id='word_1_259' title='bbox 1199 1254 1277 1277; x_wconf 86' lang='grc' dir='ltr'>των</span> <span class='ocrx_word' id='word_1_260' title='bbox 1294 1241 1441 1287; x_wconf 57' lang='grc' dir='ltr'><em>ἀνέρων</em></span> <span class='ocrx_word' id='word_1_261' title='bbox 1455 1256 1518 1278; x_wconf 84' lang='grc' dir='ltr'>και</span> <span class='ocrx_word' id='word_1_262' title='bbox 1537 1243 1692 1289; x_wconf 75' lang='grc' dir='ltr'><em>ἀνδρῶν</em></span> 
     </span>
    </p>

    <p class='ocr_par' dir='ltr' id='par_1_40' title="bbox 1199 1291 1737 1343">
     <span class='ocr_line' id='line_1_80' title="bbox 1199 1291 1737 1343; baseline 0.007 -16"><span class='ocrx_word' id='word_1_263' title='bbox 1199 1295 1277 1332; x_wconf 79' lang='grc' dir='ltr'>τοῖς</span> <span class='ocrx_word' id='word_1_264' title='bbox 1294 1291 1455 1339; x_wconf 72' lang='grc' dir='ltr'>ἀνδράσι</span> <span class='ocrx_word' id='word_1_265' title='bbox 1473 1293 1538 1329; x_wconf 79' lang='grc' dir='ltr'>καὶ</span> <span class='ocrx_word' id='word_1_266' title='bbox 1557 1294 1737 1343; x_wconf 75' lang='grc' dir='ltr'>ὰνδρεσσι</span> 
     </span>
    </p>

    <p class='ocr_par' dir='ltr' id='par_1_41' title="bbox 1200 1343 1680 1394">
     <span class='ocr_line' id='line_1_81' title="bbox 1200 1343 1680 1394; baseline 0.008 -16"><span class='ocrx_word' id='word_1_267' title='bbox 1200 1343 1288 1384; x_wconf 75' lang='grc' dir='ltr'>τοὺς</span> <span class='ocrx_word' id='word_1_268' title='bbox 1305 1344 1441 1391; x_wconf 64' lang='grc' dir='ltr'><em>ἀνέρας</em></span> <span class='ocrx_word' id='word_1_269' title='bbox 1457 1344 1520 1380; x_wconf 79' lang='grc' dir='ltr'>καὶ</span> <span class='ocrx_word' id='word_1_270' title='bbox 1536 1345 1680 1394; x_wconf 76' lang='grc' dir='ltr'><em>ἄνδρας</em></span> 
     </span>
    </p>

    <p class='ocr_par' dir='ltr' id='par_1_42' title="bbox 1200 1391 1618 1445">
     <span class='ocr_line' id='line_1_82' title="bbox 1200 1391 1618 1445; baseline 0.01 -16"><span class='ocrx_word' id='word_1_271' title='bbox 1200 1391 1231 1430; x_wconf 80' lang='grc' dir='ltr'><em>ὦ</em></span> <span class='ocrx_word' id='word_1_272' title='bbox 1248 1394 1375 1442; x_wconf 58' lang='grc' dir='ltr'><em>ἀνέρες</em></span> <span class='ocrx_word' id='word_1_273' title='bbox 1393 1409 1457 1431; x_wconf 80' lang='grc' dir='ltr'>και</span> <span class='ocrx_word' id='word_1_274' title='bbox 1472 1395 1618 1445; x_wconf 72' lang='grc' dir='ltr'><em>ἄνδρες.</em></span> 
     </span>
    </p>
   </div>
   <div class='ocr_carea' id='block_1_22' title="bbox 1122 1086 1166 1224">
    <p class='ocr_par' dir='ltr' id='par_1_43' title="bbox 1122 1086 1166 1224">
     <span class='ocr_line' id='line_1_83' title="bbox 1122 1086 1166 1224; textangle 90"><span class='ocrx_word' id='word_1_275' title='bbox 1122 1086 1166 1224; x_wconf 63' lang='lat'>501:</span> 
     </span>
    </p>
   </div>
   <div class='ocr_carea' id='block_1_23' title="bbox 1430 1500 1822 1545">
    <p class='ocr_par' dir='ltr' id='par_1_44' title="bbox 1430 1500 1822 1545">
     <span class='ocr_line' id='line_1_84' title="bbox 1430 1500 1822 1545; baseline 0.013 -15"><span class='ocrx_word' id='word_1_276' title='bbox 1430 1500 1487 1543; x_wconf 80' lang='grc' dir='ltr'>Υρ</span> <span class='ocrx_word' id='word_1_277' title='bbox 1514 1511 1624 1545; x_wconf 85' lang='grc' dir='ltr'><em>υρος</em></span> <span class='ocrx_word' id='word_1_278' title='bbox 1651 1501 1754 1541; x_wconf 69' lang='lat' dir='ltr'>s;‚1cit</span> <span class='ocrx_word' id='word_1_279' title='bbox 1782 1509 1822 1535; x_wconf 84' lang='lat' dir='ltr'>ut</span> 
     </span>
    </p>
   </div>
   <div class='ocr_carea' id='block_1_24' title="bbox 1095 1572 2125 2679">
    <p class='ocr_par' dir='ltr' id='par_1_45' title="bbox 1095 1572 2125 2679">
     <span class='ocr_line' id='line_1_85' title="bbox 1135 1572 1388 1622; baseline 0 -12"><span class='ocrx_word' id='word_1_280' title='bbox 1135 1576 1170 1610; x_wconf 88' lang='lat' dir='ltr'>S.</span> <span class='ocrx_word' id='word_1_281' title='bbox 1200 1574 1219 1610; x_wconf 88' lang='lat'><em>5</em></span> <span class='ocrx_word' id='word_1_282' title='bbox 1236 1572 1388 1622; x_wconf 75' lang='grc' dir='ltr'><em>μάρτυρ</em></span> 
     </span>
     <span class='ocr_line' id='line_1_86' title="bbox 1199 1630 1480 1674; baseline -0.007 -12"><span class='ocrx_word' id='word_1_283' title='bbox 1199 1630 1269 1662; x_wconf 84' lang='grc' dir='ltr'>τοῦ</span> <span class='ocrx_word' id='word_1_284' title='bbox 1287 1640 1480 1674; x_wconf 74' lang='grc' dir='ltr'><em>μαρτυρος</em></span> 
     </span>
     <span class='ocr_line' id='line_1_87' title="bbox 1200 1676 1439 1724; baseline -0.004 -11"><span class='ocrx_word' id='word_1_285' title='bbox 1200 1682 1254 1713; x_wconf 84' lang='grc' dir='ltr'>τοῦ</span> <span class='ocrx_word' id='word_1_286' title='bbox 1272 1676 1439 1724; x_wconf 81' lang='grc' dir='ltr'>μάρτυρι</span> 
     </span>
     <span class='ocr_line' id='line_1_88' title="bbox 1201 1729 1460 1776; baseline -0.004 -11"><span class='ocrx_word' id='word_1_287' title='bbox 1201 1730 1268 1765; x_wconf 80' lang='grc' dir='ltr'>τὸν</span> <span class='ocrx_word' id='word_1_288' title='bbox 1282 1729 1460 1776; x_wconf 81' lang='grc' dir='ltr'><em>μάρτυρα</em></span> 
     </span>
     <span class='ocr_line' id='line_1_89' title="bbox 1199 1779 1412 1827; baseline 0 -11"><span class='ocrx_word' id='word_1_289' title='bbox 1199 1795 1230 1817; x_wconf 87' lang='grc' dir='ltr'><em>ω</em></span> <span class='ocrx_word' id='word_1_290' title='bbox 1247 1779 1412 1827; x_wconf 74' lang='grc' dir='ltr'>μάρτυρι</span> 
     </span>
     <span class='ocr_line' id='line_1_90' title="bbox 1159 1832 1440 1879; baseline 0 -13"><span class='ocrx_word' id='word_1_291' title='bbox 1159 1858 1168 1866; x_wconf 89' lang='grc'><strong>.</strong></span> <span class='ocrx_word' id='word_1_292' title='bbox 1202 1832 1256 1868; x_wconf 73' lang='grc' dir='ltr'><em>τα)</em></span> <span class='ocrx_word' id='word_1_293' title='bbox 1271 1832 1440 1879; x_wconf 63' lang='grc' dir='ltr'>μάρτυρι</span> 
     </span>
     <span class='ocr_line' id='line_1_91' title="bbox 1201 1881 1525 1930; baseline 0 -11"><span class='ocrx_word' id='word_1_294' title='bbox 1201 1886 1283 1920; x_wconf 84' lang='grc' dir='ltr'>τοῖν</span> <span class='ocrx_word' id='word_1_295' title='bbox 1302 1881 1525 1930; x_wconf 80' lang='grc' dir='ltr'><em>μαρτύρων.</em></span> 
     </span>
     <span class='ocr_line' id='line_1_92' title="bbox 1203 1935 1442 1982; baseline -0.004 -11"><span class='ocrx_word' id='word_1_296' title='bbox 1203 1937 1237 1971; x_wconf 86' lang='grc' dir='ltr'>οἱ</span> <span class='ocrx_word' id='word_1_297' title='bbox 1253 1935 1442 1982; x_wconf 70' lang='grc' dir='ltr'><em>μάρτυρες</em></span> 
     </span>
     <span class='ocr_line' id='line_1_93' title="bbox 1200 1985 1503 2034; baseline -0.003 -11"><span class='ocrx_word' id='word_1_298' title='bbox 1200 1991 1279 2023; x_wconf 78' lang='grc' dir='ltr'>τῶν</span> <span class='ocrx_word' id='word_1_299' title='bbox 1295 1985 1503 2034; x_wconf 84' lang='grc' dir='ltr'>ιιαρτύρων</span> 
     </span>
     <span class='ocr_line' id='line_1_94' title="bbox 1201 2036 1486 2084; baseline -0.004 -10"><span class='ocrx_word' id='word_1_300' title='bbox 1201 2041 1280 2078; x_wconf 75' lang='grc' dir='ltr'>τοῖς</span> <span class='ocrx_word' id='word_1_301' title='bbox 1295 2036 1486 2084; x_wconf 82' lang='grc' dir='ltr'>μάρτυροι</span> 
     </span>
     <span class='ocr_line' id='line_1_95' title="bbox 1202 2088 1504 2136; baseline 0 -11"><span class='ocrx_word' id='word_1_302' title='bbox 1202 2089 1292 2130; x_wconf 80' lang='grc' dir='ltr'>τοὺς</span> <span class='ocrx_word' id='word_1_303' title='bbox 1307 2088 1504 2136; x_wconf 80' lang='grc' dir='ltr'>ιιάρτυρας</span> 
     </span>
     <span class='ocr_line' id='line_1_96' title="bbox 1203 2138 1452 2189; baseline -0.004 -12"><span class='ocrx_word' id='word_1_304' title='bbox 1203 2138 1234 2177; x_wconf 77' lang='grc' dir='ltr'><em>ὦ</em></span> <span class='ocrx_word' id='word_1_305' title='bbox 1251 2139 1452 2189; x_wconf 79' lang='grc' dir='ltr'><em>μάρτυρες.</em></span> 
     </span>
     <span class='ocr_line' id='line_1_97' title="bbox 1229 2210 2125 2263; baseline 0.007 -21"><span class='ocrx_word' id='word_1_306' title='bbox 1229 2210 1269 2243; x_wconf 93' lang='lat' dir='ltr'>ln</span> <span class='ocrx_word' id='word_1_307' title='bbox 1295 2223 1350 2256; x_wconf 87' lang='grc' dir='ltr'>ωρ</span> <span class='ocrx_word' id='word_1_308' title='bbox 1376 2210 1557 2251; x_wconf 74' lang='grc' dir='ltr'>ριίιηίιίνιι</span> <span class='ocrx_word' id='word_1_309' title='bbox 1583 2210 1761 2254; x_wconf 83' lang='lat' dir='ltr'>genitivos</span> <span class='ocrx_word' id='word_1_310' title='bbox 1784 2212 1920 2247; x_wconf 82' lang='lat' dir='ltr'>faciunt</span> <span class='ocrx_word' id='word_1_311' title='bbox 1936 2226 2001 2258; x_wconf 85' lang='lat' dir='ltr'>per</span> <span class='ocrx_word' id='word_1_312' title='bbox 2018 2228 2125 2263; x_wconf 78' lang='grc' dir='ltr'><em>ωρος,</em></span> 
     </span>
     <span class='ocr_line' id='line_1_98' title="bbox 1124 2261 1421 2310; baseline 0 -14"><span class='ocrx_word' id='word_1_313' title='bbox 1124 2269 1164 2296; x_wconf 85' lang='lat' dir='ltr'>ut</span> <span class='ocrx_word' id='word_1_314' title='bbox 1179 2275 1265 2310; x_wconf 85' lang='grc' dir='ltr'>φωρ</span> <span class='ocrx_word' id='word_1_315' title='bbox 1282 2261 1421 2309; x_wconf 78' lang='grc' dir='ltr'><em>φωρὸς.</em></span> 
     </span>
     <span class='ocr_line' id='line_1_99' title="bbox 1095 2303 1332 2381; baseline -0.004 -24"><span class='ocrx_word' id='word_1_316' title='bbox 1095 2303 1100 2381; x_wconf 71' lang='grc' dir='ltr'>Ι</span> <span class='ocrx_word' id='word_1_317' title='bbox 1124 2323 1160 2357; x_wconf 90' lang='lat' dir='ltr'>S.</span> <span class='ocrx_word' id='word_1_318' title='bbox 1201 2320 1220 2358; x_wconf 82' lang='lat'><em>5</em></span> <span class='ocrx_word' id='word_1_319' title='bbox 1237 2324 1332 2368; x_wconf 86' lang='grc' dir='ltr'>ιχωρ</span> 
     </span>
     <span class='ocr_line' id='line_1_100' title="bbox 1095 2374 1424 2436; baseline 0.006 -28"><span class='ocrx_word' id='word_1_320' title='bbox 1095 2377 1099 2436; x_wconf 87' lang='grc' dir='ltr'>Ι</span> <span class='ocrx_word' id='word_1_321' title='bbox 1201 2376 1270 2409; x_wconf 83' lang='grc' dir='ltr'>τοῦ</span> <span class='ocrx_word' id='word_1_322' title='bbox 1287 2374 1424 2419; x_wconf 74' lang='grc' dir='ltr'><em>ἰχῶρος</em></span> 
     </span>
     <span class='ocr_line' id='line_1_101' title="bbox 1201 2426 1383 2471; baseline -0.016 -11"><span class='ocrx_word' id='word_1_323' title='bbox 1201 2428 1256 2471; x_wconf 78' lang='grc' dir='ltr'>τῷ</span> <span class='ocrx_word' id='word_1_324' title='bbox 1273 2426 1383 2469; x_wconf 82' lang='grc' dir='ltr'>ιχιῦρι</span> 
     </span>
     <span class='ocr_line' id='line_1_102' title="bbox 1203 2476 1407 2521; baseline 0 -10"><span class='ocrx_word' id='word_1_325' title='bbox 1203 2476 1268 2511; x_wconf 86' lang='grc' dir='ltr'>τὸν</span> <span class='ocrx_word' id='word_1_326' title='bbox 1284 2477 1407 2521; x_wconf 79' lang='grc' dir='ltr'><em>ἰχῶρα</em></span> 
     </span>
     <span class='ocr_line' id='line_1_103' title="bbox 1204 2525 1356 2593; baseline 0 -30"><span class='ocrx_word' id='word_1_327' title='bbox 1204 2525 1235 2563; x_wconf 81' lang='grc' dir='ltr'>ὥ</span> <span class='ocrx_word' id='word_1_328' title='bbox 1246 2527 1356 2593; x_wconf 80' lang='grc' dir='ltr'><em>ἶχωρ.</em></span> 
     </span>
     <span class='ocr_line' id='line_1_104' title="bbox 1205 2578 1386 2626; baseline 0 -11"><span class='ocrx_word' id='word_1_329' title='bbox 1205 2578 1258 2615; x_wconf 77' lang='grc' dir='ltr'><em>τα)</em></span> <span class='ocrx_word' id='word_1_330' title='bbox 1275 2582 1386 2626; x_wconf 63' lang='grc' dir='ltr'>ἰχῶρι</span> 
     </span>
     <span class='ocr_line' id='line_1_105' title="bbox 1202 2633 1466 2679; baseline 0.011 -14"><span class='ocrx_word' id='word_1_331' title='bbox 1202 2633 1285 2667; x_wconf 87' lang='grc' dir='ltr'>τοῖν</span> <span class='ocrx_word' id='word_1_332' title='bbox 1301 2633 1466 2679; x_wconf 88' lang='grc' dir='ltr'>ιχωροιν.</span> 
     </span>
    </p>
   </div>
   <div class='ocr_carea' id='block_1_25' title="bbox 1547 1576 2126 1678">
    <p class='ocr_par' dir='ltr' id='par_1_46' title="bbox 1547 1576 2126 1678">
     <span class='ocr_line' id='line_1_106' title="bbox 1547 1576 2126 1629; baseline 0.021 -22"><span class='ocrx_word' id='word_1_333' title='bbox 1547 1576 1689 1609; x_wconf 78' lang='lat' dir='ltr'>Dicilm</span> <span class='ocrx_word' id='word_1_334' title='bbox 1723 1585 1840 1612; x_wconf 78' lang='lat' dir='ltr'>autem</span> <span class='ocrx_word' id='word_1_335' title='bbox 1879 1586 1911 1613; x_wconf 84' lang='lat' dir='ltr'>et</span> <span class='ocrx_word' id='word_1_336' title='bbox 1937 1579 1956 1616; x_wconf 83' lang='grc' dir='ltr'>ὁ</span> <span class='ocrx_word' id='word_1_337' title='bbox 1982 1581 2126 1629; x_wconf 80' lang='grc' dir='ltr'><em>μάρτυς</em></span> 
     </span>
     <span class='ocr_line' id='line_1_107' title="bbox 1585 1625 1829 1678; baseline 0.022 -17"><span class='ocrx_word' id='word_1_338' title='bbox 1585 1625 1754 1675; x_wconf 72' lang='grc' dir='ltr'><em>μάρτυος</em></span> <span class='ocrx_word' id='word_1_339' title='bbox 1770 1630 1829 1678; x_wconf 72' lang='lat'>3²³).</span> 
     </span>
    </p>
   </div>
   <div class='ocr_carea' id='block_1_26' title="bbox 1123 1831 1164 1970">
    <p class='ocr_par' dir='ltr' id='par_1_47' title="bbox 1123 1831 1164 1970">
     <span class='ocr_line' id='line_1_108' title="bbox 1123 1831 1164 1970; textangle 90"><span class='ocrx_word' id='word_1_340' title='bbox 1123 1935 1164 1970; x_wconf 62' lang='grc' dir='ltr'>τε</span> <span class='ocrx_word' id='word_1_341' title='bbox 1123 1831 1156 1865; x_wconf 65' lang='lat'>:1</span> 
     </span>
    </p>
   </div>
   <div class='ocr_carea' id='block_1_27' title="bbox 1410 2528 2124 2575">
    <p class='ocr_par' dir='ltr' id='par_1_48' title="bbox 1410 2528 2124 2575">
     <span class='ocr_line' id='line_1_109' title="bbox 1410 2528 2124 2575; baseline 0.006 -15"><span class='ocrx_word' id='word_1_342' title='bbox 1410 2528 1606 2562; x_wconf 73' lang='lat' dir='ltr'>vocativus</span> <span class='ocrx_word' id='word_1_343' title='bbox 1622 2528 1753 2562; x_wconf 76' lang='lat' dir='ltr'>retinet</span> <span class='ocrx_word' id='word_1_344' title='bbox 1771 2529 1945 2574; x_wconf 87' lang='lat' dir='ltr'>syllabam</span> <span class='ocrx_word' id='word_1_345' title='bbox 1965 2530 2124 2575; x_wconf 74' lang='lat' dir='ltr'>genitivi.</span> 
     </span>
    </p>
   </div>
   <div class='ocr_carea' id='block_1_28' title="bbox 1126 2721 1333 2727">
    <p class='ocr_par' dir='ltr' id='par_1_49' title="bbox 1126 2721 1333 2727">
     <span class='ocr_line' id='line_1_110' title="bbox 1126 2721 1333 2727; baseline 0 0"><span class='ocrx_word' id='word_1_346' title='bbox 1126 2721 1333 2727; x_wconf 95' lang='lat' dir='ltr'> </span> 
     </span>
    </p>
   </div>
   <div class='ocr_carea' id='block_1_29' title="bbox 1095 2649 1100 2807">
    <p class='ocr_par' dir='ltr' id='par_1_50' title="bbox 1095 2649 1100 2807">
     <span class='ocr_line' id='line_1_111' title="bbox 1095 2649 1100 2807; baseline 0 0"><span class='ocrx_word' id='word_1_347' title='bbox 1095 2649 1100 2807; x_wconf 95' lang='lat' dir='ltr'> </span> 
     </span>
    </p>
   </div>
   <div class='ocr_carea' id='block_1_30' title="bbox 1159 2775 1959 2811">
    <p class='ocr_par' dir='ltr' id='par_1_51' title="bbox 1159 2775 1959 2811">
     <span class='ocr_line' id='line_1_112' title="bbox 1159 2775 1959 2811; baseline 0.005 -11"><span class='ocrx_word' id='word_1_348' title='bbox 1159 2776 1207 2806; x_wconf 82' lang='grc'>39)</span> <span class='ocrx_word' id='word_1_349' title='bbox 1226 2775 1362 2810; x_wconf 62' lang='grc' dir='ltr'><em>μάργους]</em></span> <span class='ocrx_word' id='word_1_350' title='bbox 1384 2778 1430 2801; x_wconf 73' lang='lat' dir='ltr'>Ed.</span> <span class='ocrx_word' id='word_1_351' title='bbox 1449 2778 1524 2803; x_wconf 81' lang='lat'>15³8·</span> <span class='ocrx_word' id='word_1_352' title='bbox 1541 2779 1639 2804; x_wconf 83' lang='lat' dir='ltr'>mendo</span> <span class='ocrx_word' id='word_1_353' title='bbox 1659 2779 1785 2809; x_wconf 57' lang='lat' dir='ltr'>tuingia:</span> <span class='ocrx_word' id='word_1_354' title='bbox 1810 2776 1959 2811; x_wconf 75' lang='grc' dir='ltr'><em>μάρτυρος.</em></span> 
     </span>
    </p>
   </div>
   <div class='ocr_carea' id='block_1_31' title="bbox 1574 2811 1676 2850">
    <p class='ocr_par' dir='ltr' id='par_1_52' title="bbox 1574 2811 1676 2850">
     <span class='ocr_line' id='line_1_113' title="bbox 1574 2811 1676 2850; baseline -0.01 -19"><span class='ocrx_word' id='word_1_355' title='bbox 1574 2811 1676 2850; x_wconf 50' lang='grc' dir='ltr'>,μ</span> 
     </span>
    </p>
   </div>
  </div>
 </body>
</html>
