2389 3037
81 120 156 157 593
269 120 313 154 V.

79 207 150 241 Ubi
168 207 304 251 agnitio
330 207 466 251 peccati
491 217 565 239 non
589 211 658 245 est,
694 205 742 238 ibi
768 217 841 238 non
868 210 985 249 potest
1007 215 1081 236 esse

496 257 642 291 iustitia.

78 310 150 345 Ubi
170 322 246 344 non
263 317 315 344 est
332 309 485 349 iustitia,
514 308 562 341 ibi
580 321 646 341 nec
664 309 748 342 vita.

78 362 151 396 Ubi
169 374 244 395 non
261 368 313 396 est
332 361 402 394 vita
415 387 424 399 ‚
451 361 500 393 ibi
520 373 630 394 mors.

77 414 152 448 Ubi
167 426 283 453 mors,
312 413 360 446 ibi
377 419 563 457 peccatum
577 440 585 453 ,
614 411 789 445 Diabolus
806 418 839 444 et
857 411 1030 443 infernus.

79 465 195 503 &laub
213 467 302 501 »aab
321 465 422 501 ss-eben
438 464 501 509 {ibt
517 467 572 500 bet
590 462 719 507 Eeuffel
737 473 800 505 au3

78 519 215 554 matum
231 518 304 557 batt
319 516 377 561 fest
395 518 455 552 mie
474 518 526 552 ein
544 517 694 561 &lyristen
711 526 802 550 man.

188 602 371 638 CCLVIII.
411 604 470 637 De
500 604 697 649 quodam
724 598 967 635 Mon-acho.

177 673 263 707 Fuit
284 673 431 719 quidam
460 669 662 705 Monachus
687 677 844 710 astutus,
885 669 947 714 qui
974 680 1080 701 mane

75 737 223 769 surgens
240 725 393 758 debebat
408 725 524 768 legere
542 721 650 757 boras
667 722 870 756 canonicas.
924 719 1080 765 Ipseau-

75 783 146 810 tem
165 777 321 811 sentiens
336 775 432 810 hunc
455 776 618 809 laborem
641 787 714 809 esse
738 774 902 808 odiosum
916 799 926 813 ,
954 772 1080 806 recita-

74 829 127 862 vit
136 827 379 874 Alphabetum
396 829 430 862 A
446 828 468 861 b
485 840 514 861 c.
569 827 726 860 Domine
742 826 821 860 Iesu
837 823 992 865 Christe,
1021 836 1079 858 ac-

74 880 152 925 cipe
171 878 236 914 has
260 881 401 920 literas,
426 886 461 913 et
485 880 539 913 fac
563 879 629 912 tibi
655 879 722 924 ipsi
750 877 859 912 horas
886 876 1078 910 canonicas

73 932 128 966 vel
148 934 246 978 quod
262 932 327 966 tibi
343 931 531 977 placuerit.

310 1025 459 1061 CCLIX.
502 1026 562 1059 De
588 1025 833 1070 Episcopo.

177 1094 378 1140 Episcopus
405 1093 686 1138 salisburgensis
712 1106 791 1127 cum
826 1093 862 1126 in
892 1091 1075 1137 publicum

73 1147 312 1181 diversorium
328 1146 542 1187 divertisset,
569 1147 691 1191 ibique
709 1157 846 1179 novum
865 1144 1078 1179 Testamen—

71 1206 148 1233 tum
164 1199 374 1244 reperisset,
403 1205 527 1243 aperto
543 1198 637 1231 libro
657 1199 750 1231 forte
770 1198 896 1231 incidit
918 1197 955 1230 in
981 1195 1077 1230 bunc

70 1252 190 1285 locum
209 1251 314 1285 Pauli
333 1251 377 1283 ad
392 1250 500 1284 Rom.
513 1278 521 1291 ,
547 1251 608 1283 ubi
631 1250 732 1283 dicit:
761 1250 995 1283 Arbitramur
1012 1249 1077 1294 igi-

72 1309 131 1337 tur
147 1300 334 1336 hominem
354 1301 537 1336 iustificari
553 1302 628 1335 sola
647 1303 715 1335 fide
733 1309 798 1336 etc.
811 1301 870 1348 16).
924 1301 995 1335 Ubi
1018 1301 1076 1334 ille

71 1360 276 1388 commotus
300 1354 353 1387 ira
378 1353 484 1387 dixit:
528 1353 649 1398 &icbe‘
684 1352 767 1396 bistu
794 1353 872 1398 aud>
896 1352 1076 1398 ssl'itbetisd)

71 1405 229 1443 morbeu?
263 1412 297 1439 et
317 1405 446 1439 abiecit
462 1406 607 1439 librum.

175 1500 309 1536 CCLX.
346 1499 410 1534 De
438 1499 667 1545 Episcopo
697 1499 964 1534 ambitioso,

174 1569 259 1604 Fuit
281 1568 484 1614 Episcopus
507 1568 655 1614 quidam
679 1568 844 1603 Basantii
869 1569 966 1614 apud
983 1568 1076 1603 Bur-

70 1623 271 1667 gundiones
294 1621 505 1654 ambitiosus
531 1627 566 1653 et
590 1621 725 1665 gloriae
752 1621 922 1665 cupidus,
960 1628 1000 1655 ut
1022 1621 1076 1654 in-

68 1674 153 1709 feris
167 1686 204 1708 se
220 1674 399 1707 devovere
415 1684 491 1706 non
509 1672 711 1714 dubitaret,
741 1673 850 1705 modo
866 1673 967 1706 fieret
985 1685 1076 1718 pon-

69 1726 156 1760 tifex
171 1726 381 1766 Romanus,
409 1725 587 1770 velletque
612 1731 734 1769 petere
754 1723 933 1764 Romam,
968 1731 1002 1758 et
1026 1725 1077 1759 ibi

69 1778 130 1823 pia
156 1777 416 1812 consuetudine
438 1777 573 1811 sedere.
638 1775 802 1823 Cumque
828 1776 899 1809 iam
924 1783 1014 1811 esset
1038 1777 1076 1810 in

68 1829 210 1870 itinere,
238 1829 338 1862 venit
353 1829 403 1862 illi
421 1828 564 1862 obviam
577 1828 753 1863 Diabolus
771 1828 955 1862 ablaturus
973 1829 1073 1863 illum

70 1882 116 1915 ad
131 1882 277 1915 inferos.
332 1880 533 1926 Episcopus
552 1881 677 1915 videns
694 1881 815 1915 adesse
841 1880 983 1915 animae
1009 1879 1074 1915 ho·

70 1940 180 1975 stem,
208 1933 353 1967 volebat
368 1946 404 1968 se
429 1933 619 1967 defendere
643 1933 745 1977 signo
771 1939 914 1966 sanctae
941 1933 1073 1969 crucis:

69 1985 245 2020 Diabolus
275 1997 362 2018 vero
396 1985 560 2020 auferens
587 1992 622 2020 et
642 1984 818 2030 recipiens
841 1984 1074 2031 Episcopum,

69 2038 131 2071 tali
151 2038 410 2083 epigrammate
426 2049 510 2071 usus
530 2044 600 2072 est:

176 2097 262 2129 Signa
281 2097 309 2121 te
328 2097 425 2128 signa,
453 2098 557 2121 temere
576 2104 619 2121 me
639 2097 732 2127 tangis
752 2099 779 2121 et
798 2097 894 2128 angis,

244 2140 332 2164 Roma
350 2140 399 2163 tibi
418 2139 509 2163 subito
529 2140 647 2164 motibus
669 2140 718 2164 ibit
735 2146 821 2165 amor.

149 2217 299 2252 CCLXI.
341 2217 401 2251 De
430 2217 548 2252 Luca
579 2219 760 2263 pictore
789 2202 993 2254 Witten-

459 2271 682 2314 bergensh

69 2393 139 2427 bem
153 2389 291 2435 fflistbof
311 2400 376 2427 von
404 2390 534 2435 {maini}
557 2394 686 2437 geefitn.

69 2443 171 2478 fuine
188 2441 327 2487 fisdylein
345 2442 492 2489 fiirgei'ef}
508 2446 653 2486 morben,
682 2445 731 2480 bie
749 2446 861 2486 batten
877 2449 947 2483 hem
965 2448 1072 2484 Qucass

70 2493 189 2530 §mater
206 2493 276 2539 febr
293 2497 360 2530 root
377 2494 569 2540 gesspmeffit,
592 2498 709 2532 battim
729 2508 761 2533 et
777 2498 855 2544 aud)
871 2500 936 2535 niet
952 2502 1071 2546 geefien

69 2546 148 2591 bat,
189 2547 252 2581 bae
282 2546 340 2590 sid>
371 2550 529 2590 »bet-man
561 2550 702 2584 batiibet
738 2553 946 2587 netmfinbett
970 2552 1068 2593 batte.
1097 2559 1098 2574 ἢ

105 2664 151 2697 16)
171 2666 248 2691 Rom.
264 2665 291 2693 3,
310 2665 352 2690 28.

105 2708 152 2737 17)
171 2707 314 2737 Cranaen]
333 2709 416 2733 coit:
442 2711 558 2735 Cranich

107 2752 153 2780 18)
173 2751 266 2783 maten]
287 2753 372 2778 Com:
400 2753 498 2778 martam

126 2794 310 2825 Marma-n.
335 2795 442 2826 oium.
478 2797 562 2827 Voi..
587 2798 659 2828 ΧΧ.

368 117 627 153 HISTORJAE
656 117 902 164 QUAEDAM
929 114 1209 151 RECITATAE
1237 114 1388 150 INTER
1416 113 1651 150 PUBLICAS
1678 114 1961 150 LECTIONES.

1240 597 1400 643 Quidam
1415 598 1544 633 stultus
1562 605 1658 632 stans
1683 605 1765 632 ante
1794 611 1953 633 mensam
1983 599 2019 633 in
2046 600 2141 639 aula,

1102 1042 1106 1054 t

173 2337 288 2372 Lucas
307 2337 527 2385 Cranachfl)
545 2339 661 2383 pictor
683 2341 741 2384 bat
766 2341 829 2385 aui*⁷
850 2344 902 2378 ein
926 2344 986 2387 &eit
1013 2345 1072 2379 mit
1098 2329 1099 2371 ἶ
1124 2308 1243 2346 mqfflt
1261 2302 1329 2336 fur·

747 2394 807 2430 ΞΜ
830 2394 999 2441 matenffl)
1027 2397 1072 2431 im
1098 2400 1099 2406 ¹

2068 114 2144 151 594

1138 202 1219 238 Quo
1239 203 1297 237 mie
1323 202 1400 247 aud)
1418 204 1471 237 bet
1488 202 1627 247 Qiscbof
1639 202 1759 248 folcbess
1776 202 1907 248 geieben
1928 207 2005 246 bat,
2035 204 2092 246 bat
2110 214 2143 237 et

1138 255 1171 288 in
1192 252 1342 299 geftagt,
1370 255 1409 288 ob
1429 264 1463 288 et
1483 254 1594 289 {tanet
1609 264 1676 290 mer
1702 257 1865 300 gemefien.
1921 255 2019 299 &agt
2038 254 2143 289 ssucass

1137 304 1275 340 ffltater:
1308 305 1359 344 Sa
1379 305 1513 349 matlid)
1535 306 1578 350 id)
1599 308 1653 342 bin
1674 307 1744 351 sebt-
1762 307 1872 342 francf
1888 305 2041 352 gemel'en.
2082 306 2142 341 &a

1136 357 1195 398 bat
1213 367 1246 394 et
1263 358 1295 391 in
1311 356 1462 401 gefragt,
1492 359 1530 392 ob
1547 361 1581 392 εὖ
1599 359 1677 404 aud)
1697 360 1776 404 [ang
1793 368 1870 394 met.
1925 359 2084 393 2tntmott
2110 369 2143 393 et

1136 409 1314 443 mibetum:
1342 409 1413 451 ῗςιιτ
1430 409 1479 444 32
1499 409 1611 449 &aren
1631 412 1685 456 [ag
1701 410 1745 455 id)
1762 410 1832 455 febr
1850 411 1959 446 trane?
1982 421 2018 454 51¹
2041 410 2141 445 {Sicu

1136 460 1170 494 in
1191 459 1386 503 &stettein-b.

1175 535 1401 583 CCLXI.¹⁸⁸)
1446 536 1506 571 De
1535 551 1641 583 rege
1669 545 1835 572 nasuto
1866 546 1909 572 et
1936 540 2093 573 stulto.

1136 651 1318 695 quendam
1346 649 1436 683 vidit
1465 662 1584 694 regem
1622 651 1670 683 ibi
1704 651 1885 684 sedentem
1918 665 1996 685 cum
2031 652 2141 695 longo

1134 713 1243 739 naso,
1268 714 1375 748 quem
1395 714 1475 735 cum
1499 702 1686 742 illusisset,
1715 703 1848 748 inquit:
1888 705 1939 743 (ξι)
1962 705 2023 739 mie
2046 702 2141 747 bustu

1133 754 1166 795 fo
1184 754 1235 788 ein
1252 755 1351 800 gtofie
1370 752 1481 797 naseu.
1524 753 1642 788 Iussus
1660 761 1711 787 est
1729 760 1861 791 tacere;
1892 766 1924 791 er
1941 758 2018 792 abet
2038 757 2140 792 molt&

1134 805 1291 841 mibetum
1310 811 1371 851 gut
1386 805 1537 851 macben,
1566 808 1630 841 nub
1657 805 1747 852 fagr:
1777 807 1828 849 (31)
1847 808 1907 843 mie
1924 806 2017 852 bastu
2037 807 2069 850 io
2088 810 2140 844 eiu

1133 857 1237 901 seint&
1256 858 1377 894 fleiness
1398 858 1532 903 nessein.
1585 857 1704 892 Iussus
1722 865 1774 892 est
1791 860 1894 892 educi
1915 866 1948 892 et
1974 861 2142 904 castigari

1132 909 1261 954 virgis,
1304 922 1348 943 ne
1375 908 1526 954 posthac
1552 910 1692 943 videret
1715 922 1849 954 regem.
1918 910 2001 945 Non
2033 912 2141 956 longe

1133 968 1251 995 autem
1271 968 1353 1006 post
1369 963 1548 1006 ingressus
1572 968 1624 996 est
1649 968 1683 995 et
1706 962 1796 995 dixit
1822 964 1866 995 ad
1895 963 2015 997 illum:
2053 964 2141 1000 ΞΒαῧ

1131 1013 1226 1057 geber
1260 1013 1339 1057 mid)
1370 1015 1442 1049 bein
1476 1013 1575 1057 naseu
1613 1025 1676 1056 au,
1717 1016 1778 1049 ba&
1808 1026 1887 1050 man
1912 1016 1991 1060 mid>
2021 1018 2141 1052 barum

1131 1063 1273 1111 fthegt?
1314 1071 1355 1100 bu
1374 1076 1436 1101 nat
1456 1073 1513 1110 got
1530 1066 1589 1111 geb
1607 1070 1649 1102 bu
1678 1065 1748 1109 basi
1772 1068 1823 1102 ein
1850 1066 1948 1106 naseu
1973 1070 2047 1104 obet
2074 1068 2141 1111 nef:

1132 1117 1220 1158 lein,
1249 1116 1280 1159 fo
1298 1117 1394 1161 fd>ie6
1413 1117 1456 1161 id)
1475 1119 1526 1152 bit
1546 1117 1607 1160 auf
1625 1119 1673 1153 bie
1689 1117 1798 1160 naseu.

1342 1192 1508 1228 CCLXII.
1545 1194 1606 1228 De
1634 1195 1788 1228 faceto
1817 1196 1930 1230 fure.

1236 1264 1286 1302 ssu
1304 1263 1462 1302 ssmicfam
1481 1264 1628 1309 quidam
1648 1276 1684 1298 se
1702 1264 1860 1298 interdiu
1886 1265 1923 1298 in
1949 1266 2053 1299 aedes
2082 1279 2141 1300 cu-

1130 1315 1271 1348 iusdam
1299 1316 1552 1360 proripuerat,
1587 1322 1627 1349 ut
1653 1317 1774 1349 omnia
1806 1317 1998 1360 diligenter
2020 1319 2140 1362 perlu-

1129 1372 1281 1406 straret,
1308 1366 1440 1412 siquid
1458 1367 1599 1400 auferre
1621 1374 1761 1412 posset,
1790 1375 1823 1401 et
1841 1381 1920 1402 cum
1947 1368 2039 1403 nihil
2062 1370 2140 1403 ani-

1130 1419 1396 1459 madverterat,
1448 1418 1539 1452 vidit
1568 1419 1605 1452 in
1637 1419 1753 1453 culina
1785 1419 1927 1455 lardum
1966 1423 2139 1466 pendens,

1131 1471 1227 1516 quod
1246 1471 1359 1503 furari
1377 1471 1597 1505 decreverat.
1659 1471 1749 1505 Cum
1771 1484 1856 1506 vero
1877 1485 2003 1508 omnes
2019 1474 2056 1507 in
2072 1475 2141 1508 do-

1129 1534 1190 1554 mo
1218 1522 1377 1556 cubitum
1403 1522 1571 1563 ivissent,
1607 1529 1642 1556 et
1666 1530 1807 1568 partem
1834 1525 1925 1559 collo
1950 1526 2139 1571 imponere

1130 1580 1303 1614 conatur,
1331 1574 1464 1608 decidit
1479 1575 1636 1608 lardum.
1690 1575 1768 1610 Hoc
1787 1578 1944 1612 tumultu
1965 1579 2140 1613 excitatur

1129 1625 1299 1660 dominus
1317 1626 1475 1667 aedium,
1493 1633 1527 1660 et
1542 1628 1737 1662 descendit.
1792 1628 1867 1663 Fur
1883 1630 2032 1665 audiens
2047 1637 2139 1665 stre-

1129 1677 1246 1722 pitum
1277 1679 1527 1713 descendentis
1551 1692 1592 1712 ex
1618 1680 1766 1714 aedibus
1799 1681 1955 1727 effugere
1987 1683 2137 1717 minime

1129 1735 1291 1773 poterat;
1333 1731 1441 1763 talem
1465 1731 1560 1764 enim
1586 1743 1702 1765 seram
1727 1730 1874 1774 habuit,
1910 1747 2003 1781 quae
2028 1735 2137 1769 etiam

1129 1781 1343 1816 intrinsecus
1361 1782 1495 1826 aperiri
1518 1795 1592 1816 non
1610 1790 1764 1828 poterat.
1817 1784 1931 1829 Igitur
1954 1784 2051 1820 hunc
2073 1789 2137 1821 do-

1128 1833 1202 1866 lum
1236 1833 1542 1875 comminiscitur,
1583 1837 1740 1869 accurrit
1771 1838 1816 1870 ad
1848 1838 2066 1880 fumarium,
2103 1846 2138 1873 et

1129 1891 1273 1930 accepta
1298 1886 1446 1930 fuligine
1470 1893 1585 1920 totam
1612 1887 1739 1921 faciem
1767 1889 1943 1933 denigrat.
2010 1890 2136 1924 Pater-

1126 1937 1281 1972 familias
1300 1938 1346 1971 ad
1370 1938 1489 1972 focum
1514 1939 1650 1984 pergit,
1678 1939 1912 1976 suscitaturus
1930 1943 2071 1987 ignem,
2101 1949 2136 1977 et

1127 2001 1207 2022 cum
1234 1989 1272 2022 in
1296 1989 1451 2023 cinerem
1476 1991 1599 2032 flaret,
1634 1998 1673 2025 ut
1698 1993 1883 2026 candelam
1911 1996 2135 2035 accenderet,

1125 2041 1184 2074 fur
1198 2053 1239 2074 ex
1259 2041 1369 2075 altera
1388 2049 1489 2087 parte
1514 2055 1589 2076 non
1616 2043 1736 2078 minus
1762 2044 1798 2077 in
1822 2045 1957 2080 cineres
1980 2046 2134 2091 inspira-

1126 2093 1188 2133 vit,
1216 2106 1288 2139 quo
1307 2095 1584 2139 perterrefactus
1601 2096 1860 2139 paterfamilias
1877 2097 2012 2144 inquit:
2043 2098 2134 2144 Quis

1126 2146 1271 2178 tandem
1309 2146 1370 2180 es?
1442 2147 1661 2191 Respondit:
1715 2147 1791 2193 Ego
1827 2161 1905 2183 sum
1943 2149 2132 2185 Diabolus.

1125 2196 1231 2230 Tunc
1255 2198 1330 2231 ille:
1361 2198 1459 2244 Quid
1479 2211 1563 2243 ergo
1589 2199 1668 2233 vis?
1720 2200 1941 2245 Respondit:
1971 2201 2132 2236 Lardum

1125 2249 1221 2283 volo.
1284 2250 1468 2295 Accipias,
1511 2251 1596 2284 dicit
1624 2252 1701 2291 ille,
1746 2259 1780 2286 et
1811 2253 1929 2288 abeas.
1994 2254 2132 2294 Habeo,

1382 2303 1499 2336 Abeas
1522 2315 1618 2347 ergo.
1673 2303 1777 2338 Tunc
1800 2305 1874 2338 ille:
1904 2306 2056 2350 Aperias
2082 2306 2132 2338 ia-

1124 2364 1247 2386 nuam.
1303 2353 1386 2399 Quo
1403 2355 1498 2387 facto
1514 2355 1602 2388 abiit
1618 2368 1761 2390 securus
1777 2356 1918 2390 lardum
1945 2358 1982 2390 in
2007 2356 2132 2391 hume-

1097 2411 1100 2450 ὁ
1124 2404 1173 2438 ris
1189 2405 1318 2440 ferens.
1372 2406 1483 2439 Fama
1503 2413 1648 2451 postero
1665 2407 1721 2440 die
1738 2420 1801 2452 per
1817 2415 1929 2442 totam
1948 2410 2129 2443 civitatem

1097 2485 1099 2499 1
1125 2456 1333 2502 divulgatur
1346 2457 1391 2505 19)
1418 2458 1612 2492 Diabolum
1638 2459 1743 2493 fuisse
1768 2460 1804 2493 in
1830 2461 1978 2495 aedibus
2004 2468 2037 2495 et
2062 2463 2131 2494 lar-

1124 2510 1209 2542 dum
1228 2509 1396 2544 voluisse.
1450 2509 1558 2543 Brevi
1578 2517 1742 2555 tempore
1772 2525 1850 2545 rum
1877 2514 2053 2547 eiusmodi
2078 2513 2130 2545 fa-

1097 2592 1098 2605 :
1125 2560 1247 2594 cinora
1269 2562 1380 2594 musta
1407 2569 1663 2607 perpetrasset,
1697 2570 1730 2596 et
1759 2564 1792 2597 in
1821 2565 1896 2609 ipso
1921 2566 2014 2598 facto
2041 2570 2131 2598 esset

1096 2611 1098 2618 ⁴
1124 2611 1379 2656 deprehensus,
1409 2615 1599 2648 coniicitur
1619 2615 1652 2648 in
1673 2628 1871 2653 carcerem,
1901 2623 1932 2649 et
1953 2629 2031 2649 cum
2056 2623 2129 2648 tor-

1158 2714 1221 2745 18⁸)
1245 2715 1290 2739 Sic
1309 2715 1379 2738 idem
1400 2722 1530 2739 numerus
1553 2717 1578 2739 in
1599 2717 1665 2740 (jod.
1690 2717 1729 2740 bis
1751 2717 1908 2746 adscriptus
1928 2719 1980 2741 est,

1164 2756 1208 2788 19)
1228 2756 1400 2789 divulgatur]
1423 2759 1479 2782 (¹011
1500 2767 1505 2781 :
1535 2759 1724 2787 divulgabitur

1661 2795 1707 2828 38
