2421 3037
257 118 329 155 511

254 213 329 240 tur:
370 212 491 238 tamen
517 208 548 235 et
566 202 643 234 Deo
670 201 1017 245 obtemperandum,
1047 205 1081 231 et
1105 197 1262 243 patriam

255 271 330 292 non
350 255 613 290 destituendam
634 265 707 286 esse
728 253 907 286 censebat.

358 305 560 351 Respondit
600 310 719 338 autem
754 304 879 349 legatis
912 316 975 348 per
1008 301 1257 335 Mercurinum

252 362 468 395 Oratore1n;
512 356 596 390 huic
623 357 717 389 enim
744 368 885 390 summa
919 356 997 388 laus
1030 353 1260 400 eloquentiae

252 412 490 446 tribuebatur.
560 408 655 442 Usus
687 414 739 442 est
768 408 878 452 igitur
903 406 1132 440 Mercurinus
1165 406 1263 439 lucu-

251 466 347 498 lenta
368 462 547 501 oratione,
571 467 678 506 atque
697 458 906 494 huiusmodi
925 459 1035 493 verba
1053 458 1152 492 fecit:
1185 457 1262 490 lure

251 517 408 550 laetatur
434 514 512 547 Rex
539 512 710 552 Carolus,
759 525 839 546 cnm
867 511 1142 551 benevolentia,
1186 516 1262 543 tum

251 580 339 602 vero
371 567 478 600 etiam
516 565 729 610 gravissimo
763 564 897 598 iudicio
932 563 1064 598 summi
1098 563 1264 600 Senatus,

251 619 471 655 Germaniae
490 617 725 662 Principum,
762 617 824 663 qui
848 623 922 650 tam
951 616 1062 650 dubio
1085 621 1264 658 tempore,

250 672 399 717 Imperii
421 670 723 715 gubernationem
750 669 817 713 ipsi
842 669 924 709 uni,
968 674 1045 701 tuto
1080 678 1264 700 commen-

252 725 332 759 dari
351 728 578 757 censuerunt.
633 721 730 766 Quid
750 721 844 754 enim
872 727 934 754 aut
957 720 1092 762 gratius
1117 718 1149 751 ei
1175 717 1265 751 acci—

252 779 337 812 dere
363 782 501 821 potest,
545 786 653 820 quam
687 774 785 819 quod
815 774 858 806 ab
883 773 1050 806 universa
1079 770 1195 815 patria
1229 781 1264 804 se

253 842 336 863 vere
358 827 474 861 amari
501 825 692 870 intelligit?
721 832 782 859 aut
806 823 1125 863 honorificentius,
1154 834 1265 868 quam

253 882 352 928 quod
371 879 627 925 sapientissimi
645 878 833 922 Principes
850 884 986 910 tantam
1006 876 1073 921 ipsi
1093 875 1264 907 virtutem

252 934 439 972 tribuunt,
483 938 517 964 et
554 931 655 975 quasi
693 929 918 969 divinantes,
972 941 1050 961 eam
1086 939 1185 971 spem
1222 927 1265 959 de

252 987 364 1032 ipsius
381 986 449 1018 fide
469 990 502 1016 et
526 982 693 1015 felicitate
718 987 981 1026 conceperunt,
1018 979 1200 1013 neminem
1227 984 1267 1012 ut

255 1040 297 1072 ad
323 1036 392 1071 boc
416 1034 564 1080 Imperii
584 1033 789 1078 fastigium,
817 1046 926 1079 quam
948 1033 1086 1078 ipsum,
1114 1029 1265 1065 evellere

254 1087 475 1124 maluerint?

254 1150 289 1176 et
307 1141 469 1186 cognatis
486 1139 719 1183 Principibus
737 1138 1031 1172 benevolentiam
1052 1143 1265 1182 perpetuam

253 1195 458 1241 pollicetur.
514 1191 787 1224 Deliberantem
812 1197 933 1224 autem
957 1191 1000 1223 de
1026 1188 1183 1234 Imperio
1211 1200 1268 1221 ac-

255 1247 423 1292 cipiendo
455 1245 619 1278 diversae
652 1255 759 1277 curae
789 1243 852 1276 diu
880 1248 1129 1276 exercuerunt.
1191 1239 1269 1274 Etsi

254 1299 350 1333 enim
378 1297 501 1341 magni
528 1296 641 1329 animi
667 1302 738 1337 est,
782 1308 856 1328 uon
884 1294 1058 1328 deterreri
1089 1294 1182 1327 mole
1214 1304 1267 1325 re—

253 1364 356 1391 rum,
391 1357 425 1383 et
447 1348 696 1393 magnitudine
721 1348 990 1393 periculorum,
1026 1359 1118 1393 quae
1145 1345 1269 1378 viden-

255 1411 314 1438 tur
347 1402 558 1447 impendere
591 1401 748 1434 intuenti
781 1412 876 1433 nunc
910 1398 1072 1438 ltaliam,
1123 1410 1216 1444 quae
1248 1409 1267 1429 a

255 1456 370 1490 Gallis
389 1460 552 1494 tenetur,
582 1465 678 1486 nunc
693 1453 833 1486 Turcas
855 1452 1111 1485 denuntiantes
1133 1450 1266 1483 bellum

254 1506 475 1542 Pannoniis:
505 1512 628 1539 tamen
647 1518 727 1538 cum
749 1517 831 1537 vere
847 1504 892 1538 sit
908 1504 1031 1537 divina
1059 1516 1115 1536 res
1141 1503 1269 1547 guber-

256 1560 378 1600 natio,
414 1570 480 1591 nec
502 1557 571 1591 nisi
598 1557 781 1601 aspirante
801 1556 900 1596 Deo,
936 1555 1019 1589 felix
1046 1567 1119 1589 esse
1145 1554 1270 1599 possit,

256 1617 448 1646 contanter
482 1616 516 1643 et
546 1609 711 1653 religiose
745 1607 901 1653 Imperia
933 1607 1141 1652 accipienda
1175 1611 1270 1640 sunt.

256 1664 354 1698 Haec
371 1663 479 1697 etiam
499 1662 697 1706 Hispania,
733 1660 797 1695 etsi
825 1661 918 1694 vires
944 1672 1044 1699 snas,
1074 1671 1167 1705 quae
1194 1669 1269 1691 non

257 1723 342 1751 sunt
367 1716 536 1760 exiguae,
570 1715 615 1747 ad
641 1713 849 1748 societatem
876 1724 999 1746 rerum
1025 1712 1267 1756 gerendarum

258 1769 382 1803 offert:
412 1774 536 1801 tamen
552 1766 671 1811 ipsum
686 1765 823 1810 Regem
846 1764 965 1805 domi,
1004 1764 1103 1797 velut
1127 1763 1165 1796 in
1191 1774 1269 1807 spe-

257 1822 336 1856 cula
353 1819 455 1865 regni
468 1847 477 1860 ‚
506 1819 690 1853 assiduum
706 1830 779 1852 esse
800 1817 934 1851 mallet.
996 1816 1065 1850 Sed
1084 1829 1101 1850 e
1120 1815 1269 1860 regione

257 1875 389 1907 durum
414 1872 624 1912 videbatur,
665 1870 805 1916 patriae
830 1882 937 1915 opem
965 1869 1009 1902 ab
1035 1870 1113 1914 ipso
1139 1868 1270 1912 implo-

257 1925 354 1959 ranti
390 1926 524 1959 deesse.
597 1922 715 1956 Movit
745 1923 852 1956 etiam
884 1921 1047 1955 animum
1079 1920 1268 1966 gentilium

257 1979 385 2017 decus,
417 1982 525 2022 atque
548 1973 741 2010 honestum
768 1987 841 2009 esse
862 1974 1016 2014 iudicat,
1045 1972 1103 2006 avi
1125 1979 1159 2006 et
1183 1985 1270 2018 pro-

259 2031 318 2064 avi
344 2029 506 2073 exempla
534 2028 648 2074 sequi.
709 2026 756 2060 Et
782 2039 863 2061 cum
892 2038 980 2060 avus
1008 2026 1183 2070 collapsas
1215 2036 1271 2058 res

257 2095 383 2117 rursus
415 2080 592 2121 erexerit,
636 2092 791 2126 cumque
827 2077 912 2112 huic
945 2078 1105 2111 familiae
1133 2077 1270 2123 potitae

257 2132 328 2168 hoc
350 2133 512 2178 fastigio,
546 2139 668 2166 tantae
693 2131 907 2166 accesserint
931 2143 1035 2175 opes:
1072 2130 1271 2163 arbitratur

259 2186 432 2221 divinitus
458 2183 552 2219 banc
575 2184 750 2218 familiam
775 2185 820 2217 ad
844 2183 991 2228 Imperii
1023 2182 1271 2216 defensionem

259 2239 395 2272 vocari.
461 2237 653 2271 Postremo
686 2237 793 2270 etiam
828 2235 1035 2281 principum
1062 2235 1270 2268 Electorum

262 2291 356 2325 votis
374 2296 408 2324 et
427 2289 560 2323 iudicio
580 2295 835 2334 permovetur,
868 2294 908 2321 ut
924 2301 999 2321 rem
1019 2287 1184 2321 omnium
1205 2287 1271 2320 dif-

259 2343 479 2382 ficillimam,
529 2340 676 2386 Imperii
713 2340 1037 2385 gubernationem,
1091 2340 1271 2384 suscipere

260 2395 381 2428 minus
398 2400 549 2428 recuset.

366 2446 460 2479 Tam
489 2445 624 2479 multae
649 2457 774 2489 graves
808 2457 936 2478 causae
967 2456 1048 2478 cum
1080 2456 1272 2478 concurre-

261 2505 360 2537 rent;
400 2510 554 2543 cumque
579 2497 753 2531 divinitus
777 2509 813 2530 se
839 2496 962 2530 vocari
993 2497 1039 2529 ad
1061 2495 1273 2542 Imperium,

261 2550 402 2596 patriae
426 2562 602 2584 consensu
629 2555 817 2582 statueret:
860 2550 1028 2589 tandem,
1064 2550 1162 2595 quod
1189 2549 1273 2583 felix

260 2604 492 2648 faustumque
519 2601 584 2641 sit,
619 2599 815 2646 Imperium
845 2602 1006 2646 accipere
1025 2601 1102 2635 Rex
1120 2601 1273 2636 Carolus

262 2654 442 2695 decrevit,
472 2660 505 2688 et
521 2651 615 2687 hanc
641 2653 865 2686 voluntatem
893 2666 1018 2694 suam,
1046 2653 1130 2688 Dux
1148 2653 1273 2688 Fride-

262 2707 354 2748 rice,
382 2719 401 2740 a
425 2713 458 2740 te
485 2705 617 2751 exponi
633 2704 879 2746 Electoribus,
914 2712 948 2739 et
974 2707 1128 2751 perferri
1156 2707 1194 2740 in
1219 2713 1273 2741 to-

262 2765 336 2792 tam
358 2758 592 2793 Germaniam
612 2758 783 2803 postulat.

889 110 1012 147 PHIL.
1041 111 1156 145 MEL.
1185 107 1391 144 SCRIPTA
1417 104 1689 142 HISTORICA.

530 1086 695 1120 Vicissim
724 1086 835 1130 igitur
859 1094 894 1119 et
917 1086 1057 1130 patriae
1082 1084 1281 1129 pietatem„

2247 109 2325 148 512

1421 193 1608 238 Principio
1626 206 1711 227 vero
1725 220 1733 234 ,
1763 194 1860 239 quod
1881 192 2020 237 Regum
2040 194 2325 238 sapientissimus

1317 246 1491 281 Salomon
1519 258 1632 279 unum
1663 246 1830 290 optabat,
1867 245 1902 277 id
1929 245 2004 290 ipse
2031 258 2177 292 qnoque
2211 255 2325 293 optat,

1317 312 1396 332 cum
1416 296 1577 331 humana
1594 297 1770 342 sapientia
1795 310 1870 330 non
1896 297 1940 331 sit
1964 309 2030 342 par
2059 304 2182 332 tantae
2199 301 2326 343 guber·

1318 350 1479 390 nationi,
1508 355 1548 382 nt
1567 348 1663 382 Deus
1682 355 1805 394 pectus
1826 356 1860 382 et
1879 350 2027 384 consilia
2048 350 2160 394 ipsius
2183 351 2219 384 in
2242 357 2326 395 toga

1318 409 1351 436 et
1382 403 1417 435 in
1445 401 1556 435 armis
1580 408 1700 445 regat,
1736 414 1776 434 ac
1801 402 1980 446 perficiat,
2023 408 2063 435 ut
2086 401 2267 436 Ecclesiae
2294 410 2329 437 et

1319 455 1384 488 toti
1404 454 1527 499 generi
1542 451 1704 486 humano
1722 451 1811 486 haec
1828 454 1939 498 ipsius
1957 454 2173 498 gubernatio
2194 455 2328 488 saluta-

1319 507 1366 541 ris
1385 507 1442 540 sit.
1498 505 1756 539 Meminitl‘tex
1767 505 1936 546 Carolus,
1965 518 2007 539 ex
2024 504 2091 539 hac
2108 506 2183 552 ipsa
2198 506 2329 551 Hispa-

1319 559 1377 591 nia
1413 559 1504 592 duos
1538 557 1720 602 principes
1753 559 1797 591 ad
1830 556 2028 603 Imperium
2063 565 2211 593 vocatos
2242 571 2330 600 esse,

1318 610 1520 644 Traianum
1543 616 1576 643 et
1587 608 1856 650 Theodosium,
1886 623 2042 656 quorum
2062 611 2152 644 alter
2171 611 2331 656 optimus

1319 663 1521 707 appellatus
1540 668 1612 702 est,
1641 662 1732 695 alter
1750 675 1825 696 non
1841 663 1957 696 solum
1976 663 2139 696 bonitate
2158 670 2193 697 et
2218 663 2331 698 armis

1319 714 1482 748 Traiano
1501 726 1567 759 par
1585 713 1672 755 fuit,
1700 715 1762 748 sed
1791 715 1898 748 etiam
1928 712 1996 748 hac
2022 715 2127 749 laude
2153 715 2331 756 excelluit,

1320 768 1419 813 quod
1438 779 1521 799 vere
1538 766 1655 799 Deum
1682 766 1810 808 coluit,
1847 780 1887 801 ac
1908 767 2076 813 perfecit,
2110 773 2151 802 ut
2166 767 2332 812 Evange-

1320 819 1409 852 lium
1438 819 1545 853 latius
1572 825 1857 863 propagaretur,
1890 826 1924 853 et
1952 819 2184 853 concordiam
2210 819 2332 854 Eccle-

1319 872 1392 905 siae
1416 871 1494 915 pie,
1522 870 1712 914 diremptis
1736 870 1910 913 dissidiis,
1945 871 2142 907 constituit.
2186 871 2233 905 Hi
2257 873 2330 906 duo

1320 923 1510 967 Principes
1529 936 1571 956 cx
1589 922 1765 967 Hispania
1785 924 1943 965 evocati,
1973 937 2052 958 cum
2076 924 2212 958 suerint
2237 925 2332 958 salu-

1320 982 1415 1009 tares
1447 975 1526 1008 orbi
1561 985 1760 1008 terrarum:
1806 976 1963 1011 laetatur
1990 976 2125 1011 omine,
2188 975 2332 1010 Horum

1321 1028 1482 1072 exempla
1502 1028 1569 1061 sibi
1591 1034 1792 1071 proponet,
1822 1034 1856 1061 et
1871 1028 2107 1062 annumerari
2128 1028 2333 1063 laudatissi—

1321 1080 1388 1114 mis
1416 1079 1702 1124 imperatoribus
1731 1080 1838 1113 volet.
1900 1081 2049 1114 Summa
2077 1082 2192 1115 virtus
2217 1081 2332 1114 maio-

1322 1145 1401 1165 rum
1427 1132 1495 1165 suit
1522 1132 1558 1164 in
1584 1138 1738 1176 utraque
1757 1132 1892 1165 familia
1907 1160 1916 1173 ,
1943 1132 2132 1167 Austriaca
2150 1140 2185 1166 et
2202 1132 2332 1177 Hispa-

1322 1184 1414 1218 nica.
1476 1184 1615 1217 Harum
1642 1183 1842 1217 similitudo
1869 1185 1906 1218 in
1930 1186 2038 1229 Regis
2055 1184 2177 1218 Caroli
2200 1191 2331 1219 natura

1323 1243 1356 1270 et
1376 1236 1497 1269 indole
1518 1236 1587 1269 iam
1606 1235 1790 1281 praeclare
1813 1236 1918 1271 lucet.
1980 1236 2185 1271 Comitatur
2210 1243 2332 1271 antem

1322 1289 1472 1322 felicitas
1489 1301 1569 1322 cnm
1591 1294 1749 1322 caeteras
1774 1288 1945 1331 virtutes,
1980 1296 2057 1323 tum
2085 1301 2172 1323 vero
2196 1288 2335 1334 praeci-

1322 1354 1392 1387 pue
1416 1341 1587 1386 pietatem
1616 1352 1698 1384 erga
1724 1340 1864 1383 Deum,
1898 1354 1990 1389 quae
2015 1342 2053 1374 in
2076 1340 2175 1387 Rege
2200 1341 2333 1375 Carolo

1324 1394 1468 1427 eminet.
1524 1393 1646 1438 Quare
1664 1405 1743 1437 spes
1762 1399 1814 1426 est
1833 1394 1907 1428 eius
1932 1393 2233 1438 gubernationem
2257 1394 2335 1427 fau-

1323 1453 1437 1487 stam,
1480 1445 1618 1478 felicem
1646 1450 1680 1477 et
1704 1445 1897 1479 salutarem
1922 1446 1999 1479 fore
2025 1446 2106 1479 orbi
2131 1452 2334 1479 terrarum:

1324 1504 1357 1531 et
1376 1505 1415 1531 ut
1431 1498 1495 1538 sit,
1525 1510 1649 1531 omnes
1668 1497 1755 1530 boni
1773 1503 1850 1530 toto
1870 1504 2015 1543 pectore
2033 1504 2118 1531 vota
2137 1498 2255 1531 facere
2271 1498 2336 1531 de-

1323 1551 1420 1584 bent.
1477 1549 1535 1583 Tu
1564 1562 1671 1589 vero,
1706 1548 1789 1583 Dux
1804 1549 2010 1591 Friderice,
2040 1550 2111 1591 ito,
2141 1556 2175 1583 et
2201 1549 2336 1595 princi-

1324 1603 1428 1647 pibus
1444 1601 1670 1635 Electoribus
1690 1602 1823 1646 gratias
1842 1603 1959 1647 agito,
1988 1614 2146 1649 quorum
2164 1602 2336 1646 cognovit

1323 1654 1492 1688 eximiam
1513 1666 1594 1698 erga
1615 1667 1651 1688 se
1670 1654 1960 1688 benevolentiam
1982 1667 2075 1694 esse;
2104 1666 2145 1688 ac
2167 1655 2335 1688 volunta-

1324 1713 1374 1740 tes
1400 1719 1525 1740 eorum
1551 1707 1786 1747 confirmato,
1817 1714 1851 1740 et
1875 1706 2135 1753 Imperatorem
2160 1706 2334 1741 Carolum

1324 1766 1445 1804 petere
1462 1759 1594 1800 dicito,
1622 1766 1661 1793 ut
1684 1759 1751 1804 ipsi
1777 1766 1951 1806 tanquam
1978 1760 2143 1794 custodes
2169 1759 2335 1804 publicae

1324 1812 1440 1857 pacis,
1475 1824 1538 1846 sua
1563 1812 1651 1853 fide,
1688 1813 1903 1853 concordia,
1932 1813 2085 1853 virtute,
2114 1811 2336 1846 Germaniae

1324 1864 1625 1911 tranquillitatem
1665 1871 1854 1905 tueantur,
1907 1866 2021 1898 donec
2056 1863 2260 1909 Imperator
2297 1863 2337 1896 in

1325 1917 1561 1951 Germaniam
1581 1917 1720 1957 veniet,
1748 1917 1811 1962 qui
1830 1917 1976 1963 quidem
1997 1917 2193 1950 adventum
2217 1922 2336 1950 matu-

1325 1982 1406 2002 rare
1426 1982 1534 2015 quam
1554 1969 1712 2014 primum
1733 1969 1903 2003 decrevit.

1431 2021 1528 2055 Haec
1558 2033 1637 2054 cum
1662 2021 1891 2055 Mercurinus
1919 2020 2086 2062 dixisset,
2127 2026 2202 2054 tota
2236 2019 2337 2053 curia

1326 2074 1483 2108 laetitiae
1507 2074 1634 2119 plena,
1663 2075 1736 2119 regi
1758 2073 1891 2107 Carolo
1916 2080 1950 2107 et
1974 2072 2193 2118 Imperatori
2212 2072 2337 2105 omnia

1325 2128 1441 2160 fausta
1474 2127 1701 2171 precabatur.
1765 2126 1895 2160 Postea
1926 2125 2079 2171 scriptae
2103 2131 2187 2159 sunt
2211 2124 2338 2158 literae

1327 2179 1371 2212 ad
1396 2178 1600 2219 Electores,
1636 2178 1673 2212 in
1705 2179 1835 2225 quibus
1860 2178 1938 2212 Rex
1960 2191 1996 2213 se
2020 2177 2216 2223 Imperium
2240 2188 2338 2210 acce-

1327 2231 1418 2276 pisse
1444 2232 1657 2276 profitetur,
1694 2238 1728 2265 et
1755 2233 1797 2265 de
1823 2231 2077 2266 constituendo
2103 2236 2198 2264 statu
2222 2228 2339 2274 Impe-

1328 2283 1392 2324 rii,
1428 2282 1519 2317 nihil
1544 2284 1621 2318 sine
1645 2284 1795 2318 consilio
1817 2283 2025 2318 Electorum
2055 2284 2234 2316 facturum
2263 2293 2338 2316 esse

1327 2336 1527 2382 profitetur.
1561 2336 1835 2371 Commemorat
1850 2336 1917 2371 sibi
1934 2334 2224 2370 benevolentiam
2241 2333 2339 2379 ipso-

1327 2400 1406 2421 rum
1443 2388 1738 2423 iucundissimam
1777 2401 1871 2430 esse,
1904 2395 1940 2422 et
1971 2388 2175 2422 voluntates
2209 2398 2338 2420 eorum

1327 2441 1529 2476 confirmat.
1584 2441 1775 2476 Postremo
1796 2441 1989 2487 pollicetur
2005 2441 2112 2474 etiam
2130 2438 2232 2472 brevi
2249 2451 2285 2473 se
2299 2438 2339 2472 in

1327 2493 1563 2528 Germaniam
1591 2501 1784 2529 venturum
1812 2506 1897 2528 esse.
1962 2492 2013 2527 Ut
2040 2491 2150 2537 igitur
2176 2490 2338 2525 sollicitis

1326 2545 1554 2581 Electoribus
1579 2546 1851 2593 quamprimum
1880 2546 2047 2580 voluntas
2071 2544 2194 2578 Caroli
2221 2542 2337 2589 Impe-

1327 2598 1459 2633 ratoris
1485 2599 1770 2644 significaretur,
1812 2597 2018 2632 Fridericus
2042 2596 2232 2631 Palatinus
2261 2608 2338 2629 am-

1327 2651 1496 2696 plissimis
1518 2652 1728 2687 muneribus
1747 2657 1916 2691 ornatus,
1945 2649 2065 2684 statim
2086 2649 2253 2683 dimissus
2273 2653 2337 2682 est.

1433 2704 1564 2738 Caesar
1591 2711 1712 2738 autem
1739 2703 1844 2736 initio
1876 2702 1970 2737 veris
2004 2715 2045 2736 ex
2068 2701 2241 2746 Hispania
2265 2699 2336 2734 sol-

1328 2768 1414 2791 vens
1431 2757 1572 2791 traiecit
1587 2757 1625 2790 in
1635 2755 1805 2802 Angliam
1817 2782 1826 2796 ,
1850 2755 1913 2790 ubi
1929 2767 1948 2789 a
1966 2754 2063 2800 Rege
2073 2753 2231 2788 Henrico
2241 2748 2335 2785 VIII.
