2389 3037
62 128 138 164 517

392 211 460 245 UO
488 210 738 256 dissyllabum.

167 271 215 305 Ui
237 272 330 306 duae
356 271 534 317 syllabae,
575 268 762 304 character
787 276 840 305 est
867 269 1070 316 praeteriti,

62 331 138 358 tum
162 324 295 369 supini.

112 376 237 421 Arguo
397 374 501 419 argui
658 380 828 418 argutum

113 426 240 462 lmbuo
399 426 514 461 imbui
656 426 851 460 imbutum.

488 495 641 541 Excipe:

113 556 222 591 Struo
382 557 497 591 struxi
654 561 831 589 structum

110 608 203 643 Fluo
383 608 470 642 fluxi
655 607 805 640 fluctum

108 660 194 695 Ruo
386 661 445 694 rui
473 666 594 693 rutum
622 665 657 692 et
682 658 820 692 ruitum
849 658 945 691 facit.

112 713 206 747 Pluo
391 712 467 757 plui
497 717 531 744 et
557 711 658 756 pluvi
685 717 824 745 veteres
847 710 974 744 fecere.

166 764 295 810 Supini
314 763 351 797 in
369 763 633 809 compositione
649 775 734 797 usus
754 769 806 797 est
831 762 1070 807 complutum.

166 824 368 861 Praeterita
389 831 423 857 et
439 824 568 868 supina
587 824 685 858 iuxta
702 821 767 857 has
791 824 952 868 regulas,
982 834 1072 868 quas

59 876 319 917 recensuimus,
345 876 501 916 variant,
528 875 668 922 reliqua
689 882 854 920 tempora
872 873 958 910 κατ’
977 873 1072 909 ἅνα-

60 927 195 978 λογίαν
226 928 444 968 declinabis,
488 927 587 961 iuxta
622 928 816 962 formulam
848 927 950 960 verbi
977 926 1072 971 lego,

61 993 155 1028 quae
174 981 212 1014 in
227 980 375 1014 Donato
396 986 503 1014 extat.

165 1032 314 1067 Passiva
344 1032 401 1078 (ut
423 1031 551 1078 supra)
587 1037 801 1065 mutuantur
812 1029 858 1077 l3)
882 1043 900 1062 a
926 1029 1073 1075 partici-

60 1085 130 1129 piis
153 1084 372 1128 praetersta,
415 1090 456 1118 ut
479 1083 579 1128 legor
603 1083 714 1117 lectus
740 1096 831 1117 sum.
902 1081 1010 1115 Extat
1039 1088 1074 1115 et

59 1133 194 1170 horum
212 1136 367 1170 formula
388 1136 485 1181 apud
505 1134 693 1169 Donatum
705 1134 763 1181 ι4).

163 1185 359 1222 Imitantur
376 1188 572 1222 formulam
592 1187 820 1232 passivorum
840 1185 1073 1231 deponentia,

60 1251 153 1285 quae
179 1240 445 1279 adscribemus‚
479 1251 525 1272 ne
547 1239 675 1283 procul
698 1245 874 1283 cogantur
899 1249 1073 1284 quaerere
1099 1270 1101 1272 ,

87 1303 178 1325 ueri.

60 1303 84 1336 P
165 1342 220 1376 Ex
239 1342 377 1387 supinis
395 1344 582 1387 finguntur
598 1341 789 1387 participia
807 1348 841 1374 et
864 1341 1072 1386 praeterita.

60 1393 199 1438 Supina
235 1406 322 1427 vero
354 1395 392 1427 in
422 1395 572 1438 singulis
601 1393 920 1428 terminationibus
951 1393 1072 1439 qualia

59 1446 168 1486 fiant,
211 1445 251 1479 in
280 1446 413 1490 regulis
445 1446 694 1491 superioribus
732 1447 902 1491 adparet,
944 1458 1072 1479 verum

60 1497 237 1531 nonnulla
258 1498 367 1532 etiarn
389 1498 585 1544 praeterita
607 1498 797 1532 discedunt
815 1499 860 1532 ab
878 1498 1059 1542 analogia.

169 1550 362 1594 Adipiscor
393 1551 544 1595 adeptus
576 1564 674 1589 sum;
725 1562 809 1583 nam
837 1550 957 1583 Varro
986 1550 1073 1584 dicit

63 1614 136 1636 esse
154 1613 174 1635 a
195 1602 308 1635 veteri
326 1603 438 1636 verbo
456 1602 618 1648 apiscor,
645 1603 741 1637 unde
758 1603 798 1635 fit
816 1609 934 1648 aptus.

165 1653 378 1699 Amplector
396 1655 582 1699 amplexus
600 1668 692 1689 sum.
739 1654 797 1688 Sic
814 1661 954 1688 caetera
975 1666 1071 1687 com—

62 1705 194 1750 posita.

170 1755 438 1791 comminiscor
466 1764 692 1791 commentus
717 1770 809 1792 sum.

167 1808 200 1842 A
217 1808 431 1843 reminiscor
449 1809 588 1843 nullum
608 1815 703 1843 extat
722 1809 972 1854 praeteritum.

166 1858 384 1906 Comperior
401 1861 516 1895 activa
538 1874 625 1895 voce
636 1860 682 1908 15)
707 1861 945 1907 praeteritum
972 1874 1070 1895 com-

59 1912 138 1957 peri
159 1911 257 1946 facit.

165 1963 368 1999 Defetiscor
396 1965 553 2000 defessus
578 1977 678 2005 sum,
708 1978 726 1998 a
754 1965 893 2000 fatisco.

165 2015 339 2051 Divertor
380 2017 512 2051 diverti
554 2017 668 2050 activa
707 2029 793 2051 voce
829 2018 1067 2063 praeteritum

59 2068 157 2103 facit.

164 2119 404 2165 Expergiscor
426 2127 653 2165 experrectus
669 2134 760 2156 sum.

162 2171 282 2206 Fruor
301 2173 431 2208 fruitus
454 2185 553 2214 sum,
581 2180 615 2207 et
639 2174 794 2208 fructus:
830 2172 913 2207 inde
938 2181 972 2207 et
998 2175 1067 2207 fre-

60 2230 116 2258 tus
138 2230 202 2258 est.

164 2275 314 2320 Fungor
420 2278 562 2312 functus
578 2290 656 2312 sum

166 2328 327 2363 Gradior
421 2342 561 2374 gressus
584 2343 675 2364 sum.
757 2329 814 2363 Sic
851 2331 1066 2375 composita,

424 2381 626 2426 Aggredior
655 2395 839 2427 aggressus
863 2395 942 2417 sum

162 2432 302 2467 Irascor
421 2433 534 2467 iratus
554 2447 632 2468 sum

162 2484 286 2519 Labor
419 2487 540 2531 lapsus
564 2499 642 2520 sum

163 2536 314 2583 Loquor
417 2539 558 2572 locutus
577 2551 653 2572 sum

98 2672 143 2704 13)
163 2672 334 2705 mutuantur]
356 2674 404 2697 Ed.
421 2682 444 2699 s.
457 2679 481 2698 a.
504 2674 590 2698 mate:
619 2674 758 2697 mutantur

98 2718 144 2744 14)
169 2717 252 2742 Editt.
271 2718 363 2749 1546„
384 2725 406 2743 s.
425 2724 449 2742 a.
471 2718 590 2742 addunt:
617 2717 773 2748 coniugatio
797 2718 874 2742 verbi
894 2719 982 2749 legor.

98 2761 142 2789 15)
164 2761 256 2784 activa
276 2762 356 2790 voce]
376 2762 459 2785 Editt.
477 2762 569 2788 1516„
587 2769 607 2787 s,
622 2768 662 2786 a.:
689 2763 826 2792 sumptum
838 2768 855 2786 a
869 2768 938 2786 voce
957 2763 1061 2791 activa,

724 121 847 158 XCVI.
901 121 1236 158 GRAMMATICA
1268 123 1463 161 LATINA.

2057 128 2132 163 318

1178 210 1321 244 Morior
1491 218 1656 246 mortuus
1676 225 1754 247 sum

1177 262 1315 297 Nascor
1488 271 1595 298 natus
1611 277 1689 298 sum

1177 313 1376 348 Nanciscor
1487 322 1614 349 nactus
1631 329 1709 350 sum

1177 365 1285 400 Nitor
1491 368 1591 401 nisus
1608 368 1663 401 vel
1682 369 1786 403 nixus
1806 382 1898 404 sum.

1178 417 1384 453 Obliviscor
1493 420 1624 454 oblitus
1641 433 1718 454 sum
1732 448 1741 461 ,
1770 422 1970 466 penultima
1990 423 2110 467 longa.

1177 469 1304 504 Patior
1488 484 1613 516 passus
1637 485 1714 506 sum

1177 522 1348 557 Paciscor
1489 530 1617 568 pactus
1636 537 1713 558 sum

1178 574 1394 609 Proficiscor
1494 577 1677 621 profectus
1695 590 1773 611 sum

1178 627 1324 673 Queror
1491 634 1638 674 questus
1656 641 1748 663 sum.

1178 679 1359 713 Revertor
1382 692 1547 715 reversus
1575 693 1673 721 sum,
1708 687 1743 714 et
1766 681 1899 714 reverti
1924 682 2020 726 apud
2039 681 2137 715 Cice-

1126 744 1268 766 ronem.

1178 784 1320 830 Sequor
1493 791 1635 819 secutus
1656 797 1734 818 sum

1177 836 1342 871 Ulciscor
1494 837 1591 870 ultus
1609 849 1687 870 sum

1178 889 1273 922 Utor
1493 901 1577 923 usus
1602 901 1693 923 sum.

1178 940 1334 980 Vescor,
1362 940 1522 987 Liquor‚
1552 947 1675 974 carent
1698 941 1916 986 praeteritis.

1258 1028 1334 1069 De
1367 1032 1561 1082 quarta
1592 1028 1997 1083 coniugatione.

1231 1102 1272 1135 In
1297 1110 1426 1149 quarta
1454 1103 1709 1148 coniugatione
1733 1102 1921 1148 praeteriti
1948 1100 2135 1135 character

1127 1154 1176 1187 ivi
1204 1161 1275 1196 est,
1313 1155 1434 1200 supini
1462 1156 1573 1196 itum,
1602 1155 1801 1200 penultima
1825 1155 1955 1199 longa,
1984 1161 2045 1195 ut,
2073 1166 2135 1188 au-

1127 1206 1222 1247 divi,
1250 1207 1427 1242 auditum.
1482 1208 1686 1254 Syncopam
1707 1207 1867 1241 admittit
1887 1206 2137 1252 praeteritum,

1127 1259 1226 1292 audii
1244 1259 1386 1294 audisti.

1181 1310 1246 1344 Cio
1406 1311 1476 1345 civi

1178 1363 1290 1397 Suffio
1398 1363 1516 1398 susfivi

1128 1415 1294 1449 videatur
1310 1427 1383 1450 esse
1401 1416 1533 1449 factum
1547 1442 1556 1455 ,

1127 1468 1370 1512 coniugando.

1635 1311 1745 1345 citum

1635 1364 1807 1404 suffitum,
1837 1364 1935 1409 quod
1953 1375 2033 1397 cum
2052 1375 2071 1396 a
2088 1364 2135 1396 fio

1597 1423 1719 1449 tamen
1745 1415 1797 1449 illi
1822 1415 1996 1451 dissimile
2024 1422 2077 1450 est
2098 1415 2136 1448 in

1232 1528 1302 1562 Sed
1320 1541 1339 1562 a
1365 1529 1488 1573 regula
1518 1529 1697 1575 quaedam
1723 1528 1831 1562 verba
1857 1528 1895 1561 in
1919 1525 1987 1562 hac
2011 1528 2134 1562 coniu—

1127 1581 1272 1626 gatione
1296 1581 1450 1615 variant.

1178 1632 1294 1666 Venio
1457 1633 1560 1674 veni,
1590 1634 1712 1678 priore
1730 1633 1858 1678 longa,
1887 1639 2048 1667 ventum.

1177 1685 1307 1719 Vincio
1456 1686 1553 1718 vinxi
1713 1686 1887 1719 vinctum.

1177 1737 1310 1771 Sancio
1452 1738 1554 1772 sanxi
1573 1745 1606 1771 et
1623 1738 1781 1777 sancivi,
1817 1743 1980 1771 sanctum
2001 1744 2035 1771 et
2053 1750 2134 1772 san·

1126 1790 1249 1824 citum.

1174 1841 1304 1875 Farcio
1463 1841 1547 1875 farsi
1572 1842 1727 1881 fartum,
1757 1847 1791 1874 et
1812 1842 2052 1886 compositum

1174 1893 1342 1928 Refercio
1462 1894 1588 1928 refersi
1721 1894 1894 1927 refertum

1174 1945 1301 1980 Fulcio
1462 1946 1543 1980 fulsi
1723 1946 1852 1979 fultum

1173 1998 1313 2032 Haurio
1459 1996 1564 2032 hausi
1722 1996 1891 2032 haustum

1175 2051 1299 2084 Sentio
1460 2051 1552 2084 sensi
1720 2062 1864 2084 sensum

1173 2103 1281 2148 Sepio
1455 2103 1548 2147 sepsi
1718 2109 1858 2147 septum

1174 2155 1316 2200 Sepelio
1457 2154 1605 2199 sepelivi
1720 2155 1900 2199 sepultum

1173 2207 1270 2242 Salio
1290 2207 1369 2241 salii
1388 2214 1421 2240 et
1447 2207 1538 2241 salui
1560 2207 1713 2246 saltum,
1752 2220 1836 2239 nam
1861 2206 1965 2240 salivi
1992 2206 2049 2240 vix
2075 2220 2130 2240 us-

1122 2273 1230 2306 quam
1250 2260 1346 2304 apud
1367 2266 1511 2293 autores
1530 2258 1762 2305 inveniasffi).

1175 2311 1307 2357 Aperio
1469 2311 1595 2356 aperui
1756 2317 1922 2356 apertum

1172 2364 1310 2409 Operio
1467 2364 1595 2409 operui
1754 2369 1921 2408 opertum

1171 2416 1330 2461 Reperio
1466 2417 1585 2461 reperi
1752 2421 1949 2461 repertum.

1225 2479 1281 2512 Ab
1317 2478 1437 2510 ambio
1480 2484 1531 2511 est
1565 2478 1742 2517 ambitus,
1786 2476 1985 2521 penultima
2021 2476 2124 2519 long-¹⁴.

1121 2530 1374 2574 participimii,
1409 2529 1562 2564 Ovidius
1590 2529 1697 2579 [Met.
1715 2528 1739 2569 l,
1757 2527 1857 2576 37.]:

1172 2581 1275 2616 lussit
1293 2589 1326 2615 et
1342 2583 1497 2615 ambitae
1517 2583 1743 2616 circumdare
1762 2583 1883 2615 littora
1905 2587 2033 2614 terrae.

1157 2726 1201 2757 16)
1225 2727 1267 2749 vix
1288 2732 1403 2756 usquam
1423 2739 1455 2742 ——
1476 2725 1626 2758 inveniam]
1655 2726 1739 2751 Editt.
1759 2726 1848 2749 1546..
1876 2732 1896 2748 S.
1912 2731 1954 2749 εις

1190 2762 1260 2791 apud
1281 2764 1395 2786 autores
1415 2762 1563 2791 reperitur.

1989 2730 2123 2755 nusquam
