2421 3037
782 104 906 139 PHIL.
945 103 1058 139 MEL.
1093 101 1297 137 SCRIPTA

272 104 347 142 759

270 195 316 227 ad
333 193 622 239 amplificandam
641 191 858 234 orationem,
887 190 953 225 hoc
972 191 1050 225 loco
1069 188 1163 224 baud
1184 189 1274 224 alius
1301 223 1305 240 ,-

270 246 499 280 commodior
514 256 587 279 esse
604 244 757 278 videtur.

670 321 834 357 Caussa
848 335 878 358 e.

371 391 417 425 Et
440 404 547 437 supra
573 391 609 425 in
625 392 849 428 finitionibus
868 406 1009 428 caussas
1029 393 1275 433 tractavimus,

269 457 341 492 quo
358 443 415 478 hie
432 444 578 478 brevius
598 444 843 479 absolventur.

374 496 506 530 Caussa
529 502 600 536 est,
627 497 723 530 unde
742 497 840 531 aliud
861 497 1093 543 consequitur
1104 496 1161 544 ⁹⁵).

375 547 542 582 Efficiens
572 554 624 582 est
648 561 803 593 persona
830 556 892 583 aut
915 561 991 590 res,
1020 562 1111 595 quae
1137 548 1273 594 aliquid

268 600 374 634 efficit
387 627 396 641 ,
423 606 462 633 ut
477 600 578 634 faber
595 601 744 635 domum
758 628 767 642 ,
796 608 899 646 pater
915 602 1040 635 filium.

373 652 525 686 Materia
543 659 612 694 est,
641 665 683 687 ex
701 666 771 700 qua
792 655 830 687 fit
847 653 1055 700 quidpiam,
1090 659 1125 686 ut
1138 679 1146 693 ,
1176 665 1216 685 cx
1235 652 1275 685 li-

267 717 339 751 gno
357 716 494 739 mensa.

370 757 506 792 Forma
523 763 575 792 est
594 757 671 802 ipsa
689 757 863 792 materiae
880 756 1027 802 species.

371 809 472 845 Finis
498 816 550 844 est
574 822 659 844 usus
680 810 745 844 rei.
812 810 868 843 Ab
893 810 1067 843 efficiente
1094 809 1276 842 ducuntur

267 869 496 906 argumenta,
522 868 596 895 tam
612 862 812 903 dialectica,
837 874 946 908 quam
963 859 1158 895 rhetorica.
1187 860 1276 894 Dia-

267 914 411 955 lectica,
438 921 479 949 ut
502 926 624 949 caussa
647 921 796 959 negata,
826 921 860 947 et
885 914 1049 947 effectum
1069 913 1195 957 negari
1214 925 1274 946 ne·

267 978 362 1001 cesse
387 973 457 1001 est:
502 972 561 1006 ut,
594 966 678 1001 Non
714 966 837 1011 genuit
859 965 1062 1005 Traianus,
1098 977 1182 1010 ergo
1210 977 1275 998 nec

266 1018 430 1052 Traiano
454 1018 547 1052 filius
571 1018 650 1052 fuit.
718 1018 901 1059 Rursum,
943 1019 1131 1052 adfirmata
1157 1029 1275 1057 causa,

266 1077 301 1105 et
319 1077 488 1105 eventum
508 1070 682 1104 affirmari
697 1083 840 1106 necesse
860 1077 926 1105 est:
958 1077 1006 1111 vt,
1030 1069 1165 1104 Genuit
1183 1069 1274 1103 Tra·
1302 1079 1304 1104 3

976 1122 1036 1156 Sol
1055 1122 1193 1163 oritur,
1220 1133 1274 1156 er·
1302 1114 1304 1137 ³

266 1123 390 1165 ianus,
417 1135 502 1168 ergo
520 1122 682 1156 Traiano
702 1124 822 1168 proles
843 1124 921 1157 fuit.

264 1188 310 1220 go
327 1175 403 1210 dies
422 1181 486 1210 est.
540 1175 660 1222 Atque
675 1175 713 1209 in
731 1173 786 1210 his
801 1175 972 1221 propriae
991 1186 1135 1209 caussae
1151 1187 1271 1208 rerum

264 1228 481 1273 spectandae
496 1234 599 1269 sunt,
626 1240 701 1261 non
718 1228 869 1268 alienae,
897 1240 971 1262 non
990 1228 1084 1262 enim
1102 1234 1182 1273 apte
1203 1228 1273 1262 col-

264 1281 392 1325 legeris
417 1278 487 1314 hoc
514 1281 643 1314 modo:
683 1280 802 1314 Faber
825 1287 898 1321 est,
926 1280 1035 1325 igitur
1053 1282 1182 1316 domus
1203 1287 1272 1319 est;

263 1335 325 1368 sed
339 1333 458 1367 Faber
473 1332 656 1374 aedificat,
684 1333 794 1378 igitur
812 1334 941 1368 domus
962 1335 1011 1367 fit.
1066 1332 1139 1366 Iam
1159 1340 1193 1368 et
1210 1346 1271 1368 sua

265 1392 437 1438 cuiusque
460 1397 582 1420 caussa
606 1387 801 1435 spectanda
822 1393 892 1427 est,
923 1399 940 1419 a
961 1398 1030 1433 qua
1052 1387 1200 1432 proprie
1217 1399 1273 1421 res

266 1447 321 1479 fit:
357 1451 416 1485 ut,
442 1444 556 1478 virtus
572 1444 722 1490 proprie
741 1456 759 1477 a
777 1444 844 1477 deo
869 1440 1136 1476 transfunditur
1154 1440 1187 1473 in
1208 1438 1273 1473 hu-

266 1509 375 1531 mana
392 1503 550 1542 pectora.
604 1495 670 1530 Est
686 1496 781 1530 enim
801 1508 863 1530 sua
883 1494 1054 1539 cuiusque
1073 1505 1208 1527 caussa.

369 1548 611 1583 Efficientium
636 1549 672 1581 in
695 1548 968 1593 pervestiganda
994 1558 1115 1580 rerum
1143 1552 1272 1579 natura
1302 1559 1303 1564 ¹

268 1608 301 1635 et
324 1601 464 1646 origine
488 1600 667 1645 plurima,
704 1607 744 1634 ut
768 1611 875 1645 supra
902 1600 936 1631 in
964 1598 1189 1632 finitionibus
1213 1598 1274 1630 ad-

267 1653 414 1694 monui,
450 1653 543 1686 ratio
579 1651 744 1686 habenda
778 1659 846 1687 est:
891 1663 1041 1695 nempe,
1078 1652 1120 1683 de
1146 1650 1304 1694 quibus¹

267 1703 410 1740 scholae
448 1704 548 1738 varie
581 1705 802 1749 disceptant,
839 1710 896 1743 ut,
933 1715 1004 1747 quo
1034 1709 1161 1736 autore
1189 1713 1272 1734 vera

268 1758 505 1802 absolutaque
522 1756 636 1791 virtus
658 1758 696 1789 in
715 1754 863 1790 homine
887 1754 972 1788 liat?
1006 1767 1092 1788 num
1120 1766 1184 1799 per
1211 1752 1275 1787 ho·
1302 1774 1304 1777 ·

268 1810 376 1844 minis
401 1809 643 1843 industriam?
672 1821 717 1842 an
743 1809 798 1841 dei
823 1806 978 1852 spiritu?
1007 1813 1067 1840 aut
1087 1819 1149 1840 cur
1170 1806 1202 1839 id
1222 1806 1275 1839 in-

268 1861 404 1896 dustria
438 1859 597 1895 hominis
628 1874 703 1895 non
736 1860 874 1906 possit?
918 1860 955 1892 in
992 1872 1097 1904 quem
1125 1860 1272 1892 modum

267 1914 381 1948 multa
405 1919 728 1947 controvertuntur
752 1915 796 1946 de
822 1912 954 1946 caussis
977 1911 1223 1945 efficientibus.

372 1965 467 2000 Usus
485 1972 536 1999 est
555 1977 679 2000 earum
699 1972 733 1998 et
752 1965 789 1998 in
807 1962 996 1998 rhetoricis
1021 1961 1209 2003 thematis,
1238 1968 1275 1994 ut

269 2018 306 2051 in
343 2018 510 2052 laudibus
547 2019 729 2052 ducuntur
771 2023 982 2062 argumenta
1027 2014 1224 2049 honestatis
1256 2025 1303 2046 a=

269 2070 519 2104 conditoribus
543 2077 577 2104 et
600 2070 789 2104 autoribus
809 2081 953 2109 rerum,
981 2074 1018 2102 ut
1033 2095 1041 2108 ‚
1067 2080 1158 2113 quae
1176 2066 1276 2112 prior
1301 2087 1304 2106 2

268 2123 346 2156 laus
369 2128 420 2157 est
450 2122 695 2163 matrimonii,
737 2134 845 2167 quam
871 2122 968 2166 quod
994 2119 1167 2153 divinitus
1192 2131 1276 2166 con-

269 2175 433 2208 stitutum
457 2174 534 2208 est?
588 2173 652 2209 Est
677 2180 711 2207 et
735 2173 798 2208 ubi
823 2174 860 2206 in
878 2174 1000 2207 litibus
1017 2171 1185 2212 consilia,
1214 2184 1276 2204 au-

270 2232 437 2271 toresque
471 2227 650 2260 factorum
691 2232 904 2259 tractantur.
972 2225 1170 2270 Propterea
1208 2221 1276 2257 hoc

269 2289 477 2312 caussarum
510 2290 620 2323 genus
657 2278 847 2323 diligenter
880 2277 1047 2310 tractavit
1075 2275 1125 2309 M.
1150 2275 1275 2309 Cicero

270 2329 306 2362 in
333 2329 500 2375 Topicis,
542 2331 604 2364 ubi
636 2331 673 2363 in
709 2329 944 2364 efficientibus
973 2335 1138 2363 numerat
1173 2334 1276 2361 natu-

272 2394 348 2415 ram
363 2381 432 2429 98),
461 2389 520 2423 ut,
549 2382 610 2416 Sol
635 2382 773 2423 oritur,
801 2382 911 2426 igitur
928 2382 1003 2415 dies
1021 2387 1083 2415 est.
1138 2379 1276 2413 Volun-

270 2440 404 2475 tatem,
441 2434 498 2468 cui
525 2435 816 2479 perturbationes
848 2441 882 2467 ct
916 2434 1063 2467 affectus
1095 2432 1208 2465 animi
1243 2437 1276 2465 et

272 2485 419 2520 consilia
444 2486 605 2527 subiicit,
640 2493 700 2528 ut,
734 2485 851 2520 Iratus
877 2492 972 2526 erat,
1006 2485 1165 2519 infensus
1187 2490 1276 2524 erat,

272 2538 381 2582 igitur
398 2538 587 2583 probabile
604 2545 674 2578 est,
703 2539 775 2572 vim
795 2539 838 2571 ab
860 2551 902 2571 eo
927 2538 1075 2571 illatam.
1132 2536 1276 2576 Casum,

307 2684 357 2712 95)
376 2685 476 2707 Aruiot.
496 2688 599 2713 marga
629 2683 752 2712 Quatuor
771 2687 931 2706 caussarum
953 2682 1068 2706 formae.

307 2727 355 2753 96)
376 2728 476 2752 Anum.
496 2732 599 2757 marg:
625 2725 810 2750 Efficieutiun:
831 2726 883 2749 «tuo
904 2731 1022 2756 genera:
1058 2726 1156 2749 natura
1177 2727 1202 2747 ct
1224 2730 1276 2747 vo—

344 2762 445 2786 luntas,

1336 100 1468 136 VAth
1501 100 1811 137 ARGUMENH.
2260 101 2333 137 760

1328 188 1422 224 Nam
1442 195 1477 223 et
1494 188 1532 222 in
1547 201 1603 223 res
1619 200 1829 223 communes
1847 186 2037 222 hominnm
2058 188 2168 221 multa
2187 188 2334 223 fortuita

1330 241 1506 275 incidunt.
1559 240 1702 274 Valebit
1730 240 1812 274 talis
1838 239 2066 274 efficientium
2094 240 2260 274 tractatio
2291 242 2336 274 ad

1300 332 1305 336 ,
1329 293 1568 327 exercendam
1586 288 1743 337 copiain.

1434 343 1582 377 Interim
1614 351 1648 378 et
1680 344 1717 377 in
1742 343 1977 378 efficientibus
2004 341 2169 376 habenda
2194 349 2246 377 est
2270 343 2336 377 cir-

1331 395 1629 430 cumstantiarum
1654 396 1761 430 ratio.
1820 396 1914 431 Nam
1939 392 2108 428 nonnihil
2131 395 2176 428 ad
2204 407 2335 440 propo-

1301 444 1305 447 ’
1330 447 1434 480 sitam
1454 448 1704 492 quaestionem
1722 447 1937 490 pertinebit,
1965 459 2037 492 quo
2054 453 2238 492 tempore,
2264 458 2337 493 quo

1331 498 1430 539 loco,
1468 498 1565 543 apud
1600 510 1691 544 quos
1727 497 1814 544 quid
1845 498 1978 531 factum
2015 497 2071 533 sit.
2136 498 2337 543 Diligenter

1330 550 1426 583 enirn
1455 550 1763 584 circumstantiam
1792 549 1966 595 temporis
1988 556 2118 583 tractat
2143 551 2338 595 Apostolus

1330 601 1465 636 Paulus
1480 602 1517 635 in
1535 602 1732 642 Romanis,
1761 602 1822 636 ubi
1839 602 2071 642 collecturus,
2099 603 2196 647 quod
2220 603 2337 647 operi-

1304 654 1305 696 ]
1331 654 1396 688 bus
1414 654 1500 698 legis
1517 666 1592 688 non
1611 661 1844 699 comparetur
1868 653 2023 694 iustitia,
2051 665 2070 686 a
2096 660 2259 699 tempore
2282 666 2337 687 ar—

1303 701 1305 729 ⁴,
1331 712 1582 750 gumentatur,
1610 704 1795 740 Abraham
1814 706 1947 741 iustum
1962 705 2069 740 fuisse
2086 712 2169 739 ante
2187 706 2338 740 circum-

1332 757 1503 792 cisionem
1519 785 1528 799 ,
1558 770 1633 791 non
1660 765 1910 803 comparatam
1935 758 2045 802 igitur
2066 757 2338 793 circumcisione

1332 809 1520 845 iustitiam.
1583 810 1652 844 Sed
1688 812 1732 843 de
1756 810 2034 845 circumstantiis
2061 822 2169 855 supra
2195 810 2338 844 monui-

1331 875 1423 897 mus.
1478 862 1536 896 Tu
1561 862 1787 903 observabis,
1816 860 1904 895 haec
1926 862 2107 907 pertinere
2136 863 2179 896 acl
2206 874 2338 906 augen-

1331 916 1413 948 dam
1444 914 1810 960 amplificandamquc
1834 914 2050 948 orationem.

1434 967 1466 1000 A
1483 966 1635 1000 materia
1660 968 1870 1013 formaque,
1898 966 2059 1006 rariora,
2093 967 2189 1012 quod
2215 966 2339 1005 sciam,

1330 1026 1542 1063 argumenta
1568 1025 1760 1063 petuntur,
1788 1025 1910 1052 tamen
1935 1018 2011 1052 fieri
2035 1018 2146 1058 solet,
2174 1024 2213 1052 ut
2228 1024 2338 1051 mate-

1330 1070 1382 1104 ria
1408 1078 1660 1116 comparetur,
1697 1077 1755 1111 ut,
1794 1070 1963 1111 Interest,
2001 1083 2042 1104 ex
2072 1082 2163 1104 auro
2193 1070 2257 1111 sit,
2292 1081 2337 1102 an

1302 1166 1303 1171 1
1330 1129 1480 1168 argento
1497 1121 1646 1168 cyphus.
1687 1122 1737 1156 Ita
1757 1136 1776 1156 a
1796 1124 1928 1163 forma,
1956 1130 1996 1157 ut
2016 1134 2108 1168 quae
2125 1120 2231 1167 cyphi
2248 1122 2338 1156 scul-

1300 1177 1304 1231 ἶ
1329 1181 1434 1221 ptura
1455 1176 1520 1216 sit,
1549 1176 1654 1222 quale
1672 1175 1759 1210 illud
1777 1181 1829 1211 est
1848 1176 1945 1221 apud
1960 1174 2152 1218 Virgilium
2172 1175 2209 1208 in
2226 1173 2341 1208 Buco-

1301 1235 1303 1277 ]
1329 1229 1404 1265 licis
1416 1230 1481 1277 ⁹⁷):

1301 1300 1304 1319 ¹
1486 1299 1671 1345 Quoniam
1693 1300 1757 1334 tibi
1774 1300 1903 1346 pocula
1922 1310 2057 1346 ponam

1328 1351 1463 1397 Fagina
1479 1379 1487 1393 ‚
1517 1352 1691 1387 caelatum
1711 1353 1824 1387 divini
1843 1365 1932 1398 opus
1950 1352 2222 1394 Alcimedontis,

1300 1429 1303 1449 J
1328 1403 1441 1438 Lenta
1462 1405 1592 1451 quibus
1610 1411 1716 1439 torno
1734 1405 1828 1439 sacili
1846 1404 2102 1450 supperaddita
2123 1405 2204 1439 vitis

1300 1458 1304 1511 ξ
1328 1457 1488 1492 Diffusos
1506 1455 1638 1491 hedera
1660 1458 1765 1492 vestit
1782 1458 1939 1502 pallente
1956 1457 2160 1503 corymbos.

1329 1509 1367 1543 [n
1386 1509 1505 1543 medio
1525 1511 1597 1543 duo
1615 1510 1713 1555 signa
1728 1537 1737 1550 ‚
1766 1510 1893 1543 Conon
1907 1537 1915 1550 ,
1943 1516 1975 1543 et
1995 1509 2074 1555 quis
2088 1509 2159 1543 fuit
2173 1508 2276 1549 alter,

1301 1589 1304 1597 ,
1328 1562 1524 1607 Descripsit
1546 1562 1648 1595 radio
1668 1568 1782 1596 totum
1803 1562 1863 1608 qui
1883 1561 2047 1606 gentibus
2064 1559 2216 1594 orbem?

1302 1639 1304 1647 ’
1330 1632 1385 1665 Sic
1405 1631 1499 1664 euim
1520 1630 1848 1675 argumentaberis:
1878 1629 2054 1664 Dametae
2076 1636 2195 1663 crater
2211 1641 2339 1664 aureus

1331 1691 1400 1723 est,
1436 1683 1564 1716 melior
1588 1683 1698 1727 igitur
1724 1683 1912 1716 Menalcae
1938 1683 2091 1728 poculo,
2124 1682 2221 1728 quod
2248 1682 2339 1726 fagi-

1330 1749 1415 1770 num
1437 1742 1500 1770 est.
1554 1734 1744 1769 Eiusmodi
1763 1735 2054 1780 comparationes
2072 1745 2191 1769 rerum
2213 1747 2253 1768 ex
2270 1731 2337 1767 hoc

1302 1797 1304 1802 ’
1331 1789 1410 1822 loco
1430 1787 1503 1833 peti
1525 1787 1653 1822 solent.

1435 1839 1580 1873 Finium
1618 1839 1812 1885 praecipua
1849 1839 1894 1874 sit
1929 1851 2026 1873 cura.
2085 1839 2212 1885 ,Neque
2240 1838 2335 1872 enim

1331 1893 1428 1926 aliud
1457 1891 1663 1936 diligentins
1688 1891 1894 1938 quaeritur,
1936 1903 2045 1937 quam
2071 1891 2151 1936 quis
2176 1902 2259 1925 usus
2285 1889 2338 1922 rei

1330 1945 1386 1979 sit.
1441 1944 1621 1985 Proinde,
1650 1956 1669 1977 a
1696 1943 1825 1977 finibus
1846 1943 2003 1989 plurima
2028 1944 2210 1977 ducuntur
2233 1953 2337 1986 argu-

1330 2003 1473 2038 menta,
1501 2008 1581 2030 cum
1607 2009 1625 2029 a
1650 1995 1865 2037 dialectIcis‚
1899 2002 1973 2029 tum
2003 2008 2021 2028 a
2045 1992 2270 2033 rhetoribus,
2298 2001 2338 2027 ut

1332 2049 1487 2094 populus
1503 2048 1692 2082 Romanus
1719 2047 1811 2082 tueri
1835 2048 1962 2081 urbem
1990 2047 2066 2082 vult
2091 2053 2217 2080 contra
2241 2045 2336 2080 subi-

1330 2108 1404 2135 tam
1433 2099 1592 2135 hostium
1618 2100 1713 2141 vim,
1750 2112 1834 2145 ergo
1861 2100 1990 2134 munit.
2049 2098 2267 2132 Dialecticus
2300 2098 2336 2130 in

1331 2153 1605 2198 pervestiganda
1628 2152 1679 2185 rei
1702 2159 1854 2192 natura,
1893 2163 2034 2197 semper
2058 2150 2235 2196 propositi
2262 2147 2338 2183 the-

1332 2206 1437 2240 matis
1464 2205 1652 2250 proprium
1686 2205 1835 2251 aliquod
1866 2204 2021 2238 officium
2054 2202 2258 2242 constituit,
2300 2208 2338 2236 ut

1331 2256 1510 2297 hominis,
1545 2256 1740 2298 disserere,
1783 2263 1885 2290 acute
1922 2255 2128 2301 disputare,
2172 2253 2336 2288 civilibus

1331 2309 1455 2343 officiis
1479 2321 1562 2343 suos
1588 2309 1732 2347 iuvare;
1776 2309 1824 2343 sic
1857 2308 2034 2348 iustitiae,
2069 2319 2173 2342 suum
2207 2306 2335 2351 cuique

1331 2361 1510 2401 tribuere,
1546 2372 1669 2405 pacem
1696 2361 1801 2395 tueri.
1862 2360 1910 2394 Et
1930 2357 2094 2394 rhetores
2116 2359 2154 2392 in
2176 2369 2338 2392 comme-

1332 2412 1518 2447 morandis
1537 2412 1724 2453 laudibus,
1752 2413 1837 2446 item
1855 2413 1892 2446 in
1909 2411 2101 2452 suasoriis,
2127 2409 2190 2457 qui
2212 2421 2335 2443 rerum

1330 2467 1466 2500 fructus
1483 2464 1574 2506 sint,
1600 2465 1644 2498 de
1664 2465 1794 2511 quihus
1813 2465 1950 2510 agitur,
1977 2464 2182 2503 declarant,
2209 2468 2271 2502 ut,
2298 2461 2335 2493 in

1331 2517 1496 2551 laudibus
1519 2517 1637 2562 pacis,
1664 2523 1905 2551 numerantur
1921 2516 2043 2550 omnia
2059 2514 2158 2560 pacis
2176 2525 2337 2548 commo-

1331 2571 1397 2610 da,
1425 2568 1541 2604 studia
1559 2581 1681 2603 rerum
1708 2570 1930 2603 urbanarum
1958 2568 2097 2612 privata
2122 2573 2158 2601 et
2180 2565 2336 2611 publica,

1332 2622 1476 2661 literae,
1511 2621 1767 2660 mercimonia,
1804 2628 1868 2655 otc.
1930 2620 2064 2652 Contra
2085 2619 2261 2652 bellorum
2283 2617 2334 2648 in·-

1364 2757 1413 2787 97)
1434 2756 1516 2789 Virg.
1536 2758 1593 2783 Ecl.
1608 2757 1634 2789 3,
1648 2757 1721 2782 36-
1731 2757 1771 2781 41.
