2453 3037
299 144 350 179 99

300 229 379 260 Aor.
395 239 424 260 a.
568 227 681 269 ἕτυψα
832 224 931 261 ἔλεξα
1095 223 1221 256 ἔπεισα

299 281 380 312 Aor.
397 281 427 313 b.
565 279 690 311 ἔτυπον
832 276 948 316 ἔλεγον
1096 275 1256 307 ἔπειθον.

582 340 656 374 llll.
867 338 942 373 IIII.
1124 339 1168 372 V.
1180 339 1226 383 ¹¹¹)

300 400 470 431 Praesens
567 396 687 438 φράζω
825 395 970 438 πράττω
1098 396 1221 438 ψάλλω

298 451 430 492 Imperf.
439 449 485 489 ⁴2)
562 447 713 490 ἔφραζον
829 447 999 489 ἔπραττον
1093 447 1251 490 ἔψαλλον

298 502 442 534 Perfect.
565 501 728 541 πέᾳρακα
828 500 1046 541 πέπραχα43)
1093 497 1230 541 ἔψαλκα

297 553 518 594 Plusqmperf.
563 550 775 592 ἐπεφράκειν
827 550 1081 594 ἐπεπράχειν43)
1092 550 1261 593 ὲψάλκειν

297 606 373 638 Fut.
394 615 424 635 a.
564 602 688 644 ᾳράσω
828 603 950 645 πράξω
1094 602 1198 644 ψαλῶ

297 657 375 688 Fut.
389 655 418 686 b.
563 652 687 696 φραόῶ
825 653 947 695 πραγῶ
1092 652 1195 695 ψαλῶ
1328 662 1332 679 ι

298 708 376 739 Aor.
393 716 422 737 a.
562 703 701 746 ’ἔφρασα
830 703 963 746 ἔπραξα
1093 703 1208 745 ἔψηλοι
1329 709 1331 724 ¹

298 759 378 790 Aor.
396 758 426 788 b.
561 754 715 798 ἔφραὸον
827 754 978 796 ἕπραγοιν
1093 755 1221 797 ἐψαλοι

720 817 776 852 Vl.
787 819 834 865 ⁴¹)

298 877 467 909 Praesens
490 875 565 915 μύω
802 877 878 907 Fut.
897 887 925 907 a.
948 876 1045 915 μϋσω

299 929 434 970 Imperf.
459 926 562 967 ἕμυον
801 929 876 959 Fut.
895 929 924 958 b.
947 927 1023 967 μυῶ
1329 916 1331 953 ἶ

298 981 445 1013 Perfect.
469 980 602 1020 μέμυκα
804 981 881 1010 Aor.
898 990 927 1010 a.
952 977 1062 1019 ἴμυσα
1328 981 1330 994 ¹

300 1032 565 1074 Plusquamperf.
589 1029 770 1069 ἐμεμύκειν
803 1032 881 1061 Aor.
897 1031 926 1060 b.
953 1028 1066 1069 ἔμυον.

406 1086 474 1120 Sex
505 1084 801 1128 coniugationum
835 1091 940 1129 typos
964 1083 1116 1123 tradidi,
1153 1089 1302 1129 quartae

302 1137 566 1182 coniugationis
593 1136 792 1180 duplicem,
834 1142 983 1181 propter
1011 1137 1100 1169 duos
1121 1135 1197 1168 eius
1221 1132 1304 1168 cha-

302 1197 457 1224 racteres
484 1187 760 1233 praeteritorum
788 1199 827 1220 ac
849 1188 1067 1221 futurorum.
1134 1186 1304 1219 Enitatur

301 1255 411 1288 puer,
438 1247 477 1274 ut
493 1252 728 1286 quaecunque
747 1246 938 1273 occurrant
956 1240 1063 1272 verba
1076 1266 1084 1279 ‚
1109 1237 1177 1271 hoc
1193 1238 1303 1271 modo

300 1306 366 1340 per
382 1292 567 1326 indicativi
585 1292 759 1325 formulas
782 1291 1016 1330 demetiatur,
1050 1288 1141 1323 nihil
1166 1290 1305 1323 maiore

304 1346 497 1380 commodo
518 1344 555 1377 in
575 1356 613 1376 re
631 1343 867 1387 grammatica
886 1342 1005 1376 faciet.
1064 1341 1158 1376 Nam
1185 1354 1226 1375 ex
1250 1339 1305 1374 his

301 1398 480 1443 reliquam
508 1394 797 1439 coniugationem
821 1394 924 1427 facile
949 1393 1127 1427 coniiciet.
1194 1392 1305 1437 Quid,

302 1449 464 1495 inquies,
493 1448 536 1480 de
553 1445 814 1480 circumflexis?
851 1458 913 1479 cur
937 1443 1053 1479 adhuc
1081 1445 1141 1477 illa
1167 1442 1305 1477 latent?

302 1500 482 1547 Equidem
515 1505 549 1532 et
571 1498 631 1530 illa
659 1497 695 1530 in
719 1495 806 1530 haec
832 1497 1014 1530 includam
1042 1495 1306 1541 paradigmata,

302 1560 344 1588 ut
378 1550 533 1589 videbis,
583 1555 689 1594 atque
725 1550 814 1581 adeo
852 1547 1065 1582 satisfaciam
1102 1547 1165 1580 tibi
1202 1558 1306 1591 pror-

304 1617 382 1640 sum
414 1604 451 1636 in
477 1601 650 1634 varianda
674 1598 824 1634 diathesi
848 1612 879 1634 ω
900 1601 1006 1634 unius
1021 1601 1090 1634 τοῦ
1107 1595 1236 1634 τύπτω
1253 1598 1306 1630 in-

304 1656 470 1690 flexione.

407 1706 462 1740 De
487 1703 682 1738 indicativo
708 1703 804 1737 satis.
873 1702 993 1747 Exigit
1015 1703 1102 1736 fides
1125 1714 1226 1742 mea,
1267 1706 1308 1734 ut

304 1756 473 1793 nonnihil
497 1757 534 1790 in
561 1755 650 1789 alios
675 1756 843 1788 adnotem
871 1755 1011 1788 modos.
1073 1753 1305 1799 Quamquam

304 1811 406 1845 facile
422 1810 473 1843 illi
491 1808 656 1854 quidem,
690 1807 824 1853 quippe
851 1818 892 1839 ex
919 1805 1122 1839 indicativis
1147 1806 1306 1838 forman-

305 1871 384 1903 tur,
412 1869 532 1895 tamen
549 1866 588 1893 ut
615 1858 831 1903 compendio
855 1870 945 1902 puer
973 1857 1092 1890 omnia
1124 1863 1307 1902 sequatur,

305 1913 396 1948 mihi
414 1925 518 1947 curae
539 1917 600 1945 est.

408 1964 533 2000 τύπτε.
569 1961 772 2005 analogiam
792 1973 951 2006 sequere.

409 2015 535 2063 τύψον
560 2013 720 2047 aoriston
744 2013 904 2046 futurum
932 2018 1002 2051 est,
1035 2022 1111 2043 nou
1134 2010 1308 2054 praeteri-

309 2076 385 2102 tum
399 2067 465 2112 Μ),
492 2080 511 2100 a
528 2062 660 2113 τύψω,
688 2078 718 2099 ω
735 2065 772 2097 in
791 2078 854 2108 ον,
882 2064 931 2098 sic
948 2064 992 2097 de
1015 2062 1112 2100 aliis;
1138 2062 1308 2108 frequens

308 2121 404 2154 enim
423 2117 491 2152 hoc
507 2120 667 2151 futurum
688 2123 758 2156 est,
781 2115 916 2161 ἐλεήσω
931 2113 1089 2160 ἐλέησον.
1138 2113 1307 2147 Fortasse

308 2171 472 2210 miraris,
520 2181 696 2214 quaenam
740 2168 811 2202 sint
854 2166 1062 2201 huiusmodi
1100 2165 1307 2210 praeterita.

309 2223 404 2257 Audi
428 2221 651 2255 Priscianum
688 2220 723 2252 in
755 2226 881 2253 octavo
907 2220 968 2253 lib.
995 2218 1043 2252 sic
1071 2217 1306 2251 scribentem:

310 2276 416 2321 Apud
435 2274 593 2307 Graecos
611 2272 717 2304 etiam
738 2271 922 2315 praeteriti
939 2270 1113 2314 temporis
1134 2276 1217 2303 sunt
1243 2269 1308 2301 im-

309 2326 491 2373 perativa,
520 2324 683 2370 quamvis
702 2324 775 2367 ipsa
794 2335 938 2368 quoque
966 2324 1009 2355 ad
1031 2321 1141 2355 futuri
1169 2328 1308 2365 tempo·
1333 2269 1337 2370 ι

310 2381 360 2414 ris
378 2389 520 2412 sensum
542 2375 758 2420 pertineant.
796 2371 983 2421 ἃνεᾳῖχθω
1001 2372 1023 2420 ἡ
1039 2370 1153 2419 πύλη,
1183 2379 1307 2417 aperta

310 2432 355 2466 sit
380 2435 505 2475 porta,
540 2427 683 2460 videtur
709 2427 907 2470 imperare,
949 2432 988 2459 ut
1013 2426 1050 2458 in
1076 2426 1198 2458 futuro
1219 2432 1308 2458 tem-

311 2494 399 2528 pore
415 2481 460 2515 sit
478 2478 732 2524 praeteritum,
762 2484 800 2511 ut
815 2478 843 2511 si
861 2478 998 2517 dicam,
1027 2477 1126 2521 aperi
1144 2489 1239 2510 nunc
1258 2477 1308 2509 ia-

311 2546 420 2568 nuam
434 2559 443 2573 ,
469 2538 509 2565 ut
527 2530 681 2564 crastino
702 2531 746 2563 sit
765 2536 902 2573 aperta.
957 2529 1052 2561 Haec
1069 2529 1139 2562 ille.

347 2652 395 2680 43]
415 2649 563 2691 nfnpaxu,
588 2645 771 2679 ἐπεπράχειν]
793 2648 840 2672 Ed.
860 2647 935 2671 1538,
956 2647 1042 2670 male:
1067 2645 1218 2679 πέφραχα,
1244 2644 1309 2671 ἔπι·
1334 2649 1337 2699 i

402 2700 405 2705 ι
435 2694 443 2707 l
507 2703 513 2709 ⁴

349 2692 541 2760 Ἇξῗοῖεἰέζοη
558 2741 591 2745 -
610 2726 805 2757 praeteritum]
825 2725 866 2749 sic
887 2724 969 2749 Editt.
986 2723 1197 2755 1522—1542.;
1224 2725 1307 2749 Editt.
1334 2706 1337 2750 l

384 2763 575 2788 1545—1557.
594 2762 718 2788 aoriston
739 2762 782 2785 vel
802 2761 924 2784 futurum
947 2761 989 2784 est
1010 2760 1052 2782 vel
1074 2760 1262 2788 praeteritum,
1333 2755 1337 2777 f

885 141 1008 177 PHIL.
1045 141 1158 175 MEL.
1194 139 1397 176 SCRIPTA
1433 137 1773 173 PHILOLOGICA.

2284 142 2356 177 100

1459 223 1592 271 τέτυφε
1610 237 1627 257 a
1648 223 1811 272 τὲτυφα,
1840 237 1910 258 una
1928 225 2029 258 litera
2051 233 2200 261 mutata.

1459 276 1561 309 Duae
1581 282 1664 309 sunt
1681 276 1896 320 imperativo
1915 289 2090 321 personae
2115 284 2254 312 tantum
2267 305 2276 319 ,
2304 289 2357 312 se-

1357 329 1472 362 cunda
1489 340 1528 361 ac
1546 327 1671 366 tertia,
1699 327 1848 371 perinde
1864 334 1904 361 ut
1922 328 2074 362 Latinis.

1458 375 1655 424 τύπτοιμι,
1701 379 1893 423 optativus.
1954 380 2151 414 Peculiaris
2176 387 2296 414 autem
2308 380 2356 426 ²⁵)

1356 429 1439 464 huic
1457 429 1642 463 character
1661 436 1693 463 et
1711 430 1813 463 notio
1832 437 1883 464 est
1900 444 1932 465 οι
1947 429 2204 476 diphthongus.
2265 431 2354 465 Eam

1356 494 1430 515 non
1448 482 1644 526 vulgariter
1661 481 1727 514 tibi
1746 483 1972 516 commendo.
2026 482 2066 516 In
2085 483 2219 517 aoristo
2236 482 2355 527 primo

1358 533 1394 567 in
1419 547 1456 568 αι
1476 533 1622 573 transit,
1652 539 1685 566 et
1703 533 1848 570 Aeolice
1870 533 1906 565 in
1932 547 1983 578 ει,
2015 541 2055 568 ut
2076 533 2238 582 τύψαιμι
2260 546 2358 567 com-

1357 585 1534 625 muniter,
1563 591 1597 618 et
1612 583 1747 631 τύψε-ια
1763 585 1919 618 Aeolice.

1461 634 1527 671 ἐὰν
1546 634 1686 671 τύπτω.
1741 635 1852 670 Notio
1872 636 2091 669 coniunctivi
2107 643 2177 677 est,
2204 635 2357 670 subscri-

1329 728 1331 740 Ι
1356 693 1440 731 ptae
1456 688 1632 721 secundae
1652 699 1691 720 ac
1709 687 1835 720 tertiae
1854 699 2029 732 personae
2044 700 2108 732 per
2126 688 2247 721 omnia
2267 694 2356 721 tem-

1329 741 1331 748 “
1356 750 1444 783 pora
1465 752 1506 785 ῃ,
1536 746 1575 772 nt
1590 734 1749 783 τύπτῃς,
1776 739 1908 784 quippe
1928 752 1945 772 a
1961 738 2128 783 τύπτεις,
2154 752 2184 774 ει
2209 750 2294 772 vero
2319 739 2356 771 in

1355 804 1379 835 ῃ
1396 791 1536 824 transit.
1591 789 1781 822 Caeterum
1800 797 1833 823 et
1853 789 2059 824 huiusmodi
2078 790 2210 824 aorista
2236 790 2354 824 sutura

1356 848 1457 882 sunt,
1485 853 1560 874 non
1578 841 1784 885 praeterita.

1458 890 1623 928 τύπτειν.
1685 891 1857 926 Infinitivi
1892 891 2069 940 ἐγκλίσεις
2103 892 2226 926 variae
2263 899 2357 926 sunt.

1356 943 1430 977 Scis
1469 944 1586 983 enim,
1633 943 1720 988 quid
1756 944 1895 977 soleant
1928 944 2174 984 circumflexa,
2220 950 2254 977 et
2289 955 2356 988 pro

1355 992 1486 1040 βοάειν
1509 995 1632 1041 βοᾶν,
1668 995 1855 1037 κισσάειν,
1890 997 2046 1039 κισσᾶν,
2075 992 2176 1037 ζάειν
2200 993 2289 1039 ζᾶν,
2323 1001 2357 1027 et

1329 1073 1330 1092 ἶ
1356 1039 1517 1090 Ρτολζᾶν
1544 1044 1631 1091 ζῆν,
1676 1045 1711 1078 id
1735 1053 1806 1084 est,
1847 1048 1987 1086 vixere,
2022 1052 2057 1079 et
2079 1047 2176 1091 apud
2201 1044 2356 1080 Theocr.

1356 1109 1422 1141 pro
1441 1095 1602 1144 συρίζειν
1622 1097 1751 1140 legitur
1768 1096 1958 1145 συρίσὸεν.

1458 1149 1522 1183 Est
1541 1156 1573 1182 et
1598 1148 1704 1181 activi
1719 1147 1982 1194 Aparemphati
2001 1148 2209 1182 terminatio
2230 1160 2357 1194 μεναι,

1357 1206 1396 1232 ut
1413 1201 1636 1244 τυπτὲμεναι
1653 1211 1720 1243 pro
1736 1199 1902 1245 τύπτειν,
1931 1207 1965 1234 et
1981 1199 2145 1234 abscisim
2162 1198 2360 1245 τυπτέμεν,

1358 1251 1394 1283 id
1420 1252 1517 1297 quod
1543 1252 1636 1295 apud
1662 1251 1860 1285 Homerum
1885 1252 2094 1297 frequenter
2117 1251 2272 1290 videbis;
2308 1257 2361 1284 est

1359 1303 1454 1336 enim
1472 1302 1591 1337 Ionica
1610 1303 1825 1346 proprietas,
1848 1310 1888 1337 ut
1903 1302 2032 1348 Odyss.
2047 1302 2075 1337 I.
2093 1301 2163 1351 [vs.
2175 1301 2251 1337 370
2267 1300 2358 1349 sq.]:

1411 1352 1486 1389 ἐπεὶ
1503 1353 1587 1389 τόδε
1602 1352 1719 1388 καλὸν
1735 1352 1918 1398 ἀκουέμεν
1935 1353 2036 1389 ἐστῖν
2052 1352 2186 1389 ἀοιδοῦ

1410 1403 1570 1449 τοιοῦδ’,
1595 1402 1671 1443 οἷος
1688 1403 1746 1439 ὅδ’
1770 1403 1861 1448 ἐστὶ,
1878 1405 1983 1444 θεοῖς
2001 1403 2208 1453 ἐναλίγκιος
2223 1402 2357 1450 αὐδήν.

1358 1457 1381 1491 i.
1401 1469 1430 1490 e.
1449 1457 1647 1491 Honestum
1675 1462 1727 1490 est
1753 1457 1878 1490 audire
1899 1463 2082 1490 cantorem
2103 1457 2231 1496 talem,
2271 1468 2358 1501 qua-

1358 1508 1401 1542 lis
1425 1506 1482 1541 hic
1507 1515 1559 1542 est
1584 1506 1709 1541 similis
1726 1506 1816 1541 Diis.
1859 1506 2042 1553 ἀκουέμεν
2067 1508 2111 1541 ab
2135 1505 2359 1553 ἀκουέμεναι

1359 1572 1426 1604 pro
1449 1558 1622 1602 ἀκούειν,
1656 1565 1695 1592 ut
1721 1558 1877 1604 ἔμμεναι
1900 1571 1968 1604 pro
1993 1556 2108 1605 εἶναι,
2143 1560 2203 1593 sed
2229 1559 2272 1592 de
2289 1556 2359 1592 hoc

1359 1612 1464 1645 infra.

1461 1661 1641 1695 Hactenus
1661 1659 1831 1696 diathesis
1854 1675 1906 1706 w,
1941 1674 2011 1708 qua
2036 1661 2155 1696 flectes
2179 1661 2294 1695 activa
2326 1667 2360 1694 et

1359 1720 1508 1754 neutra,
1542 1724 1739 1756 puerorum
1766 1725 1870 1746 causa
1896 1713 2015 1747 statim
2043 1720 2077 1746 et
2101 1713 2144 1747 iis
2168 1712 2360 1757 participia

1360 1765 1540 1799 adiiciam.

1464 1815 1758 1849 Terminationes
1775 1815 1883 1848 activi
1899 1815 2080 1859 participii
2097 1821 2181 1848 sunt
2196 1826 2270 1857 ων,
2290 1828 2360 1860 ως,

1360 1881 1414 1910 ας,
1482 1867 1606 1901 Solum
1640 1867 1874 1911 praeteritum
1905 1866 2101 1909 perfectum
2127 1866 2359 1911 participium

1361 1926 1512 1964 augetur
1529 1919 1625 1951 iuxta
1643 1918 1743 1951 verbi
1762 1918 1817 1951 sui
1833 1923 2078 1960 augmentum.
2137 1917 2293 1964 Reliqua
2320 1924 2360 1952 ut

1361 1971 1492 2004 aorista
1511 1981 1740 2015 nequaquam
1759 1975 1946 2013 augentur.

1648 2014 1665 2049 ὃ
1681 2017 1818 2049 τύπτων
1862 2017 1921 2048 τοῦ
1935 2017 2121 2052 τύπτοντος
2136 2019 2238 2058 quint.
2252 2019 2358 2059 simpl.

1381 2072 1471 2102 Part.
1495 2080 1604 2111 praes.
1649 2066 1666 2110 ἢ
1680 2069 1855 2100 τύπτουσα
1868 2069 1924 2110 τῆς
1938 2068 2128 2110 τυπτούσης
2141 2079 2207 2100 sec.
2224 2071 2331 2111 simpl.

1646 2120 1684 2152 τὸ
1698 2120 1826 2151 τύπτον
1865 2120 1925 2151 τοῦ
1937 2120 2123 2155 τύπτοντος
2138 2121 2240 2161 quint.
2254 2122 2359 2161 simpl.

1646 2169 1662 2203 ὃ
1680 2172 1833 2212 τετυφώς
1868 2172 1927 2203 τοῦ
1941 2172 2123 2213 τετυφότος
2135 2173 2236 2213 quint.
2253 2173 2360 2213 simpl.

1362 2226 1450 2258 Part.
1464 2226 1544 2266 pers.
1554 2226 1601 2266 ⁴⁶)
1625 2179 1662 2316 {57
1677 2224 1841 2264 τετυφυὶά
1870 2223 1926 2264 τῆς
1939 2225 2121 2265 τετυφυίας
2134 2234 2201 2255 sec.
2215 2225 2321 2265 simpl.

1642 2276 1680 2307 τὸ
1693 2275 1836 2316 τετυφός
1866 2274 1925 2306 τοῦ
1938 2275 2122 2316 τετυφότος
2137 2277 2239 2317 quint.
2252 2276 2359 2316 simpl.

1646 2323 1663 2359 ὃ
1677 2327 1798 2369 τύψων
1867 2327 1926 2358 τοῦ
1942 2326 1980 2358 τύ
1988 2331 2113 2369 ψοντος
2128 2332 2197 2368 qnt.
2207 2328 2357 2367 simpl.⁴⁸)

1361 2382 1450 2412 Part.
1461 2381 1535 2412 Fut.
1547 2336 1835 2462 1.47){2‘21251pov0'oe
1864 2379 1920 2419 τῆς
1934 2378 2109 2421 τυψοιῖσης
2123 2388 2190 2409 sec.
2208 2379 2315 2419 simpl.

1644 2430 1682 2461 τὰ
1695 2430 1808 2472 τύψον
1865 2430 1924 2462 τοῦ
1938 2430 2109 2472 τύψοντος
2123 2431 2224 2470 quint.
2240 2430 2344 2470 simpl.

1396 2528 1444 2555 45]
1464 2524 1568 2557 autem]
1590 2526 1615 2549 in
1637 2525 1719 2548 Editt.
1737 2524 1925 2549 1538—1541.
1946 2525 2033 2548 deest.

1398 2570 1445 2602 46)
1466 2570 1556 2598 Pera]
1577 2569 1618 2593 sic
1638 2569 1724 2592 latine
1744 2569 1862 2599 scripsi,
1882 2570 1912 2592 ut
1930 2569 1981 2591 hoc
2000 2573 2098 2591 nomen
2124 2567 2303 2597 praecedenti
2329 2569 2356 2591 et

1431 2604 1610 2634 subsequenti
1629 2604 1675 2627 lat.
1697 2605 1847 2634 congruat3
1872 2603 1955 2627 Editt.
1974 2603 2073 2625 habent
2087 2607 2232 2633 graecum:
2252 2608 2355 2633 παρακ.

1432 2647 1455 2664 s.
1494 2645 1568 2663 arae,

1396 2682 1445 2713 47)
1466 2647 1541 2706 Il’lart.
1562 2682 1623 2705 Fut.
1647 2683 1666 2704 1.
1688 2681 1728 2710 2.]
1755 2681 1839 2705 Editt.
1863 2680 1967 2704 1522-
1979 2681 2053 2703 1541.
2081 2680 2140 2704 Fut.
2163 2679 2259 2711 prim,
2284 2685 2358 2710 sec.;

1431 2716 1517 2742 Editt.
1536 2716 1609 2740 ¹542.
1629 2723 1703 2746 sqq:
1723 2716 1798 2740 Part.
1816 2713 1893 2747 μέλλ.
1915 2713 1966 2745 az,
1988 2715 2012 2746 β.

1397 2758 1445 2792 48}
1465 2757 1568 2791 simpl]
1590 2760 1612 2783 h.
1635 2760 1652 2783 l.
1675 2760 1700 2783 et
1719 2759 1747 2782 in
1767 2760 1893 2789 subseqq.
1913 2759 1947 2783 ab
1966 2758 2152 2790 Editt.15³8.,
2173 2758 2247 2782 ¹541.
2268 2757 2355 2781 abest.
