2421 3037
196 2165 200 2169 ,
247 2137 364 2171 debat.

251 78 327 115 815

251 167 317 200 bus
335 165 530 211 quotannis
549 164 668 203 addit,
685 160 965 204 omittebantur,
981 171 1132 210 propter
1150 177 1259 211 quem

252 218 429 251 desectum
449 216 650 255 accidebat,
679 221 718 249 ut
734 215 920 249 novilunia
940 228 1019 249 cum
1041 216 1167 261 primis
1186 217 1259 250 die-

251 271 318 303 bus
343 268 520 301 mensium
547 279 621 301 non
647 274 908 311 congruerent,
940 268 1008 301 fuit
1033 281 1122 313 opus
1147 269 1259 302 altera

253 319 540 359 intercalatione,
559 331 629 365 qua
647 318 775 364 quinto
794 332 938 366 quoque
957 332 1053 354 anno
1073 333 1166 354 unus
1185 321 1260 355 dies

252 371 399 417 reliquis
423 371 591 405 trecentis
614 370 878 417 quinquaginta
904 378 1061 417 quatuor
1078 372 1259 407 insereba-

251 431 327 463 tur,
354 429 394 456 ut
418 435 514 456 nunc
538 423 630 456 solet
652 423 729 456 fieri
749 423 792 455 ad
813 424 1027 468 explendum
1048 437 1182 458 annum
1203 438 1260 458 so-

250 476 360 509 larem
374 501 383 514 ,
412 481 451 508 ut
472 481 644 508 maneant
668 474 896 520 aequinoctia
923 482 957 509 et
974 476 1124 510 solstitia
1144 477 1182 509 in
1200 476 1259 510 iis-

249 528 330 560 dem
350 526 452 573 quasi
469 526 638 570 vestigiis.
692 525 743 560 Ita
769 527 820 559 illi
838 525 934 561 hunc
957 528 1051 561 diem
1069 528 1256 562 collectum

249 592 291 613 ex
306 584 463 624 quatuor
480 577 744 624 quadrantibus
760 578 844 620 diei,
859 580 986 625 quinto
1001 593 1145 626 quoque
1160 593 1257 613 anno

247 631 375 665 ultimo
401 630 515 664 mensi
536 630 762 671 inserebant,
792 637 831 664 nt
853 632 1040 665 novilunia
1063 632 1100 665 in
1120 632 1257 677 primos

247 683 323 717 dies
346 682 478 716 mensis
495 694 638 727 semper
663 683 902 717 incurrerent.

354 734 431 767 Hoc
473 747 603 779 genere
637 746 817 768 annorum
857 735 1098 781 antiquissimi
1137 742 1257 780 patres

249 787 356 820 etiam
377 792 459 820 ante
478 786 653 820 diluvium
675 787 790 832 (quod
807 800 848 820 ex
867 785 1017 821 historia
1038 785 1166 822 Nubae
1184 788 1256 821 col-

247 839 309 884 ligi
337 838 492 885 potest),
525 838 712 885 deinde¹⁹)
740 839 901 883 ipsorum
928 840 1086 884 posteri,
1119 838 1255 880 ludaei,

248 903 390 935 semper
415 890 469 924 usi
494 897 596 930 sunt,
626 893 721 924 unde
747 892 870 924 eadem
900 892 986 924 anni
1010 891 1103 925 ratio
1123 904 1254 937 propa-

245 949 327 987 gata
347 949 398 976 est
413 954 477 986 per
493 942 629 976 vicinas
651 949 772 987 gentes
798 944 841 976 ad
862 943 1021 978 Graecos
1039 956 1185 990 quoque
1198 971 1206 984 ‚
1235 956 1252 976 a

246 995 376 1040 quibus
417 1006 495 1027 eam
532 993 692 1027 Romani
726 995 881 1028 mutuati
924 996 986 1029 diu
1020 1002 1254 1040 usurparunt,

244 1047 359 1079 donec
386 1052 425 1079 ut
445 1046 553 1079 nimis
577 1058 766 1090 operosam
783 1073 791 1087 ,
820 1053 854 1080 et
878 1048 1014 1081 malitia
1040 1047 1251 1092 pontificum

245 1103 453 1142 corruptam
472 1103 505 1130 et
524 1100 798 1139 conturbatam,
824 1099 983 1143 neglecta
1009 1099 1162 1139 diutius,
1193 1106 1254 1133 aut

245 1149 496 1194 intempestive
520 1157 692 1195 usurpata
713 1150 1007 1191 intercalatione,
1035 1151 1145 1185 lulius
1165 1152 1253 1185 Cae—

244 1214 302 1236 sar
328 1201 502 1242 correxit,
538 1209 573 1235 et
602 1203 758 1236 mutavit
782 1202 818 1235 in
847 1200 941 1236 hauc
966 1203 1052 1235 anni
1084 1203 1253 1243 formam,

244 1266 336 1300 quae
353 1254 390 1286 in
407 1251 624 1287 hodiernum
644 1267 757 1300 usque
775 1255 871 1288 diem
891 1256 1009 1289 durat.

346 1304 568 1339 lnchoarunt
605 1313 724 1340 autem
751 1306 881 1340 Ebraei
917 1319 1051 1339 annum
1077 1320 1181 1341 suum
1208 1307 1252 1338 ab

243 1358 473 1405 aequinoctio
497 1370 629 1399 verno,
672 1359 763 1392 sicut
784 1356 1021 1393 Athenienses
1052 1372 1070 1392 a
1099 1358 1252 1393 solstitio

243 1411 398 1451 aestivo,
434 1410 593 1443 Romani
618 1424 635 1443 ιι
663 1412 811 1451 1)ιἰ,ιιιιιι
839 1423 877 1444 ea
896 1411 1059 1451 ratione,
1087 1417 1125 1444 ut
1150 1410 1253 1443 novi-

241 1463 401 1503 lunium,
426 1463 522 1508 quod
541 1463 746 1507 proximum
774 1469 864 1497 esset
890 1461 944 1496 his
968 1469 1057 1496 tern
1064 1463 1152 1503 inis,
1186 1462 1252 1494 ini-

244 1516 332 1550 tium
351 1515 457 1560 primi
477 1516 609 1549 mensis
628 1515 711 1547 anni
734 1515 888 1549 affetret.
944 1515 1013 1548 Sed
1033 1515 1090 1547 illa
1109 1521 1162 1548 tot
1179 1514 1252 1546 die-

245 1581 325 1601 lum
366 1567 532 1607 omissio,
577 1567 717 1600 duobus
754 1567 966 1612 plelumque
1012 1567 1115 1599 »nnis
1146 1567 1252 1605 ficta,

244 1619 345 1652 initia
364 1594 541 1651 mensium
561 1618 686 1663 procul
705 1618 797 1651 ultra
818 1631 901 1652 suos
920 1625 1109 1652 consuetos
1130 1617 1253 1650 termi-

245 1684 311 1705 nos
334 1668 585 1710 abstrahebat,
621 1671 668 1702 ita
696 1676 735 1703 ut
759 1670 818 1702 fixi
842 1677 875 1702 et
902 1670 987 1702 certi
1015 1683 1087 1703 esse
1114 1681 1252 1702 menses

245 1735 319 1756 non
339 1728 483 1767 possent
505 1722 542 1754 in
567 1722 629 1754 tali
648 1733 764 1761 anno,
790 1727 1050 1769 coagmentato·
1068 1734 1109 1754 ex
1127 1720 1251 1753 Lunae

245 1781 279 1808 et
305 1774 396 1808 Solis
426 1773 597 1818 periodis.
651 1773 701 1807 Ut
723 1773 876 1818 exempli
899 1785 1023 1813 causa,
1051 1773 1079 1807 si
1107 1773 1250 1806 initium

245 1826 353 1872 primi
378 1825 530 1865 mensis,
556 1838 617 1859 seu
645 1826 803 1870 primum
835 1825 1064 1859 novilunium
1094 1825 1252 1858 Ebraeo-

246 1891 326 1912 rum
348 1878 468 1923 aliquo
494 1889 590 1910 anno
608 1878 730 1911 fuisset
754 1877 790 1909 in
809 1877 866 1910 die
884 1877 1161 1923 aequinoctiali,
1190 1877 1251 1923 qui

245 1930 312 1963 fuit
330 1930 416 1962 olim
432 1929 620 1963 vicesimus
639 1930 786 1975 quintus
797 1928 937 1962 Martii:
959 1942 1054 1962 anno
1071 1929 1251 1973 proximo,

246 1988 396 2027 propter
407 1981 558 2015 omissos
573 1982 741 2015 undecim
758 1982 846 2021 dies,
859 1982 1007 2014 cedebat
1018 1982 1054 2014 in
1071 1981 1249 2014 decimum

247 2040 439 2080 quartum,
468 2039 501 2065 et
518 2033 682 2079 sequenti
709 2045 827 2073 anno,
856 2040 1005 2077 propter
1031 2034 1183 2066 omissos
1202 2033 1251 2065 al-

248 2092 342 2119 teros
361 2085 527 2119 undecim
545 2085 632 2126 dies,
650 2085 686 2118 in
708 2085 852 2118 tertium
872 2085 968 2117 diem
987 2085 1112 2118 Martii
1131 2097 1251 2118 ascen-

406 2136 532 2170 Tertio
552 2149 669 2178 anno,
697 2137 760 2170 etsi
781 2149 821 2170 ex
840 2143 893 2170 ter
909 2137 1065 2170 collectis
1083 2137 1249 2170 undecim

246 2189 371 2222 diebus
390 2188 523 2222 mensis
542 2201 653 2229 unus,
681 2195 848 2222 constans
873 2201 914 2222 ex
939 2189 1085 2233 triginta
1114 2190 1250 2229 diebus,

246 2240 547 2281 intercalabatur,
582 2247 704 2274 tamen
729 2241 901 2274 reservati
926 2248 997 2275 tres
1021 2242 1095 2275 dies
1124 2241 1251 2274 efficie-

245 2292 333 2324 bant
346 2318 354 2331 ‚
382 2297 421 2324 ut
437 2289 553 2325 adbuc
575 2292 696 2326 triduo
723 2299 805 2326 ante
824 2293 1094 2338 aequinoctium
1112 2293 1251 2338 primus

246 2342 376 2376 mensis
393 2343 480 2376 anni
495 2341 740 2384 inchoaretur,
763 2356 828 2378 nec
846 2345 981 2378 rediret
998 2346 1041 2378 ad
1057 2358 1161 2380 suum
1181 2352 1250 2379 ter-

245 2394 385 2427 minum
398 2420 407 2434 ,
434 2401 517 2428 ante
535 2401 700 2430 octavum
721 2408 869 2430 annum.

348 2445 506 2490 Propter
526 2445 619 2481 hanc
635 2448 908 2482 instabilitatem
933 2449 1011 2482 fieri
1028 2461 1102 2482 non
1119 2455 1249 2494 potest,

245 2503 284 2529 ut
304 2508 442 2531 menses
458 2497 682 2533 Ebraeorum
711 2506 746 2533 et
761 2500 983 2534 Graecorum
1008 2501 1055 2534 ita
1080 2508 1250 2546 aptentur

245 2549 291 2581 ad
309 2560 448 2583 menses
466 2547 597 2583 Iuliani
619 2551 718 2591 anni,
746 2551 809 2598 qui
826 2553 886 2585 fixi
907 2559 1001 2594 sunt,
1028 2559 1068 2587 ut
1083 2554 1158 2587 dies
1175 2553 1249 2587 die-

283 2684 330 2715 1⁹)
357 2686 453 2718 colligi
478 2688 586 2718 potest)
605 2689 719 2720 deinde]
745 2690 785 2715 sic
802 2691 853 2716 Ed.
871 2691 916 2718 2·
891 2709 916 2723 .‚
946 2692 997 2717 Ed.
1018 2693 1041 2717 1.
1068 2693 1146 2718 certo
1165 2692 1247 2718 colli-

316 2720 406 2752 gitur)
426 2724 523 2753 postea

890 77 1253 114 ADDITAMENTA
1280 78 1347 112 AD
1376 78 1518 115 VOLL.
1546 79 1672 116 1—X‚

2248 84 2325 121 816

1315 166 1381 200 bus
1407 167 1566 210 praecise
1589 168 1843 212 respondeant.
1897 167 2099 202 contentos
2122 168 2232 213 igitur
2256 183 2324 206 nos

1315 229 1388 252 esse
1406 219 1528 259 decet,
1551 218 1580 252 si
1604 225 1785 265 utcunque
1811 231 1951 253 menses
1970 219 2154 254 mensibus
2170 222 2217 254 ita
2237 234 2322 256 cou-

1314 276 1466 314 gruant,
1496 276 1536 303 ut
1562 271 1685 317 aliquo
1710 272 1819 305 modo
1852 270 2043 305 aestimare
2070 270 2195 313 liceat,
2223 276 2321 319 quod

1314 327 1455 366 tempus
1476 322 1561 355 anni
1580 322 1666 356 illud
1690 322 1818 364 fuerit,
1844 335 1916 369 quo
1942 335 1997 357 res
2018 329 2115 367 gesta
2145 335 2219 358 esse
2234 325 2321 359 scri—

1312 373 1422 408 bitur.

1520 441 1582 475 De
1618 442 1848 476 mensibus
1882 442 2105 477 Ebraicis.

1416 509 1463 543 Et
1487 516 1526 543 ut
1543 510 1701 555 primum
1726 511 1769 543 de
1794 509 1958 544 Ebraicis
1982 510 2166 546 mensibus
2188 512 2319 553 dicam,

1312 561 1461 595 nomina
1480 574 1605 596 eorum
1632 569 1666 596 et
1692 562 1857 596 ordinem
1879 562 1970 596 scire
1997 569 2160 607 oportet,
2187 570 2227 597 ut
2244 577 2318 598 uno

1312 615 1588 648 accommodato
1613 616 1657 648 ad
1672 613 1852 648 lulianum
1871 614 2026 660 aliquem
2047 626 2222 656 mensem,
2237 616 2318 649 reli-

1312 667 1375 711 qui
1402 673 1547 709 postea,
1574 679 1640 700 suo
1673 666 1825 713 quisque
1855 667 1956 707 loco,
1989 666 2136 712 reliquis
2170 665 2318 702 Iulianis

1311 717 1429 762 aptari
1448 718 1598 761 possint.

1415 769 1566 804 Constat
1598 776 1719 804 autem
1744 782 1785 803 ex
1808 769 1956 804 Biblicis
1985 769 2148 814 scriptis,
2177 782 2317 805 menses

1309 833 1373 855 seu
1408 822 1614 856 lunationes
1644 821 1871 855 Ebmeorum
1914 833 1990 855 non
2031 819 2198 856 habuisse
2229 820 2317 856 haec

1309 873 1481 914 nomina,
1517 886 1610 919 quae
1636 886 1732 907 nunc
1756 880 2009 914 recensentur,
2053 880 2136 907 ante
2170 874 2317 908 exilium

1307 924 1590 970 Babylonicum,
1619 933 1762 971 praeter
1787 926 1985 959 admodum
2009 937 2144 969 paucos
2158 924 2228 972 2⁰),
2255 927 2317 960 sed

1308 977 1469 1011 numeris
1492 978 1565 1011 sere
1592 984 1733 1012 tantum
1758 978 1865 1012 fuisse
1894 977 2084 1010 indicatos.
2137 976 2207 1010 Sed
2236 984 2316 1022 post

1308 1029 1553 1073 captivitatem
1581 1030 1714 1064 reversi
1741 1028 1884 1070 ludaei,
1920 1027 2008 1062 haec
2037 1028 2189 1062 nomina
2216 1042 2317 1063 men-

1306 1080 1399 1114 sium
1417 1093 1435 1114 a
1455 1079 1646 1116 Chaldaeis
1663 1082 1884 1122 retulerunt,
1909 1088 1947 1115 ut
1963 1080 2104 1126 primus
2119 1081 2316 1115 diceretur:

1785 1150 1863 1192 3023·
2020 1141 2146 1176 Nisan.

1368 1194 1556 1228 Secundus
1775 1201 1863 1240 32¹⁴ss
2018 1191 2102 1228 liar.

1369 1246 1515 1280 Tertius
1788 1253 1861 1297 ΚΜ),
2020 1245 2144 1279 Sivan.

1369 1298 1530 1342 Quartus
1771 1305 1857 1342 uns-2
2017 1295 2193 1332 Thamus.

1368 1349 1527 1394 Quintus
1807 1357 1864 1388 ΞΝ
2021 1349 2088 1383 Ab,

1367 1402 1493 1435 Sextus
1761 1393 1863 1446 535&
2020 1400 2114 1435 Elul.

1367 1454 1549 1498 Septimus
1754 1450 1862 1501 *aima
2018 1450 2152 1486 Thisri.

1368 1505 1526 1539 Octavus
1702 1496 1859 1557 ῑᾏΨΠἾΣ)
2017 1502 2250 1539 Marhesvan.

1367 1557 1494 1591 Nonus
1745 1564 1777 1594 ῚἿ
1783 1563 1860 1609 7'QD
2019 1555 2151 1590 Cisleu.

1367 1608 1537 1642 Decimus
1771 1615 1858 1645 0212
2017 1607 2145 1642 Tebet.

1367 1661 1590 1694 Undecimus
1763 1652 1861 1712 12:31}
2017 1660 2137 1694 Sebat.

1367 1712 1613 1747 Duodecimus
1779 1719 1860 1761 5:133
2014 1712 2126 1746 Adar-

1411 1773 1584 1807 Dicamus
1602 1772 1712 1816 igitur
1727 1773 1770 1805 de
1788 1771 1906 1816 primo
1923 1784 2046 1806 mense
2061 1771 2187 1813 Nisam
2205 1785 2310 1819 quem

1306 1834 1341 1861 et
1372 1825 1494 1860 ludaei
1525 1830 1703 1865 recentes,
1746 1830 1781 1857 et
1805 1824 1952 1870 quidam
1980 1824 2062 1859 illos
2090 1824 2222 1865 secuti,
2258 1837 2313 1859 re-

1306 1881 1427 1913 ferunt
1452 1879 1497 1911 ad
1524 1884 1687 1911 nostrum
1720 1876 1906 1909 Martium.
1962 1876 2032 1910 Sed
2068 1883 2209 1910 constat
2238 1877 2311 1922 pri-

1308 1944 1405 1965 mum
1434 1942 1592 1964 mensem
1612 1929 1747 1962 dictum
1766 1940 1839 1961 esse
1863 1940 2022 1961 mensem
2041 1940 2220 1962 novarum
2238 1929 2312 1963 fru-

1306 1997 1410 2028 gum,
1437 1995 1498 2017 seu
1523 1981 1661 2027 spicae,
1697 1981 1796 2026 quod
1817 1986 1892 2013 tum
1922 1986 2055 2025 segetes
2079 1981 2312 2025 proferebant

1305 2036 1419 2081 spicas
1437 2035 1573 2079 plenas,
1592 2034 1686 2067 unde
1704 2032 1741 2064 in
1760 2032 1836 2076 lege
1853 2032 1961 2066 Moisi
1981 2033 2214 2067 constitutum
2232 2033 2311 2074 suit,

1305 2094 1345 2122 ut
1376 2087 1550 2132 postridie
1579 2085 1652 2119 eius
1685 2085 1845 2124 sabbati,
1884 2087 1981 2131 quod
2008 2085 2046 2118 in
2070 2086 2307 2130 septi1·uana=·n

1306 2140 1444 2174 dierum
1464 2150 1674 2184 azymorum
1695 2137 1862 2177 cadebat,
1879 2136 2052 2184 (quorum
2070 2137 2212 2171 initium
2232 2145 2309 2171 erat

1305 2192 1466 2226 decimus
1483 2190 1630 2236 quintus
1655 2189 1730 2223 dies
1751 2189 1858 2233 primi
1877 2190 2025 2235 mensis)
2040 2189 2233 2223 offerretur
2255 2202 2309 2224 sa-

1306 2244 1510 2278 cerdotibus
1531 2243 1573 2275 ad
1591 2242 1765 2286 templum
1786 2241 1992 2285 manipulus
2009 2242 2189 2286 spicarum
2201 2269 2211 2282 ,
2229 2248 2309 2287 post

1306 2309 1412 2343 quem
1437 2295 1532 2328 diem
1562 2293 1690 2327 licebat
1715 2293 1842 2326 falcem
1868 2293 1904 2326 in
1932 2306 2082 2328 messem
2101 2294 2309 2335 immittere,

1305 2349 1403 2395 quod
1438 2352 1520 2380 ante
1550 2346 1650 2379 illum
1685 2346 1779 2378 diem
1810 2346 1926 2379 facere
1960 2353 2038 2380 erat
2069 2344 2308 2391 prohibitum,

1304 2402 1400 2435 unde
1430 2405 1464 2433 et
1503 2399 1539 2431 in
1573 2398 1666 2431 libro
1697 2395 1823 2432 Iosuae
1848 2398 1963 2442 capite
1989 2397 2024 2432 4.
2049 2405 2083 2432 et
2105 2396 2141 2432 5.
2170 2398 2308 2442 primus

1305 2452 1436 2487 mensis
1461 2456 1611 2483 vocatur
1627 2456 1769 2494 tempus
1790 2450 1933 2492 messis,
1961 2451 2058 2497 quod
2083 2450 2121 2483 in
2147 2450 2209 2483 illo
2229 2462 2306 2483 coe-

1304 2505 1397 2551 perit
1412 2502 1487 2537 fieri
1503 2503 1646 2546 frugum
1663 2502 1886 2546 importatio.

1406 2555 1529 2601 Quare
1552 2554 1748 2588 verisimile
1773 2560 1841 2595 est,
1872 2566 2031 2588 mensem
2055 2554 2212 2598 primum
2243 2554 2306 2587 ali-

1303 2614 1439 2656 quanto
1467 2606 1639 2641 seriorem
1666 2606 1773 2640 fuisse
1796 2613 1921 2640 nostro
1946 2605 2100 2648 Martio,
2126 2605 2304 2652 siquidem

1336 2724 1386 2758 20)
1405 2727 1518 2757 praeter
1538 2726 1684 2752 admodum
1704 2727 1839 2759 paucos,]
1860 2726 1901 2751 sic
1914 2726 1964 2751 Ed.
1977 2726 2018 2758 23
2036 2727 2070 2751 ab
2084 2726 2134 2753 Ed.
2152 2727 2175 2751 1.
2193 2726 2305 2751 absunt.
