2389 3037
49 128 126 165 445
570 122 596 158 1·

50 220 157 249 natus
181 219 233 246 est
258 211 354 246 lesus
371 209 552 249 Christus,
583 209 763 243 Dominus
787 208 896 242 totius
913 207 1056 241 univer-

51 265 186 306 sitatis,
210 271 244 297 et
259 264 482 307 Redemptor
501 262 663 294 omnium
676 288 684 300 ,
715 273 820 306 quem
842 260 876 292 in
893 258 961 292 hoc
978 259 1056 292 loco

51 318 274 351 nasciturum
311 327 384 349 esse
417 314 595 359 praedixit
620 311 780 346 Micheas
809 324 886 356 cap.
905 309 941 345 5.
995 309 1059 344 Est

52 376 172 403 autem
188 365 421 402 Bethlachem
449 367 579 400 domus
605 366 718 410 panis.
772 363 812 397 In
837 365 962 397 eodem
982 362 1057 395 fere

51 422 132 455 loco
159 421 227 454 fuit
249 420 314 453 sita
333 416 589 455 Bethhacaris,
618 418 652 450 id
683 424 752 457 est,
781 418 910 449 domus
934 414 1060 446 vinea-

51 486 147 507 rum.
214 471 299 504 Fuit
331 477 450 504 autem
486 467 719 503 Bethlachem
750 468 867 512 patria
896 466 1059 505 Davidis,

52 525 115 559 ubi
133 530 262 558 unctus
280 529 332 556 est
351 523 386 554 in
404 535 523 566 regem
545 520 671 562 Israel,
703 523 734 555 1.
752 520 838 563 Reg.
857 519 914 552 16.
936 517 994 552 17.

157 575 268 608 ADER
292 575 347 607 vel
368 574 496 614 EDER,
532 574 672 607 Turris.
726 571 858 604 Ebraei
881 570 978 604 Eder
1003 569 1060 602 di-

54 633 140 662 cunt
163 639 306 671 gregem
334 627 388 659 vel
416 627 605 659 desectum.
661 624 737 657 Hoc
755 624 834 656 loco
854 622 1060 667 pastoribus

53 679 280 713 nativitatem
304 677 438 712 Christi
457 679 500 711 ab
517 677 664 721 Angelis
681 675 934 709 annuntiatam
952 675 1059 707 fuisse

53 732 216 766 scribunt
232 731 355 776 aliqui.

161 782 341 822 GALGAL,
376 781 473 813 Haec
495 779 604 813 dictio
629 780 805 824 significat
830 786 969 818 rotam,
1005 778 1060 810 vel

55 833 318 867 volutationem
345 839 408 866 aut
431 832 801 866 circumrotationem.
855 832 979 865 Potest
999 842 1060 863 au-

55 893 127 919 tem
154 886 252 925 fieri,
279 891 318 918 ut
341 885 411 918 loci
438 885 632 929 appellatio
658 885 741 917 inde
766 890 849 916 nata
869 883 933 923 sit,
963 883 1059 928 quod

54 936 180 978 Iosue,
203 938 274 970 dux
290 936 451 975 Israelis,
479 949 519 970 ex
536 934 590 970 his
616 937 761 976 castris,
790 936 891 981 quasi
910 934 1060 973 stativis,

57 1002 182 1023 omnes
207 995 329 1033 gentes
353 989 491 1022 vicinas
514 1001 579 1032 per
601 989 718 1033 girum
745 987 975 1021 circumcirca
1002 987 1061 1019 de-

55 1041 202 1075 bellarit
224 1048 258 1074 et
274 1041 412 1081 vicerit,
441 1047 473 1073 et
490 1040 592 1086 quasi
609 1041 904 1074 circumrotando
929 1039 1061 1072 contri-

56 1094 161 1127 verit.
195 1092 283 1126 Fixa
303 1099 422 1126 autern
440 1093 585 1126 fuerunt
603 1099 636 1126 et
654 1092 954 1138 principalissima
974 1089 1062 1124 haec

57 1151 194 1185 castra,
228 1146 344 1177 donec
367 1143 455 1178 haec
478 1151 572 1178 terra
601 1145 637 1178 in
666 1146 713 1180 12
738 1145 853 1178 tribus
877 1144 990 1177 divisa
1017 1143 1061 1175 ab

54 1196 225 1231 Israelitis
247 1197 357 1230 libere
384 1203 622 1241 occuparetur
657 1204 691 1230 et
723 1197 912 1230 coleretur.

55 1255 144 1282 runt
166 1255 285 1282 autem
309 1249 426 1293 prima
455 1255 590 1289 castra,
627 1261 718 1295 quae
743 1247 869 1282 habuit
892 1247 1001 1281 lsrael
1025 1247 1062 1279 in

57 1307 155 1334 terra
172 1300 347 1344 promissa
359 1327 368 1341 ‚
396 1307 430 1333 et
445 1298 501 1333 hic
518 1302 667 1335 cessavit
684 1301 833 1334 Manna.
873 1299 947 1334 Iam
966 1299 1061 1332 enim
1090 1314 1091 1323 ¹

749 1353 815 1386 Hic
839 1353 947 1385 etiam
975 1351 1063 1384 cele-
1090 1363 1091 1371 ¹

56 1359 177 1385 terrae
195 1352 357 1396 frugibus
374 1353 469 1386 vesci
487 1359 693 1397 coeperant.

55 1405 185 1437 bratur
213 1401 372 1444 Pascha,
416 1409 448 1436 et
480 1404 787 1438 circumciduntur
819 1405 893 1437 fere
925 1415 1063 1442 omnes,

57 1456 121 1502 qui
140 1454 334 1489 Iordanem
359 1457 589 1490 transierant.
643 1457 736 1491 Nam
764 1457 825 1503 qui
844 1457 880 1489 in
897 1457 1062 1501 Aegypto

58 1514 162 1541 erant
187 1507 408 1548 circumcisi,
436 1508 508 1541 iam
536 1516 640 1542 antea
664 1511 700 1541 in
725 1510 865 1542 deserto
885 1508 1063 1547 obierant,
1090 1508 1091 1511 ’

56 1559 125 1593 Ios.
140 1559 174 1593 4.
190 1558 226 1594 5.
260 1559 425 1592 Eandem
445 1558 555 1594 hahes
574 1561 761 1604 Galgalam
788 1562 818 1594 1.
830 1561 916 1605 fleg.
931 1561 990 1594 11.
1006 1558 1063 1594 15.

57 1610 222 1660 [1.Sam.
243 1612 301 1652 11,
321 1609 380 1645 15.
399 1610 458 1652 15,
479 1610 557 1660 12]
583 1615 618 1648 2.
634 1613 721 1657 Reg.
739 1613 797 1647 19.
823 1611 875 1662 [2
886 1614 983 1646 Sam.
1006 1612 1064 1653 19,

58 1661 140 1712 15.]
167 1664 202 1698 4.
218 1663 306 1708 Reg.
325 1663 360 1698 4.
385 1663 438 1713 [2.
455 1664 541 1709 fleg.
560 1664 595 1705 4,
614 1663 708 1712 38.].

972 1195 1062 1228 Fue-
1089 1186 1091 1208 ³

649 120 943 156 EXPLICATIO
971 119 1217 154 LOCORUM
1245 115 1596 152 PALAESTINAE.

2041 116 2117 152 446

1113 218 1234 250 gressu
1248 204 1374 250 populi
1392 204 1426 236 in
1444 209 1577 236 terram
1597 209 1771 243 sanctam,
1799 215 1912 248 usque
1931 204 1975 236 ad
1997 216 2115 247 regem

1113 255 1324 296 Ezechiam,
1360 254 1394 289 4.
1412 254 1502 299 Reg.
1523 256 1581 289 18.
1636 254 1676 288 In
1714 253 1783 288 hoc
1817 255 2010 289 intervallo
2044 257 2117 289 sere

1114 309 1285 342 continua
1313 314 1346 340 et
1368 307 1577 351 gravissima
1595 307 1685 340 bella
1708 314 1894 351 gesserunt
1908 321 1987 341 cum
2007 306 2119 341 Israe-

1114 361 1223 394 litis„
1252 359 1435 403 Singulari
1466 364 1585 391 autem
1617 359 1766 392 consilio
1790 359 1857 392 Dei
1888 361 2021 394 facturn
2055 367 2119 400 est,

1113 419 1153 446 ut
1176 411 1281 446 huius
1306 411 1422 455 gentis
1444 410 1605 454 potentia
1624 417 1768 455 praeter
1788 418 1945 446 caeteras
1965 419 2038 445 tam
2057 412 2119 445 diu

1116 470 1391 498 conservaretur
1419 469 1453 495 et
1484 470 1758 507 propagaretur.
1813 463 1889 497 Hoc
1919 465 2014 497 enim
2042 471 2119 497 tan-

1115 529 1223 562 quam
1245 528 1403 559 organo,
1430 513 1671 548 Israelitarum
1693 515 1915 559 impietatem
1936 523 1970 549 et
1988 517 2118 550 scelera

1115 569 1244 614 punire
1262 567 1377 608 Deus,
1406 573 1439 599 et
1456 567 1562 599 fidem
1584 579 1747 600 exercere
1765 568 1891 602 voluit.

1220 620 1380 659 SICLAG,
1410 618 1476 652 Hic
1492 617 1669 652 habitavit
1688 618 1805 652 David
1826 632 1960 654 annum
1983 626 2017 653 et
2034 632 2120 666 qua-

1116 679 1199 706 tuor
1229 684 1388 711 menses,
1424 672 1521 704 unde
1549 672 1682 704 factum
1706 678 1757 705 est
1781 679 1925 716 postea,
1963 679 2003 705 ut
2026 669 2121 705 hunc

1116 726 1234 758 locum
1261 736 1361 768 reges
1387 722 1473 756 luda
1500 729 1676 768 perpetuo
1703 724 1946 764 obtinuerint,
1984 724 2121 768 1.Reg.

1115 777 1177 813 27.
1212 776 1310 809 Haec
1334 777 1479 809 absente
1498 774 1637 808 Davide
1654 776 1826 821 diripitur
1851 783 1885 809 et
1901 777 2121 815 accenditur,

1119 831 1150 864 1.
1165 829 1253 873 Reg.
1273 829 1334 862 30.

1220 881 1418 919 SAMARIA,
1448 886 1565 914 custos
1586 880 1641 913 vel
1659 881 1819 914 custodia
1838 880 1925 920 Dei,
1955 880 2122 913 excubiae

1116 932 1204 973 Dei,
1233 934 1332 967 sedes
1356 944 1481 976 regum
1504 930 1633 972 Israel,
1663 933 1725 978 qui
1751 933 1980 977 imperabant
2001 933 2123 966 decem

1117 986 1301 1025 tribubus,
1329 996 1421 1029 quae
1440 984 1483 1017 ab
1501 984 1672 1030 Hyrcano
1690 992 1842 1031 aequata
1862 991 1914 1020 est
1930 985 2020 1018 solo.
2068 984 2124 1017 Ab

1116 1038 1260 1071 Herode
1279 1036 1464 1080 Antipatri
1489 1036 1712 1077 instaurata,
1739 1044 1864 1070 vocata
1890 1043 1942 1071 est
1966 1037 2123 1071 Sebaste.

1116 1089 1156 1123 In
1172 1087 1238 1122 hac
1255 1089 1405 1122 verbum
1422 1087 1572 1121 Domini
1590 1090 1813 1134 praedicavit
1829 1088 2040 1134 Philippus,
2068 1088 2124 1122 cui

1117 1143 1301 1175 adiutores
1317 1141 1416 1174 fuere
1433 1140 1562 1175 Petrus
1579 1148 1613 1174 et
1629 1139 1821 1182 Iohannes,
1842 1143 1919 1176 Act.
1939 1142 1972 1175 8.
2001 1141 2124 1175 Sama-

1118 1195 1193 1227 riae
1212 1193 1456 1227 meminerunt
1480 1193 1514 1227 3.
1530 1192 1618 1237 Reg.
1638 1194 1695 1228 18.
1716 1194 1774 1229 19.
1790 1197 1852 1230 22.
1881 1194 1914 1228 4.
1930 1193 2018 1237 Reg.
2037 1193 2071 1227 6.
2089 1191 2124 1227 7.

1120 1247 1178 1281 10.
1198 1246 1256 1280 17.

1223 1299 1420 1337 8ΑΒΕΡΤΑ,
1454 1297 1586 1330 dicitur
1608 1298 1861 1331 conflatorium
1882 1299 1938 1332 vel
1955 1305 2125 1343 purgato-

1118 1350 1226 1384 rium.
1276 1350 1368 1384 Nam
1387 1350 1527 1382 Sidonii
1544 1350 1627 1383 vitri
1644 1350 1799 1384 faciendi
1819 1350 1996 1384 rationem
2015 1350 2123 1396 primi

1119 1403 1359 1442 invenerunt,
1386 1403 1447 1448 qui
1468 1402 1517 1435 ibi
1535 1414 1616 1436 suas
1634 1403 1794 1437 officinas
1813 1403 2044 1437 conflatorias
2061 1400 2124 1436 ha-

1118 1456 1287 1489 buerunt.
1351 1454 1546 1488 Grassante
1577 1455 1672 1488 fame
1707 1467 1770 1500 per
1800 1454 1968 1489 Iudaeam
1982 1482 1991 1495 ‚
2028 1455 2126 1489 iussu

1119 1507 1242 1541 divino
1257 1504 1327 1540 huc
1343 1506 1471 1540 missus
1489 1513 1540 1540 est
1558 1506 1678 1541 Helias
1697 1509 1741 1541 ad
1758 1508 1946 1541 mulierem
1965 1508 2126 1547 viduam,

1120 1572 1228 1606 quam
1248 1571 1327 1592 cum
1349 1559 1423 1592 filio
1442 1571 1461 1592 a
1478 1560 1572 1592 same
1592 1566 1625 1592 et
1644 1566 1761 1593 morte
1781 1560 1957 1600 servavit,
1986 1559 2020 1594 3.
2036 1559 2125 1603 Reg.

1091 1657 1093 1662 .
1122 1612 1180 1646 17.
1211 1609 1341 1644 Matth.
1368 1609 1426 1645 15.
1456 1611 1563 1644 etiam
1596 1619 1905 1646 commemoratur
1934 1612 2124 1646 Cananaea

161 1716 337 1757 IERICHO,
368 1717 527 1761 Quidam
546 1724 731 1762 exponunt
749 1718 886 1757 lunam,
916 1717 1063 1762 quidam

58 1779 218 1802 mensem
238 1768 294 1800 vel
312 1769 462 1802 odorem
481 1769 567 1803 eius.
622 1769 696 1803 Nos
713 1770 892 1803 malumus
909 1769 1064 1801 retinere

57 1821 273 1855 vocabulum
308 1821 529 1864 fragrantiae
565 1828 711 1866 propter
746 1821 899 1856 balsami
927 1819 1065 1861 hortos,

58 1885 150 1919 quos
168 1873 265 1907 solus
282 1872 339 1906 ille
360 1873 459 1907 locus
485 1871 630 1913 habuit,
660 1874 722 1919 qui
747 1881 781 1907 et
807 1873 972 1918 palmetis
996 1873 1064 1906 cla-

56 1938 119 1960 rus
143 1932 206 1960 est.

57 1983 129 2012 tur.
183 1977 300 2011 Huius
323 1977 393 2011 loci
418 1978 663 2011 meminerunt
687 1977 753 2012 Ios.
772 1980 806 2013 2.
827 1978 860 2012 6.
882 1985 914 2011 et
934 1977 1010 2012 Iud.
1029 1979 1064 2013 3.

56 2029 93 2064 3.
107 2030 196 2074 Reg.
219 2029 276 2064 16.
307 2028 362 2077 [1.
378 2030 465 2073 Reg.
489 2030 547 2071 16,
564 2028 644 2078 34.]
675 2030 709 2065 4.
727 2031 814 2075 Reg.
835 2033 870 2066 2.
902 2029 956 2078 [2.
976 2031 1064 2076 Reg.

57 2084 94 2122 2,
111 2081 147 2116 4.
167 2082 258 2124 18.].
298 2082 412 2116 Filius
429 2082 495 2115 Dei
518 2084 680 2117 surculus
703 2083 932 2117 saluberrimi
949 2084 1064 2117 halsa-

56 2135 108 2166 mi
127 2135 238 2174 ferax,
266 2141 370 2167 sanat
385 2132 453 2167 hoc
471 2135 548 2167 loco
568 2148 693 2169 coecos
711 2137 874 2170 sedentes
892 2137 936 2169 ad
954 2136 1064 2177 viam,

58 2184 188 2219 Matth.
206 2186 269 2221 20.
303 2186 416 2220 Marc.
437 2187 495 2220 10.
523 2186 609 2221 Luc.
630 2188 688 2222 18.

58 2238 196 2271 mentio
216 2238 303 2272 Luc.
322 2239 380 2272 10.
401 2245 434 2272 et
454 2238 512 2272 19.
534 2240 576 2272 de
599 2238 776 2274 zachaeo.

165 2290 284 2330 GAZA,
311 2292 480 2331 Azorus,
507 2291 696 2332 ASCALON,
723 2293 846 2333 GETH,
869 2292 1063 2327 ACCAROX.

57 2341 326 2386 Explicationes
352 2343 611 2377 vocabulorum
638 2351 721 2377 suut
748 2343 827 2379 hae.

59 2395 133 2428 Aza
166 2394 280 2428 sortis.

59 2446 153 2490 ignis
175 2446 305 2481 dilecti.
359 2448 514 2481 Ascalon
540 2454 657 2481 custos
681 2448 771 2492 ignis
787 2449 843 2481 vel
864 2449 957 2494 ignis
975 2449 1064 2481 insa-

58 2498 167 2532 miae.
222 2496 337 2540 Geth,
365 2498 401 2531 id
426 2506 496 2539 est,
526 2500 696 2534 torcular.
749 2501 914 2534 Accaron
935 2501 1065 2536 sterili-

59 2556 127 2590 tas,
155 2551 354 2591 enervatio,
383 2552 533 2593 evulsio,
562 2558 720 2585 truncus.
761 2552 925 2587 Fuerunt
944 2559 1063 2587 autem

744 2188 859 2223 Huius
888 2188 997 2222 etiam
1026 2189 1065 2221 fit
1091 2217 1093 2219 ,

1119 1663 1331 1697 muliercula
1353 1663 1558 1709 supplicans
1575 1662 1732 1699 Christo.

1225 1716 1488 1756 CAPERNAUM,
1523 1715 1631 1750 Vicus
1656 1718 1711 1750 vel
1737 1729 1821 1761 ager
1845 1729 2030 1750 amoenus.

2085 1715 2126 1749 In

1092 1806 1093 1810 Ἰ
1121 1766 1186 1801 hac
1204 1780 1350 1801 exorsus
1367 1775 1399 1800 et
1416 1766 1578 1802 Christus
1593 1768 1829 1812 Evangelium
1847 1782 1965 1803 suum.
1994 1767 2126 1802 Matth.

1120 1819 1155 1854 4.
1184 1819 1270 1853 Luc.
1290 1819 1324 1854 4.
1347 1827 1380 1853 et
1403 1820 1436 1854 7.

1489 1819 1540 1852 lbi
1567 1821 1662 1854 enim
1687 1821 1773 1855 civis
1797 1821 1883 1861 suit,
1922 1834 2002 1855 cum
2029 1827 2126 1854 metu

1092 1904 1093 1914 ἶ
1121 1872 1296 1911 Herodis,
1326 1873 1388 1918 qui
1412 1870 1610 1906 lohannem
1631 1873 1832 1918 Baptistam
1861 1873 2062 1913 occiderat,
2090 1886 2126 1906 se

260 1924 366 1958 Unde
384 1925 491 1959 Deut.
510 1925 570 1959 34.
597 1926 800 1970 palmarum
828 1926 953 1960 civitas
980 1925 1065 1958 dici-
1091 1939 1093 1971 j

1090 2238 1093 2254 ³
1118 2238 1246 2273 Ioann.
1269 2240 1301 2273 1.

882 2345 981 2379 Gaza
1009 2345 1065 2377 vel
1092 2328 1093 2375 l

335 2396 470 2429 Azotus
504 2395 558 2428 vel
585 2396 708 2428 Asdod
741 2397 975 2441 depraedatio
1008 2397 1063 2429 vel
1092 2395 1093 2403 ¹

59 2600 128 2636 hae
155 2603 368 2648 praecipuae
390 2605 495 2638 urbes
512 2604 626 2648 gentis
645 2602 942 2646 Philistinorum,
972 2618 1064 2652 quae
1092 2614 1093 2620 ¹

61 2655 153 2688 adeo
180 2662 264 2689 sunt
292 2662 476 2700 potentes,
511 2663 551 2690 ut
575 2656 640 2689 toti
668 2656 806 2699 regioni
837 2656 990 2691 Iudaeae
1021 2659 1065 2691 ab
1092 2651 1093 2655 Ἰ

62 2707 225 2753 Aegypto
245 2720 357 2753 usque
375 2710 417 2741 ad
437 2707 670 2742 Phoe-niciam
691 2722 823 2742 nomen
842 2710 981 2743 dederit
998 2710 1065 2743 Pa-

61 2757 244 2794 laestiuae.

308 2760 461 2794 Duravit
492 2768 611 2795 autem
646 2759 733 2795 haec
758 2763 918 2807 potentia
945 2763 989 2795 ab
1012 2763 1064 2795 in-
1092 2756 1094 2790 Ϊ

1120 1924 1209 1958 istuc
1227 1925 1446 1959 contulisset.
1499 1923 1582 1958 Ideo
1601 1939 1618 1958 a
1641 1923 1783 1960 Christo
1803 1933 1836 1959 et
1854 1925 2038 1970 Apostolis
2056 1925 2126 1958 exi-

1120 1977 1234 2021 gitur,
1270 1983 1309 2010 ut
1332 1989 1350 2010 a
1378 1978 1473 2017 cive,
1507 1975 1732 2012 didrachma.
1786 1977 1902 2012 Huius
1926 1979 1965 2011 fit
1989 1978 2125 2010 mentio

1120 2027 1250 2063 Matth.
1274 2029 1310 2063 8.
1335 2030 1394 2064 11.
1421 2029 1479 2064 17.
1517 2030 1631 2065 Marc.
1660 2032 1691 2065 1.
1717 2033 1752 2066 2.
1777 2028 1811 2065 5.
1841 2032 1898 2064 11.
1932 2029 2019 2064 Luc.
2039 2029 2073 2064 4.
2092 2029 2126 2064 7.

1118 2081 1244 2116 Ioann.
1261 2084 1296 2117 2.
1313 2082 1347 2115 6.

1223 2134 1471 2175 Effusum,
1508 2135 1543 2168 id
1570 2141 1639 2176 est,
1668 2137 1797 2169 domus
1821 2134 2005 2179 frugifera.
2061 2133 2127 2166 Hic

1119 2187 1196 2220 nati
1221 2194 1304 2221 suut
1324 2185 1535 2232 Philippus,
1562 2188 1728 2222 Andreas
1753 2193 1787 2220 et
1803 2187 1931 2221 Petrus
1948 2186 2128 2231 Apostoli,

1354 2238 1470 2274 Huius
1487 2239 1731 2274 meminerunt
1748 2239 1855 2273 etiam
1875 2238 2127 2283 Evangelistae

1120 2290 1250 2325 Matth.
1271 2292 1331 2325 11.
1362 2291 1474 2326 Marc.
1495 2292 1530 2326 6.

1226 2344 1333 2377 CANA
1359 2353 1502 2384 MAIOR,
1532 2344 1647 2389 patria
1668 2342 1996 2389 Syrophoenissae,
2027 2342 2126 2376 cuius

1120 2396 1229 2429 filiam
1265 2395 1407 2429 sanavit
1438 2394 1600 2430 Christus
1630 2409 1647 2429 a
1682 2397 1876 2429 daemonio
1911 2393 2040 2429 Manli.
2066 2392 2125 2429 15.

1120 2448 1233 2481 Marc.
1251 2448 1285 2481 7.
1300 2474 1308 2487 ,
1337 2448 1378 2479 de
1401 2460 1469 2493 qua
1490 2461 1596 2493 supra
1619 2448 1654 2480 in
1676 2449 1825 2492 Sarepta
1849 2448 1982 2481 dictum
2003 2454 2065 2481 est.

1225 2500 1333 2533 CANA
1357 2508 1502 2540 MINOR,
1539 2500 1725 2546 Oppidum
1750 2501 1953 2540 Galilaeae,
1992 2500 2028 2532 in
2054 2510 2125 2544 quo

1120 2553 1264 2597 nuptias
1293 2564 1353 2585 sua
1381 2553 1582 2596 praesentia
1611 2559 1644 2586 et
1672 2565 1821 2586 munere
1852 2552 1993 2585 vinario
2021 2562 2126 2583 orna-

1121 2605 1172 2637 vit
1192 2602 1364 2638 Christus.
1420 2604 1605 2648 Significat
1631 2611 1749 2638 autem
1773 2605 1870 2638 Cana
1897 2603 2127 2642 arundinem,

1121 2657 1204 2703 quia
1230 2658 1267 2689 in
1292 2656 1532 2697 arundineto,
1562 2658 1596 2690 id
1621 2663 1692 2698 est,
1720 2656 1930 2691 miserrimis
1953 2662 1985 2688 et
2003 2654 2127 2688 ruino—

1121 2709 1166 2743 sis
1185 2707 1350 2753 hospitiis
1369 2714 1402 2741 et
1420 2709 1556 2754 politiis
1572 2723 1650 2743 cum
1673 2708 1816 2744 Christo
1834 2721 1966 2754 sponso
1982 2706 2127 2752 nuptias

1121 2761 1276 2795 celebrat
1294 2759 1474 2801 Ecclesia,
1503 2761 1628 2797 loann.
1645 2765 1681 2798 2.
