2389 3037
74 114 148 150 821
718 106 1081 143 ADDITAMENTA

71 199 138 235 tici
154 205 238 234 sunt
265 195 339 245 usi)
367 195 489 231 multis
515 195 731 230 testimoniis
756 195 918 240 ipsorum
943 194 1085 229 ostendi

74 257 205 298 potest.
257 249 352 285 Nam
368 246 596 294 Epiphanius
619 247 807 292 coniungit
821 247 1082 293 Aegyptiorum

75 315 235 338 mensem
252 299 345 348 τυβί
370 314 449 335 cum
468 299 657 340 ianuario,
685 312 845 334 mensem
871 297 976 345 ἇθύρ
1003 311 1083 332 cum

74 354 294 394 Novembri,
320 365 481 387 mensem
506 348 702 400 φαμενώθ
728 364 808 386 cum
835 351 982 385 Martio.
1036 349 1084 383 Et

73 407 176 442 Beda
195 406 353 440 exactius
376 418 451 438 non
477 406 588 438 modo
607 416 747 438 menses
764 403 961 449 Aegyptios
986 414 1085 436 men-

75 460 172 495 sibus
195 457 394 498 Romanis,
431 458 493 492 sed
523 457 630 490 etiam
663 456 739 490 dies
769 456 892 489 diebus
928 455 1084 499 copulat,

74 511 233 548 scribens
251 509 449 556 Aegyptios
466 522 603 543 annum
622 506 808 543 inchoasse
825 520 843 540 a
866 514 997 553 quarto
1019 506 1084 540 Ca-

73 564 199 598 lendas
224 562 465 608 Septembris,
493 568 533 595 ut
559 560 749 595 duodecim
775 560 957 593 mensibus
982 559 1085 592 trice—

74 629 143 651 nos
160 615 236 650 dies
255 614 474 655 attribuisse,
499 620 534 648 et
548 613 677 647 ultimo
697 612 813 646 mensi
832 611 992 658 quinque
1010 611 1085 645 dies

75 667 273 715 quotannis
299 667 489 701 addidisse.
552 665 621 699 Sed
661 671 701 698 ut
724 670 916 698 manerent
945 675 1084 697 menses

73 721 156 762 fixi,
182 720 311 767 quinto
330 731 475 766 quoque
493 729 590 751 anno
606 730 720 751 unum
740 714 858 751 adhuc
874 717 968 750 diem
987 715 1086 761 prio-

74 773 175 807 ribus
193 772 355 819 quinque
377 770 559 805 adiecisse.
610 769 675 804 Est
691 776 811 803 autem
829 767 917 802 haec
935 780 1085 802 nomen-

75 825 214 859 clatura
239 831 274 859 et
298 823 407 858 series
424 822 604 857 mensium
630 822 892 868 Aegyptiorum
907 848 916 862 ,
945 822 989 854 de
1014 832 1085 867 qua

74 877 216 912 nullum
234 882 287 911 est
303 876 453 910 dubium
467 889 474 909 ;

183 928 289 965 Oai-9.
361 925 517 976 Φαωφί.
576 925 711 974 Ἀθύρ.
774 926 911 962 Χοιοὶκ.

128 980 288 1029 Μεχείρ.
352 979 564 1026 Φαμενὼθ.
631 977 857 1027 Φαρμουθί.

129 1032 275 1070 Παϋνί.
315 1030 452 1081 Ἐπιφί.
496 1030 669 1078 ΆΙεσορή.

182 1086 259 1120 Hos
274 1098 416 1120 menses
441 1084 550 1119 etiam
577 1085 736 1117 medicus
762 1084 936 1118 excellens
964 1082 1088 1117 Aetius

77 1139 117 1172 in
141 1139 211 1172 fine
239 1138 446 1172 duodecimi
471 1137 555 1170 libri
588 1136 775 1180 coniungit
805 1149 884 1170 cum
911 1134 1088 1169 Romanis

77 1190 262 1225 mensibus
294 1190 363 1231 sic,
406 1197 447 1224 ut
488 1201 648 1223 mensem
690 1185 785 1223 θώθ
825 1189 968 1233 copulet
1008 1200 1087 1221 cum

77 1242 302 1288 Septembri,
331 1240 464 1290 φαωφί
488 1255 567 1275 cum
587 1241 757 1281 Octobri,
786 1248 820 1275 et
844 1241 894 1276 sic
909 1241 1089 1285 deinceps.

182 1294 237 1329 Ex
261 1292 317 1329 his
343 1293 587 1328 animadverti
612 1299 749 1338 potest,
784 1293 981 1339 Aegyptios
1012 1299 1091 1325 tan—

78 1348 160 1382 dem
179 1347 288 1382 etiam
306 1359 389 1382 usos
405 1346 514 1381 fuisse
539 1358 579 1380 ea
604 1345 747 1379 ratione
767 1346 872 1387 anni,
901 1357 1010 1391 quam
1034 1343 1090 1378 lu-

977 922 1086 972 ’[υβί.

927 975 1087 1024 Παχών.

1106 107 1172 141 ΑΙ)
1199 105 1343 143 VOLL.
1371 105 1496 141 I—X.
2064 108 2141 145 822

1110 195 1114 244 Ι
1138 194 1207 229 lius
1222 194 1377 229 instituit
1389 220 1397 234 ‚
1426 193 1496 227 nisi
1512 194 1610 239 quod
1636 193 1666 228 is
1682 193 1865 228 mensibus
1882 194 1954 229 suis
1971 195 2143 242 inaequa-

1110 246 1113 286 1
1139 247 1187 280 les
1204 259 1376 281 numeros
1395 246 1533 279 dierum
1553 245 1738 286 attribuit,
1770 258 1815 279 ne
1833 246 1967 290 duplici
1991 246 2142 280 interca—

1111 295 1114 354 Ι
1140 298 1273 332 latione
1298 311 1388 343 opus
1411 304 1512 332 essct.
1566 291 1736 343 Aegyptii
1760 310 1845 332 vero
1869 298 2018 343 singulis
2044 311 2144 331 men-

1111 350 1236 406 isibus
1272 351 1429 384 tricenos
1466 350 1540 384 dies
1577 349 1825 394 assignarunt,
1870 356 1905 384 et
1947 351 2144 397 quotannis

1111 412 1114 488 Ι
1140 402 1300 449 quinque
1322 402 1396 436 dies
1419 402 1699 443 intercalatum,
1727 408 1761 436 et
1783 408 1969 448 praeterea
1988 409 2146 449 quatuor

1140 455 1243 489 annis
1273 453 1480 499 completis,
1511 454 1621 488 alium
1661 456 1769 488 etiam
1795 455 1891 488 diem
1916 455 2147 496 addiderunt,

1140 508 1327 542 collectum
1362 518 1403 540 ex
1435 513 1592 552 quatuor
1623 506 1694 540 diei
1727 507 2010 554 quadrantibus,
2045 514 2086 542 ut
2108 507 2147 540 in

1140 559 1266 594 iisdem
1286 558 1443 603 vestigiis
1460 571 1599 594 menses
1619 559 1867 594 consisterent.

1243 638 1312 671 Sed
1347 643 1385 670 ut
1422 648 1528 680 supra
1557 636 1692 669 dictum
1721 643 1793 677 est,
1828 634 2077 670 Mathematici
2110 637 2147 670 in

1140 687 1262 724 schola
1279 689 1525 723 Alexandrina
1546 687 1775 722 retinuerunt
1791 700 1927 723 annum
1949 689 2148 735 antiquitus

1112 757 1115 765 ¹
1140 748 1368 787 usurpatum,
1386 741 1629 774 continentem
1647 747 1826 775 trecentos
1842 741 2024 786 sexaginta
2044 741 2148 787 quin-

1142 807 1211 840 que
1237 795 1312 829 dies
1336 793 1412 828 sine
1431 793 1503 827 ulla
1528 793 1803 826 intercalatione
1826 793 2057 839 quadrantis,
2087 793 2150 839 qui

1141 853 1302 892 superest
1320 846 1363 878 ad
1381 846 1636 891 complendum
1661 857 1823 879 annuum
1842 845 1934 880 Solis
1959 845 2150 879 circuitum

1141 911 1206 944 per
1238 898 1448 933 zodiacum.
1511 897 1620 944 Quod
1654 897 1848 932 discrimen
1882 898 2147 932 observandum

1143 958 1216 992 est,
1244 964 1288 985 ne
1312 950 1557 984 existimantes
1582 963 1600 983 a
1626 949 1838 983 Ptolemaeo
1865 956 1900 983 et
1924 950 2003 984 aliis
2025 949 2149 983 Astro-

1143 1004 1261 1038 nomis
1277 1016 1418 1037 menses
1434 1002 1631 1048 Aegyptios
1653 1002 1741 1036 fixos
1764 1002 1954 1047 usurpari,
1983 1001 2110 1047 procul
2129 1014 2148 1034 a

1142 1069 1228 1090 vero
1252 1057 1472 1090 aberremus.

1114 1162 1117 1185 Ι
1246 1134 1352 1170 Nunc
1378 1144 1598 1178 exponemus
1628 1142 1768 1165 menses
1794 1127 1967 1164 hactenus
1993 1141 2150 1163 comme-

1114 1190 1118 1228 1
1145 1193 1304 1221 moratos
1321 1187 1546 1220 diversarum
1565 1183 1725 1228 gentium
1745 1184 1783 1215 in
1800 1182 1921 1216 tabula
1934 1208 1944 1223 ‚
1965 1188 2005 1216 ut
2022 1194 2149 1215 eorum

1114 1238 1119 1289 Ι
1145 1239 1321 1274 connexio
1340 1251 1420 1272 cum
1438 1236 1588 1271 Iulianis
1606 1235 1790 1269 mensibus
1805 1234 1843 1268 in
1863 1240 2057 1279 conspectu
2075 1246 2148 1268 esse

1145 1298 1264 1339 queat.

1047 1413 1190 1447 Menses

297 1485 455 1520 Romani
633 1483 766 1518 Ebraei
950 1481 1179 1516 Macedonici
1389 1479 1498 1513 Attici
1722 1477 1903 1524 Aegyptii

964 1548 1026 1569 seu
1042 1534 1171 1569 Graeci

266 1590 470 1626 Ianuarius.
590 1588 716 1621 Tebet.
911 1585 1142 1625 Λύὃυναῒος.
1288 1581 1504 1630 Γαμηλιών.
1675 1580 1785 1629 Τυβί.
1796 1581 1843 1629 ²⁷)

266 1643 497 1678 Februarius.
590 1640 709 1673 Sebat.
910 1637 1098 1684 Περίτιος.
1280 1632 1577 1683 Ἐλαφηβολιών.
1672 1631 1832 1680 Ά1εχείρ.

266 1696 434 1730 Martius.
591 1692 701 1725 Adar.
912 1688 1095 1735 Δύστρος.
1288 1685 1539 1731 Μουνυχιών.
1673 1683 1886 1729 Φαμενώθ.

267 1748 415 1793 Aprilis.
590 1744 716 1779 Nisan.
913 1739 1115 1780 Ξανθικός.
1291 1734 1524 1788 Θαργηλιών.
1673 1733 1899 1783 Φαρμουθί.

268 1800 400 1834 Maius.
592 1795 675 1829 liar.
912 1791 1159 1840 Ἀρτεμίσιος.
1292 1785 1575 1837 Σκιροφοριών.
1672 1784 1834 1834 Παχών.

267 1851 405 1887 Iunius.
596 1849 719 1882 sivan.
918 1844 1086 1885 Δαίσιος.
1287 1838 1590 1888 Ἑκατομβαιών.
1675 1837 1820 1875 Παύνί.

268 1904 392 1939 Iulius.
594 1898 770 1934 Thamnus.
919 1895 1111 1942 Πάνεμος.
1294 1891 1596 1941 ΙῑΙεταγειτνιών.
1670 1889 1806 1938 Ἐπιφί.

269 1957 464 2001 Augustus.
595 1953 663 1987 Ab.
918 1950 1043 1995 Λῷος.
1295 1941 1562 1992 Βοηδρολιιιών.
1676 1940 1850 1989 Μεσορή.

270 2008 494 2054 September.
594 2004 689 2038 Elui.
916 2003 953 2036 T
952 2001 1131 2046 ορπιαῖος.
1295 1991 1615 2043 Βίαιμακτηριεόν.
1680 1994 1782 2031 &aba

270 2061 442 2096 October.
594 2055 730 2090 Thisri.
915 2051 1226 2099 Ὑπερβερεταῖος.
1295 2047 1548 2097 Πυανεψιών.
1679 2044 1831 2094 Φαωφί.

269 2113 490 2149 November.
595 2106 827 2143 Marhesvan.
915 2107 1017 2144 Δῖος.
1287 2098 1580 2147 Ἀνθεστηριών.
1671 2095 1807 2145 Ἀθύρ.

269 2165 484 2200 December.
595 2159 752 2196 Chisleu.
911 2156 1135 2195 Ἀπελλαῖος.
1295 2149 1527 2189 Ποσειδεών.
1677 2149 1814 2186 Χοιάκ.

192 2236 269 2271 Hos
293 2246 435 2270 menses
457 2233 505 2266 ita
532 2231 570 2264 in
606 2228 822 2264 Calendario
850 2227 1098 2266 inscribemus,

88 2297 130 2326 ut
152 2288 302 2334 sing-ulis
333 2287 460 2321 diebus
497 2283 674 2318 mensium
699 2281 952 2314 Romanorum
985 2290 1096 2312 unam

90 2342 270 2389 pagellam
303 2351 439 2373 vacuae
463 2335 609 2371 chartae
638 2335 861 2374 tribuamus,
896 2339 935 2366 ut
957 2331 986 2365 si
1011 2330 1097 2377 quid

89 2401 216 2441 postea
238 2392 440 2438 legentibus
464 2395 594 2423 notatu
627 2387 777 2431 dignum
804 2383 1021 2423 occurrerit,
1049 2382 1099 2416 ibi
1126 2395 1127 2426 ξ

90 2446 228 2493 signari
243 2445 370 2492 possit.

196 2498 369 2533 Proderit
386 2502 505 2530 autem
524 2506 580 2528 res
597 2498 713 2538 gestas
738 2489 908 2523 annotari
934 2486 1100 2522 brevissi-

94 2552 164 2586 mis
189 2551 335 2598 quidem
362 2548 500 2588 verbis,
535 2546 597 2580 sed
623 2542 867 2578 alludentibus
898 2547 1020 2575 tamen
1055 2539 1101 2572 ad

96 2604 255 2651 aliquem
277 2603 397 2636 locum
421 2610 652 2635 communem
676 2595 872 2637 moralem,
916 2600 957 2627 ut
988 2592 1101 2625 animi

95 2656 292 2702 legentium
313 2662 409 2688 certo
428 2653 484 2687 die
504 2656 719 2685 annotatum
736 2648 868 2681 factum
881 2673 890 2687 ,
910 2646 1102 2679 traducan-

97 2716 157 2743 tur
175 2709 218 2742 ad
240 2706 566 2741 considerationem
587 2702 738 2736 alicuius
753 2698 897 2733 virtutis
920 2705 982 2732 aut
998 2708 1102 2743 prae-

96 2760 192 2806 cepti
210 2759 370 2794 moralis.
415 2757 524 2792 Cuius
542 2756 593 2789 rei
609 2761 649 2789 ut
665 2753 783 2799 aliqua
805 2751 965 2796 exempla
982 2748 1102 2795 pueris

1153 2230 1365 2264 monstrem,
1382 2235 1478 2257 nunc
1495 2222 1641 2256 tandem
1659 2219 1916 2255 calendarium
1934 2219 2052 2264 ipsum
2072 2230 2156 2263 pro-

1153 2289 1271 2322 pono,
1299 2282 1333 2309 et
1351 2288 1411 2310 eos
1429 2273 1579 2314 hortor,
1607 2279 1647 2307 ut
1670 2272 1779 2307 simili
1802 2272 1859 2304 vel
1884 2271 1992 2305 etiam
2012 2283 2156 2304 accura-

1126 2359 1127 2371 ,
1153 2329 1245 2363 tiore
1268 2328 1387 2363 studio
1413 2326 1566 2370 insignia
1590 2326 1681 2359 facta
1714 2323 1939 2369 antiquitatis
1966 2323 2157 2357 observent

1154 2389 1188 2415 et
1220 2387 1367 2421 notent,
1411 2384 1562 2424 propter
1591 2376 1764 2411 utilitates
1796 2387 1904 2420 supra
1937 2387 2157 2408 commemo-

1154 2432 1316 2480 ratasfffi)

1189 2571 1238 2599 27)
1260 2570 1327 2594 Huic
1347 2568 1448 2592 nomini
1465 2566 1624 2590 Mcxanthon
1645 2564 1673 2588 in
1693 2563 1825 2588 Strobelii
1844 2562 1967 2591 exemplo
1982 2558 2118 2583 Editionis
2132 2559 2155 2581 1.

1226 2612 1307 2630 manu
1335 2603 1447 2634 propria
1473 2602 1498 2625 in
1525 2601 1649 2628 margine
1676 2600 1743 2622 haec
1767 2597 1932 2626 adscripsit:
1965 2594 2072 2619 Plinius
2098 2593 2162 2624 τυβί

1228 2640 1362 2670 incipiens
1384 2641 1482 2661 nostro
1503 2635 1646 2659 Decembri
1665 2634 1710 2657 lib.
1730 2634 1754 2657 6.
1774 2640 1833 2663 cap.
1853 2632 1894 2655 23.

1192 2691 1240 2723 28)
1268 2691 1323 2714 lam
1346 2695 1431 2719 supra
1458 2696 1484 2718 p.
1503 2687 1554 2711 607
1574 2693 1615 2716 sq.
1636 2685 1867 2709 memoravimuS.
1892 2683 1942 2705 hoc
1963 2678 2159 2718 Calendariurn

1227 2726 1345 2750 maxima
1365 2731 1397 2747 ex
1417 2725 1496 2754 parte
1516 2721 1684 2745 Melanthoni
1711 2726 1726 2742 a
1750 2718 1888 2741 §trobeiio
1908 2715 2045 2743 adscril›i;
2072 2715 2159 2744 Myiio

1228 2763 1300 2785 teste
1329 2762 1406 2783 certe
1433 2758 1511 2781 huius
1539 2756 1631 2787 operis
1660 2754 1817 2778 Praefatio.
1847 2751 1956 2775 nomine
1976 2749 2055 2774 Eberi
2075 2749 2160 2779 edita,

1655 2789 1704 2825 52
1723 2790 1741 2803 ²⁴
