2421 3037
257 111 334 150 527

360 198 500 233 XXIIII.
540 198 647 230 Anno
675 194 786 231 1542.
814 195 929 241 pridie.
959 208 1066 241 quam
1101 207 1258 228 morere-

888 108 1012 143 PHIL.
1042 108 1152 143 MEL.
1183 105 1388 141 sCfflPTA
1424 104 1697 140 HISTORICA.

2251 109 2326 148 528

1315 192 1430 226 voluit
1448 192 1647 234 discedere,
1675 193 1846 228 dominus
1875 193 2097 238 interrogat,
2130 197 2216 242 quid
2243 210 2327 232 cau-

254 259 313 287 tur
332 253 402 285 filia
422 252 465 285 D.
486 248 635 282 Martini
654 247 803 282 Lntheri
817 276 825 287 ,
855 248 1091 292 Magdalena,
1118 248 1259 281 viderat
1314 258 1373 279 sae
1391 243 1552 285 haberet,
1582 257 1645 279 cur
1660 245 1872 286 discederet,
1901 246 2089 291 respondit
2107 248 2209 289 alter,
2231 247 2325 283 nihil

254 305 329 349 ipsa
362 305 397 336 in
430 301 580 336 somniis
609 302 700 334 duos
726 298 991 345 pulcherrimos
1016 301 1259 334 adolescentes

254 363 421 394 ornatos,
467 355 635 387 ducentes
666 366 743 385 eam
776 354 819 385 ad
847 353 1054 385 convivium
1085 352 1258 397 nuptiale.

253 408 359 441 Mane
378 420 456 440 cum
478 418 543 449 ego
561 403 750 449 Philippus
761 403 976 438 Melanthon
990 404 1035 451 ¹⁰)
1053 406 1256 438 accederem

252 466 402 492 matrem
416 486 424 498 ,
452 458 638 500 interrogo
658 469 736 489 eam
758 458 800 490 de
818 458 911 492 filiae
927 470 1011 491 snae
1031 457 1257 495 valetudine3
1284 465 1287 502 Ι

250 511 414 544 narravit
448 510 522 555 ipsa
563 508 650 542 milii
687 510 891 549 somnium,
940 511 1036 555 quod
1082 508 1286 559 habuerat}

251 565 487 609 praecedente
521 568 638 595 nocte.
709 560 787 606 Ego
823 562 947 595 audito
971 561 1171 605 somnio¹¹)
1200 573 1257 594 ex-
1284 563 1286 593 ἐ

251 616 334 661 pavi
358 622 391 648 et
408 612 497 647 nihil
517 614 703 653 dicebam,
740 615 800 648 sed
824 612 892 647 hoc
915 614 1030 658 ipsum
1057 613 1259 658 suspicatus
1284 611 1286 613 ¹

249 681 348 708 suin,
391 668 489 713 quod
524 666 640 710 angeli
671 667 840 700 coelestes
867 666 1008 699 ducturi
1035 672 1151 699 essent
1177 678 1256 698 eam

251 722 294 754 ad
312 720 464 753 coeleste
484 719 706 752 convivium.

355 779 464 814 XXV.
507 778 741 814 &Vormatiae
757 777 803 823 ¹²)
828 778 985 822 primum
1015 777 1185 811 convenit
1212 776 1256 810 D.
1284 760 1285 805 l

251 833 302 867 M.
319 830 520 866 Lutherum
548 831 672 864 Helius
696 830 867 864 Eobanus
892 830 1023 864 Hessus
1050 830 1257 863 adolescens
1284 830 1285 860 l

250 883 389 923 adhuc,
429 884 489 929 qui
519 890 597 916 erat
623 890 706 916 tunc
741 882 816 915 eius
852 882 1040 919 inimicus,
1078 893 1117 915 ac
1149 881 1256 914 dixit:

250 939 345 985 sgbte
362 938 504 978 §Dm-tor.
534 935 595 980 ἶςά)
614 935 704 977 bbrc,
730 936 758 969 it
775 936 890 976 tornet„
920 945 991 970 men
1013 936 1099 969 oinct
1120 935 1169 969 uit
1189 944 1257 968 met
1284 938 1286 957 ¹

250 991 310 1026 mit
327 989 429 1033 [einer
444 988 573 1033 stamen
591 988 732 1028 banbtcu
745 987 788 1032 ¹³)
808 987 890 1028 fan,
927 986 958 1029 so
983 985 1087 1029 burffe
1105 987 1152 1022 bie
1171 985 1257 1028 fram
1285 1013 1286 1017 ,

251 1044 345 1078 einen
372 1045 496 1078 unbem
524 1051 602 1079 man
629 1050 753 1075 nemen.
812 1039 869 1072 Sic
895 1040 1032 1085 (inquit
1057 1037 1257 1081 Lutherus)

251 1096 357 1129 aulici
394 1095 607 1133 instituunt,
643 1099 676 1125 et
705 1092 777 1125 risu
808 1104 920 1135 pauca
948 1091 1152 1136 respondit:
1194 1089 1258 1136 δεῖ)

250 1150 359 1189 terne,
387 1147 440 1191 ibt
459 1145 521 1189 solt
543 1143 612 1188 αῑῘο
630 1144 713 1189 naht
731 1147 838 1180 tehen.
881 1144 985 1177 Tunc
1002 1143 1126 1177 abiens
1141 1143 1259 1176 Eoba-

250 1214 317 1233 uus
341 1202 385 1233 ad
412 1198 612 1231 Lutlierum
640 1197 746 1230 dixit:
790 1197 887 1244 spetbt
914 1199 941 1232 it
965 1198 1066 1242 tcdyt.
1113 1195 1145 1237 fo
1180 1194 1261 1239 belff
1285 1218 1287 1238 ,ι

250 1252 322 1298 eud)
340 1251 432 1293 (sfiot,
461 1258 495 1284 et
510 1250 598 1283 abiit
616 1250 801 1283 continuo.

354 1311 478 1345 XXVI.
515 1311 644 1344 Comes
669 1311 817 1355 quidam
844 1309 1140 1348 Mansseldensis,
1177 1321 1259 1342 cum

249 1365 406 1399 audisset
424 1363 625 1405 cantumffi)
652 1363 718 1399 OEin
740 1360 839 1405 festen
867 1362 951 1407 burg
975 1360 1014 1405 ist
1036 1363 1139 1404 vnfiet
1159 1360 1258 1403 Θῡῒΐ,

249 1418 356 1451 dixit:
392 1417 455 1462 Sd)
472 1417 540 1451 mill
561 1417 610 1451 bie
634 1416 718 1461 burg
745 1414 865 1460 helffen
891 1414 1075 1460 &etbtecben
1105 1420 1180 1450 obet
1210 1414 1259 1449 nit

250 1470 363 1512 [ebeth
405 1475 440 1502 et
466 1475 613 1513 postero
640 1467 698 1500 die
723 1468 799 1500 sine
829 1468 1056 1500 consessione
1081 1474 1115 1499 et
1141 1477 1259 1500 sacra-

250 1529 373 1556 mento
394 1521 496 1555 obiit.

356 1580 496 1616 XXVII.
531 1579 570 1613 In
598 1578 800 1623 Tlmringia
829 1579 961 1613 filiolus
984 1578 1169 1612 cuiusdam
1195 1589 1260 1622 per

249 1636 443 1669 fenestram
463 1632 691 1678 praeciderat
711 1644 752 1665 ex
777 1632 934 1677 quadam
961 1643 1042 1664 arce
1068 1630 1104 1663 in
1126 1630 1258 1663 fossam

251 1688 395 1733 plenam
429 1698 536 1732 aqua.
614 1684 754 1717 Ancilla
785 1683 979 1716 denuntiat
1010 1695 1163 1727 puerum
1197 1683 1260 1714 de-

249 1741 382 1774 iectum
401 1750 474 1772 esse
494 1737 529 1770 in
548 1749 694 1783 aquam.
749 1734 801 1769 lbi
822 1735 986 1769 minister
1005 1735 1152 1781 quidam
1174 1733 1258 1766 sorti

250 1793 374 1826 animo
410 1790 598 1836 praeditus
619 1801 656 1823 se
680 1789 716 1821 in
740 1789 872 1822 fossam
898 1787 1068 1826 immisit,
1105 1799 1145 1819 ac
1175 1798 1261 1831 pne-

250 1858 331 1879 rum
365 1843 584 1876 incolumem
621 1839 740 1874 adhuc
771 1841 809 1873 in
839 1840 942 1886 aquis
975 1845 1161 1872 natantem
1203 1851 1288 1871 ert-2

250 1897 372 1931 traxit.
415 1895 482 1928 Hic
498 1906 589 1939 puer
604 1906 729 1927 revera
748 1893 791 1925 ab
810 1893 946 1937 angelis
963 1892 1031 1926 suit
1051 1890 1260 1925 custoditus.

1284 916 1286 927 Α,
1313 894 1383 921 tur.

356 1954 514 1990 XXVIII.
552 1955 673 1999 Prope
691 1954 852 1998 Torgam
879 1953 947 1986 fuit
972 1952 1120 1998 quidam
1146 1963 1262 1985 sacer-

251 2011 339 2047 dos,
373 2009 435 2054 qui
464 2006 672 2041 bominibus
697 2006 836 2041 solebat
860 2005 948 2038 dare
971 2003 1136 2044 chartas,
1173 2015 1262 2049 quas
1288 2023 1290 2056 ἶ

252 2062 394 2095 dicebat
421 2059 559 2093 mederi
588 2059 721 2099 oculis,
757 2058 786 2092 si
812 2058 856 2091 de
881 2058 974 2091 collo
999 2057 1262 2101 suspenderen-
1289 2079 1291 2102 L

252 2121 324 2147 tur.
396 2111 433 2145 In
467 2111 601 2145 chartis
633 2124 720 2144 vero
753 2108 841 2143 haec
866 2110 997 2154 scripta
1024 2115 1143 2142 erant:
1189 2109 1262 2144 {Det

254 2165 364 2209 teuffel
390 2166 486 2209 ἔταξε
507 2165 557 2200 bit
583 2164 632 2199 bie
658 2174 767 2210 angen
786 2164 853 2208 anfi
872 2165 937 2198 nub
958 2161 1055 2207 fcbeiss
1080 2163 1131 2197 bit
1155 2162 1188 2196 in
1213 2161 1262 2196 bie
1289 2181 1291 2196 ε

1289 2232 1291 2266 Ι
1318 2217 1456 2251 morte,
1501 2210 1576 2244 eius
1609 2210 1717 2244 etiam
1733 2252 1735 2254 q
1751 2211 1844 2245 filius
1869 2211 1906 2244 in
1929 2211 2055 2244 eodem
2085 2214 2324 2243 monumento

359 2276 533 2312 XXVIIII.
569 2276 609 2310 In
624 2275 725 2309 ltalia
748 2288 825 2309 mos
844 2281 907 2315 est,
933 2280 973 2307 ut
991 2286 1098 2318 saepe
1118 2285 1261 2307 vescan—
1289 2270 1291 2302 ἕ
1317 2263 1544 2308 sepeliendus
1563 2269 1670 2303 esset,
1698 2263 1748 2296 ibi
1766 2276 1845 2297 cum
1864 2270 1981 2297 ¹0²U¹¹¹
2002 2275 2133 2308 COFPUS
2149 2268 2185 2295 et
2201 2260 2323 2294 omnia

254 2337 313 2364 tur
330 2328 471 2371 herbis,
496 2330 588 2364 sicut
602 2335 774 2362 narratur
794 2328 892 2361 iocus
910 2327 954 2360 de
972 2327 1130 2372 quodam
1150 2326 1258 2370 picto·
1290 2359 1291 2372 χ

255 2219 390 2254 fluctui.

255 2396 313 2423 re,
343 2383 405 2428 qui
431 2395 510 2416 cum
534 2383 572 2415 in
600 2387 733 2416 aestate
757 2381 853 2425 apud
877 2379 1067 2412 dominum
1095 2391 1198 2412 suum
1225 2377 1263 2411 in

255 2434 355 2468 ltalia
385 2435 537 2468 subinde
562 2435 764 2467 comederet
784 2430 935 2471 herbas,
964 2431 1121 2464 instante
1144 2428 1263 2464 hieme

294 2563 338 2593 ¹0)
360 2563 503 2592 Philippus
523 2562 697 2589 Melanthum]
717 2562 799 2585 emt:
824 2568 854 2592 φ.
877 2563 910 2584 Μ.

293 2607 338 2634 11)
359 2603 479 2636 somnio]
499 2605 585 2629 (7od.:
610 2611 706 2628 somno

293 2651 340 2678 12)
360 2647 553 2681 tvm-mattae]
574 2649 660 2673 Cod.:
691 2648 870 2672 Wurmatiae

294 2693 338 2724 13)
361 2693 390 2716 In
411 2693 476 2716 (fod.
500 2692 613 2722 primum
635 2694 695 2714 erat
715 2691 862 2720 scriptum:
897 2689 1059 2724 Μτβῐοείἱεη,
1094 2690 1193 2714 deinde
1213 2691 1262 2715 hoc

326 2728 419 2751 deleto
439 2727 676 2757 superscriptum:
704 2726 805 2750 bunblcn

296 2770 340 2802 14)
360 2773 484 2799 cantum]
505 2771 588 2795 Cod.:
609 2772 672 2794 cant

1314 298 1411 331 aliud
1448 297 1516 331 nisi
1541 298 1640 342 quod
1665 305 1852 339 vereatur,
1889 311 1932 332 ne
1960 299 1996 331 in
2029 297 2148 332 hieme
2174 300 2323 335 foenum

1314 351 1420 383 edere
1439 356 1649 394 cogeretur,
1679 362 1758 383 cum
1774 363 1839 395 per
1857 351 2033 396 integram
2053 358 2224 385 aestatem
2244 351 2325 387 her-

1313 403 1377 436 bas
1399 402 1626 436 comedisset.

1417 463 1526 496 XXX.
1560 462 1694 496 Fuerat
1719 463 1866 508 qnidam
1897 461 2118 504 Monachus,
2156 464 2326 510 quicum

1314 514 1407 548 inter
1433 516 1612 548 edendum
1641 515 1815 549 emisisset
1845 516 2020 560 crepitum
2047 516 2204 557 ventris,
2246 528 2326 550 coe-

1314 567 1364 611 pit
1377 566 1423 614 15)
1441 574 1601 612 strepere
1623 568 1784 611 pedibus.
1848 567 1898 600 Ibi
1916 568 2038 602 Abbas
2057 568 2217 603 assidens
2243 581 2323 602 cum

1313 619 1528 660 audivisset,
1558 619 1647 653 dixit
1667 621 1710 653 ad
1729 618 1969 653 Monachum:
2000 620 2051 653 Mi
2068 620 2200 661 frater,
2227 620 2324 654 aliud

1284 689 1286 729 ἰ
1313 677 1365 704 est
1383 672 1561 715 crepitus,
1588 672 1684 705 aliud
1707 672 1890 717 strepitus.

1418 731 1542 766 XXXI.
1580 732 1620 765 Iu
1646 739 1781 777 papatu
1807 733 1874 766 suit
1899 734 2122 767 consuetudo
2148 739 2183 766 et
2207 730 2325 766 adhuc

1313 790 1383 824 est,
1414 791 1453 817 ut
1471 784 1645 828 singulari
1666 786 1867 818 reverentia
1893 798 2028 818 nomen
2047 785 2187 818 Mariae
2214 785 2323 829 virgi-

1312 836 1368 870 nis
1395 837 1532 869 nudato
1560 836 1676 881 capite
1705 849 1744 869 ac
1767 836 1864 870 flexis
1893 838 2043 882 genibus
2069 838 2325 882 pronuntiare-

1455 888 1538 922 Fuit
1564 895 1683 921 autem
1721 896 1911 933 promotus
1935 890 2217 929 Baccalaureus,
2262 888 2326 935 qui

1313 952 1393 973 cum
1430 940 1467 973 in
1505 941 1692 975 matutinis
1728 941 1933 974 don‘iinicae.
1965 941 2251 985 septuagesimae
2286 941 2325 973 in

1313 992 1449 1037 templo
1477 993 1635 1037 primum
1656 992 1837 1026 Geneseos
1863 1000 1970 1038 caput
1995 994 2146 1037 legeret,
2182 1000 2217 1026 et
2245 1005 2325 1037 per-

1314 1045 1469 1078 venisset
1502 1046 1547 1077 ad
1580 1057 1670 1089 opus
1702 1045 1799 1078 tertii
1830 1046 1921 1086 diei,
1965 1046 2026 1079 ubi
2053 1045 2226 1090 scriptum
2255 1051 2323 1079 est:

1314 1096 1621 1142 Congregationes
1654 1109 1832 1142 aquarum
1875 1098 2072 1142 appellavit
2110 1097 2248 1137 maria,
2291 1103 2326 1130 et

1314 1150 1530 1182 vocabulum
1557 1149 1856 1193 congregationes
1880 1156 1969 1183 esset
1993 1150 2149 1183 divisum
2178 1149 2247 1188 ita,
2284 1155 2325 1182 ut

1314 1203 1532 1246 praecedens
1557 1202 1650 1234 linea
1675 1201 1833 1245 priorem
1860 1209 2021 1246 partem,
2049 1201 2216 1234 videlicet
2239 1212 2325 1233 con-

1314 1254 1452 1298 gregati
1478 1254 1701 1293 contineret,
1737 1266 1891 1300 sequens
1915 1261 2036 1287 autem
2069 1266 2086 1286 a
2121 1252 2324 1298 posteriore

1315 1313 1437 1350 parte,
1481 1306 1615 1340 scilicet
1643 1318 1729 1340 ones
1756 1306 1951 1351 inciperet,
1986 1319 2052 1339 nec
2077 1312 2200 1339 tamen
2226 1305 2326 1337 addi-

1315 1365 1404 1399 tum,
1430 1365 1469 1392 ut
1487 1357 1758 1392 cohaerentiam
1778 1359 2017 1403 significaret,
2045 1359 2167 1392 bonus,
2180 1357 2238 1390 ille
2255 1354 2322 1390 ho-

1316 1423 1374 1443 mo
1412 1423 1488 1444 non
1524 1411 1766 1454 intelligebat,
1814 1417 1849 1444 et
1885 1411 2053 1444 canebat:
2105 1408 2325 1454 Congregati

1315 1475 1399 1496 oves
1420 1475 1597 1508 aquarum
1617 1463 1815 1507 appellavit
1833 1462 1966 1502 maria,
1997 1474 2037 1495 ac
2063 1462 2172 1495 simul
2196 1468 2324 1506 aperto

1314 1515 1430 1558 capite
1466 1527 1582 1558 genua
1618 1514 1736 1555 flexit,
1782 1515 1959 1559 virginem
1996 1514 2173 1559 appellari
2216 1512 2326 1557 signi-

1314 1567 1435 1600 ficans.

1419 1625 1559 1659 XXXII.
1603 1626 1762 1671 Quidam
1800 1624 2034 1661 scholasticus
2065 1626 2245 1671 petiverat
2281 1627 2325 1658 ab

1316 1677 1530 1711 Eberhardo
1549 1679 1647 1712 Duce
1667 1678 1964 1723 Wirteburgensi
1992 1679 2256 1718 sacerdotium,
2291 1685 2326 1710 et

1315 1743 1394 1764 cum
1414 1732 1506 1763 sorte
1522 1731 1721 1775 aperuisset
1744 1731 1925 1772 tunicam,
1963 1738 1997 1764 et
2012 1730 2096 1764 Dux
2122 1729 2326 1775 conspexis-

1315 1790 1388 1823 set,
1417 1784 1514 1828 quod
1533 1780 1682 1816 haberet
1706 1783 1832 1816 scissas
1859 1783 2011 1827 caligas,
2047 1782 2186 1816 duriter
2209 1782 2325 1815 incre-

1317 1836 1416 1880 pavit
1443 1848 1546 1875 eum,
1575 1836 1683 1880 'quod
1710 1835 1826 1869 scissis
1850 1835 1971 1880 caligis
2001 1846 2108 1869 ausus
2133 1834 2258 1868 fnisset
2286 1834 2325 1866 in

1316 1893 1548 1932 conspectum
1583 1888 1658 1921 eins
1690 1888 1857 1931 prodire,
1901 1894 1935 1921 et
1966 1887 2051 1933 quia
2079 1898 2154 1920 non
2182 1892 2326 1931 poterat

1317 1940 1509 1973 commode
1526 1939 1638 1972 latine
1662 1939 1781 1985 loqui,
1818 1939 1907 1972 dixit
1933 1940 1979 1972 ad
2009 1952 2109 1972 eum:
2146 1938 2220 1979 ira,
2256 1938 2326 1978 ira,

1317 1992 1390 2033 ira,
1418 1993 1529 2032 vade,
1558 1992 1672 2032 vade,
1701 1991 1906 2036 significans
1921 2004 1958 2026 se
1985 1997 2209 2025 commotum
2237 2003 2324 2031 esse,

1317 2052 1352 2078 et
1368 2042 1602 2078 scholasticus
1617 2044 1739 2078 statim
1757 2045 1940 2078 discedere
1962 2050 2108 2078 coactus
2125 2043 2206 2080 fuit.

1423 2104 1578 2140 XXXIII.
1626 2105 1784 2151 Quidam
1819 2103 1930 2138 liomo
1962 2106 2048 2139 olim
2080 2105 2215 2139 fecerat
2243 2115 2325 2149 per-

1318 2157 1473 2199 iurium,
1503 2164 1537 2191 et
1561 2171 1641 2191 curn
1661 2164 1742 2202 post
1765 2170 1879 2192 annos
1901 2157 2030 2202 viginti
2047 2164 2128 2191 octo
2149 2157 2193 2190 ab
2213 2156 2325 2201 ipsius

1319 2315 1470 2350 ossicula
1497 2315 1568 2348 iam
1599 2323 1811 2360 consumpta
1839 2322 1961 2355 erant,
1996 2315 2070 2349 sola
2099 2316 2224 2348 dextra
2249 2325 2326 2346 ma—

1319 2381 1385 2402 nus
1404 2368 1542 2412 integra
1560 2368 1706 2401 inventa
1727 2375 1797 2409 est,
1827 2368 2009 2413 prioribus
2035 2368 2177 2401 duobus
2203 2365 2325 2410 digitis

1319 2420 1538 2465 exporrectis
1571 2421 1607 2454 in
1640 2422 1788 2454 modum
1820 2420 1985 2455 iurantis.
2059 2419 2162 2452 Hanc
2195 2417 2324 2451 deinde

1318 2485 1466 2507 manum
1486 2471 1740 2518 Landgravius
1757 2472 1988 2518 Vitebergam
2012 2472 2110 2506 misit
2125 2470 2297 2505 Electori.

1420 2531 1593 2567 XXXIIII.
1628 2533 1827 2578 Friburgae
1847 2533 1884 2566 in
1903 2532 2034 2566 Misnia
2056 2531 2204 2578 quidam
2224 2542 2324 2576 pere-

1317 2584 1441 2630 grinus
1458 2586 1610 2619 duxerat
1628 2599 1777 2620 uxorem
1794 2598 1835 2619 ex
1852 2586 1911 2618 illa
1939 2585 2050 2625 urbe,
2086 2590 2121 2617 et
2143 2596 2223 2617 cum
2251 2582 2323 2615 iam

1317 2637 1412 2674 dies.
1441 2637 1478 2670 in
1497 2651 1570 2684 quo
1596 2638 1744 2683 nuptiae
1770 2638 1986 2672 constitutae
2010 2642 2135 2677 erant,
2172 2636 2324 2674 adesset,

1355 2768 1400 2796 15)
1419 2765 1522 2797 coepit]
1546 2766 1628 2789 θοὸς
1654 2766 1726 2794 cepit
