2421 3037
227 106 305 143 583

228 206 276 227 an
291 195 505 228 comedisset
531 192 687 237 aliquid,
721 191 812 225 dixit
837 191 1025 226 advenisse
1052 192 1234 238 quendam

227 246 347 280 virum
360 273 369 286 ‚
397 245 459 290 qui
476 244 692 288 porrexisset
701 242 768 291 95’)
785 244 853 278 sibi
868 256 1015 289 panem.
1068 242 1122 276 lta
1137 240 1240 277 haud

228 298 336 332 dubie
355 296 529 330 divinitus
546 301 779 330 conservatus
795 302 859 330 est.

342 379 511 415 CCXXII.
553 381 615 415 De
643 381 817 416 fucatis
845 381 1134 416 mulieribus.

298 450 560 484 Celebrabatur
578 450 616 483 in
626 450 779 485 Graecia
797 450 1005 484 convivium
1022 449 1144 484 multis
1163 462 1241 483 mu-

227 502 377 536 lieribus
395 503 578 547 frequens.
617 502 716 535 Inter
733 503 996 536 oblectamenta
1014 501 1240 547 epulantium

228 567 309 588 cum
331 553 392 586 alii
410 560 493 588 sunt
516 555 614 589 lusus
640 554 799 595 inducti,
826 561 903 588 tum
927 554 1007 594 ille,
1036 560 1075 587 ut
1100 565 1164 598 per
1189 552 1242 585 vi-

229 618 284 640 ces
302 605 550 651 unusquisque
569 606 806 641 convivarum
826 605 1032 653 caeter-ism)
1059 604 1242 645 omnibus,

229 657 401 704 quicquid
437 664 527 691 esset
556 658 700 693 libitum
712 686 722 700 ,
759 658 970 703 imperaret.
1033 656 1124 691 Cum
1152 663 1243 690 esset

227 715 377 743 ventum
397 710 443 742 ad
461 710 620 754 puellam
640 711 824 756 quandam
852 709 985 755 insigni
1010 707 1184 755 specie⁹⁷)
1208 715 1243 742 et

228 761 376 805 ingenio
393 773 469 794 non
490 762 686 796 inamoeno
698 789 708 804 ‚
735 774 850 809 eaque
868 759 1242 807 animadvertissetffi)

230 814 353 847 adesse
377 814 581 858 complures
605 815 871 855 foeminarum,
905 825 1070 854 cerussa,
1104 824 1243 858 purpu-

228 865 320 899 risso
348 871 382 898 et
406 865 485 899 aliis
508 866 703 910 pigmentis
727 867 966 906 incrustatas‚
994 865 1040 898 ad
1063 865 1242 910 pudorem

229 916 498 951 incutiendum:
527 917 633 958 Rem,
662 918 794 965 inquit,
822 918 938 950 levem
957 917 1103 957 iubebo,
1133 928 1242 963 quam

230 975 266 1002 et
282 969 359 1014 ipsa
376 968 484 1003 obibo
502 970 641 1014 prima,
666 976 706 1004 ut
723 981 965 1016 unaquaeque
984 964 1150 1003 nostrfim
1169 980 1245 1001 ma-

231 1021 335 1055 didas
352 1032 482 1055 manus
497 1033 562 1066 per
574 1034 614 1056 os
625 1021 873 1056 circumducat
889 1033 930 1055 ac
946 1021 1061 1054 linteo
1071 1026 1245 1065 extergat.

230 1071 310 1118 Ipsa
327 1073 445 1117 prima
462 1079 514 1107 est
530 1086 635 1108 suum
653 1073 766 1119 ipsius
782 1074 919 1108 iussum
928 1072 989 1121 ⁹⁸¹)
1008 1079 1168 1113 executa,
1183 1073 1245 1106 sed

232 1137 314 1159 cum
340 1122 433 1158 nihil
460 1132 600 1169 gereret
624 1126 716 1166 fuci,
752 1138 794 1160 ex
815 1125 954 1159 lotione
975 1125 1035 1158 illa
1057 1122 1246 1170 pulchrior

230 1177 424 1216 remansit;
451 1178 592 1212 fucatae
610 1190 698 1212 vero
714 1178 891 1212 absurdas
907 1177 946 1211 in
963 1176 1092 1222 primis
1109 1183 1144 1210 et
1159 1176 1247 1210 ridi-

232 1229 330 1263 culas
347 1229 456 1263 facies
472 1230 696 1271 retulerunt,
728 1229 963 1276 ludibrioque
992 1235 1079 1263 tunc
1100 1226 1247 1262 habitae

233 1281 488 1316 abstinuerunt
503 1282 672 1327 deinceps
689 1283 734 1316 ab
759 1281 939 1317 eiusmodi
959 1281 1248 1322 medicamentis,

233 1339 267 1367 et
285 1339 477 1367 contentae
492 1333 616 1368 nativa
634 1334 724 1368 facie
739 1340 957 1380 spreverunt
973 1334 1109 1368 fucum.

352 1409 538 1446 CCXXIII.
583 1411 645 1446 De
673 1412 830 1446 iudice
859 1410 1130 1456 Hispanico.

340 1478 541 1515 Commissa
558 1487 636 1514 erat
655 1482 798 1519 caedes;
827 1477 1044 1525 deprehensi
1060 1485 1157 1520 sunt,
1186 1478 1248 1525 qui
1275 1479 1276 1523 ξ
1303 1483 1522 1523 curabilem,
1563 1494 1655 1528 quae
1684 1482 1883 1528 aliquando
1918 1483 2116 1518 somniavit
2148 1483 2313 1518 assistere

859 103 984 139 PfflL.
1013 104 1129 140 MEL.
1158 103 1363 139 SCRIPTA
1390 101 1662 139 HISTORICA.

235 1538 341 1565 erant
357 1532 532 1577 suspecti;
560 1544 688 1566 verum
706 1545 787 1567 cum
807 1543 934 1565 omnes
954 1537 1163 1565 constanter
1187 1542 1249 1564 ne-
1275 1530 1276 1535 ’

235 1590 382 1628 garent,
410 1584 518 1617 iudex
536 1585 675 1618 nudare
695 1597 757 1619 eos
773 1590 897 1628 pectus
921 1582 1055 1628 coegit,
1091 1589 1126 1617 et
1151 1588 1249 1616 tactu

2220 103 2296 140 584

1294 192 1412 224 bonus
1443 188 1555 223 homo
1588 191 1782 224 emendare
1814 189 1961 234 cupiens
1993 190 2135 235 scripsit
2165 190 2302 232 literas,

1295 243 1425 289 quibus
1450 242 1597 287 petebat
1620 254 1781 276 sororem
1801 240 2047 287 Imperatoris.
2098 240 2302 287 Imperator

1296 307 1398 328 more
1418 294 1525 328 solito
1543 294 1757 338 obsignabat
1772 295 1895 328 literas
1912 305 1986 326 non
2008 293 2205 338 perlectas,
2227 307 2300 340 quo

1293 347 1388 380 facto
1416 346 1628 380 ostendebat
1653 345 1707 379 vir
1731 343 1796 380 has
1817 346 1940 379 literas
1963 345 2104 390 puellae
2129 344 2302 381 Caesaris.

1294 396 1373 443 Ipsa
1394 397 1483 431 adiit
1498 399 1646 431 fratrem
1666 409 1862 443 quaerens,
1889 409 1953 431 cur
1978 409 2014 431 se
2037 397 2141 430 alteri
2165 409 2206 431 ac
2226 409 2305 430 non

1295 449 1502 497 saltem⁹⁹¹)
1526 449 1639 483 nobili
1667 450 1912 494 desponderit.
1965 448 2082 494 Negat
2098 447 2304 494 Imperator

1294 502 1450 543 factum,
1485 502 1699 535 adseruntur
1724 502 1871 542 literae,
1905 501 2063 535 vincitur
2088 500 2304 546 Imperator,

1297 554 1405 587 etiam
1423 554 1731 589 commonefactus
1740 554 1858 588 nullas
1874 552 1997 587 literas
2013 553 2084 587 nisi
2102 559 2207 587 antea
2224 564 2306 598 per-

1296 605 1405 640 lectas
1427 606 1643 651 obsignavit.

1319 704 1504 740 CCXXVI.
1544 705 1606 740 De
1636 705 1884 751 capitaneo
1913 704 2003 739 sibi
2027 705 2289 741 somnianti

1658 755 1754 792 Phil.
1781 757 1865 791 Mel.
1876 756 1951 804 ¹⁰⁰).

1401 834 1487 868 Fuit
1503 834 1650 881 quidam
1676 824 1906 880 capitaneus,
1936 834 1998 880 qui
2023 834 2194 869 amiserat
2217 835 2308 869 duos

1298 885 1391 920 filios
1410 887 1447 920 in
1465 899 1585 932 pugna
1606 887 1758 920 Turcica
1774 914 1783 927 ,
1812 899 1919 933 quem
1942 885 2079 921 tristem
2107 886 2306 933 aliquando

1299 938 1570 983 interrogabam
1591 953 1597 972 z
1649 938 1808 972 Domine
1853 938 2040 983 capitanee
2058 965 2068 979 ,
2120 939 2307 985 quomodo

1300 990 1490 1025 somniatis
1524 992 1568 1024 de
1600 991 1674 1024 filio
1705 989 1851 1026 vestro?
1912 989 2134 1035 Respondit:
2177 990 2308 1024 Dicam

1299 1042 1414 1077 vobis.
1489 1041 1616 1077 Iunior
1644 1040 1761 1077 adhuc
1794 1042 1904 1083 vivit,
1947 1043 2009 1076 sed
2042 1042 2161 1076 maior
2190 1041 2310 1088 periit.

1299 1094 1441 1128 Accidit
1461 1101 1602 1135 autem,
1629 1101 1670 1128 ut
1686 1095 1810 1140 paucis
1831 1094 1957 1128 diebus
1979 1093 2090 1128 finitis
2113 1101 2311 1128 revertere-

1300 1152 1360 1231 gir
1377 1146 1482 1180 filius.
1537 1146 1677 1180 Similia
1695 1147 1836 1181 somnia
1853 1144 1982 1180 habuit
1996 1144 2103 1180 Iacob
2120 1146 2164 1180 de
2181 1143 2311 1191 Ioseph

1341 1210 1377 1231 10
1400 1210 1477 1232 suo.

1336 1300 1537 1337 CCXXVll.
1579 1300 1811 1336 Diabolus
1839 1308 1993 1346 potest
2020 1301 2278 1349 aliquando

1574 1353 1852 1387 miraculum
1882 1354 2044 1389 facere.

1408 1431 1493 1465 Fuit
1518 1430 1604 1464 olim
1628 1431 1747 1475 puella
1766 1428 1904 1466 habens
1919 1431 2076 1466 scabiem
2092 1431 2131 1465 in
2149 1430 2239 1465 facie
2258 1430 2312 1464 in-

1303 1535 1372 1570 sibi
1394 1534 1573 1568 Venerem
1600 1534 1812 1568 offerentem
1837 1547 2013 1568 coronam
2038 1535 2239 1576 rosaicam,
2273 1541 2315 1570 ut

1303 1600 1345 1621 ea
1377 1600 1413 1621 se
1445 1592 1609 1631 ungeret.
1680 1585 1854 1632 Sequenti
1888 1587 1946 1620 die
1976 1586 2095 1632 puella
2127 1587 2252 1622 abiens
2275 1586 2314 1620 in

236 1647 279 1669 ex
295 1642 399 1670 motu
417 1648 479 1670 seu
498 1636 605 1681 pulsu
628 1637 748 1671 cordis
768 1633 977 1669 vehementi
1001 1635 1248 1669 coniecturam
1276 1650 1277 1665 ι
1303 1639 1479 1684 templum
1517 1637 1609 1671 vidit
1644 1637 1683 1671 in
1718 1637 1860 1682 pictura
1903 1651 2079 1672 coronam
2121 1639 2315 1680 rosaicam‚

237 1687 431 1735 autoris99)
464 1688 548 1722 fecit
582 1694 616 1721 et
641 1688 749 1722 dixit:
788 1687 848 1721 Tu
873 1700 929 1728 es,
973 1686 1035 1733 qui
1069 1686 1252 1721 commisit
1275 1683 1278 1737 ᾗ
1305 1703 1414 1737 quam
1449 1689 1596 1724 abstulit
1618 1695 1652 1723 et
1681 1702 1723 1723 ex
1747 1702 1787 1724 ea
1817 1697 2044 1736 unguentum
2074 1691 2315 1737 comparavit,

239 1740 397 1774 caedem.

239 1791 387 1826 scientia
406 1791 521 1826 victus
537 1792 787 1827 confitebatur.

378 1877 577 1912 CCXXHII.
615 1878 787 1912 Cicero
816 1890 898 1924 pro
927 1877 1113 1912 Roscio.

343 1948 428 1982 Fuit
457 1949 666 1984 interfectus
693 1949 731 1982 in
765 1949 931 1983 cubiculo
956 1960 1022 1983 suo
1052 1953 1176 1992 pater,
1219 1953 1254 1981 et

240 2012 348 2034 nemo
367 2001 562 2042 dormivit,
588 2001 660 2036 nisi
677 2002 750 2036 duo
767 2001 852 2043 filii,
880 2007 915 2035 et
932 2000 1081 2047 quando
1109 1999 1253 2034 cubicu-
1280 2022 1281 2038 ι

240 2053 314 2087 lum
332 2060 385 2087 est
408 2059 594 2098 apertum,
622 2053 807 2088 intrarunt
827 2053 992 2098 cognati,
1018 2052 1081 2098 qui
1104 2058 1253 2097 putave-
1280 2060 1281 2096 j
1395 2079 1402 2086 .
1564 2078 1572 2085 .
1677 2079 1684 2086 .
1740 2079 1748 2085 .

1308 2085 1467 2125 gentlum
1487 2076 1632 2113 habltus
1649 2091 1761 2124 pingi.

241 2111 328 2139 runt
347 2111 489 2150 patrem
509 2105 628 2148 ahfiliis
654 2118 728 2141 esse
756 2105 927 2140 occisum.

982 2104 1052 2139 Sed
1078 2104 1162 2150 quia
1189 2103 1254 2137 filii

242 2157 381 2190 inventi
398 2164 483 2192 sunt
498 2158 742 2200 dormientes,
768 2170 854 2204 ergo
872 2170 949 2192 non
966 2163 1253 2191 consentaneum

242 2215 295 2243 est
328 2209 408 2244 illos
436 2209 559 2244 fecisse
589 2211 755 2252 caedem,
795 2210 881 2257 quia
914 2222 1024 2244 nemo
1053 2206 1253 2243 homicidio

243 2267 454 2306 perpetrato
471 2262 632 2296 dormire
650 2269 781 2308 potest.

396 2347 563 2384 CCXXV.
603 2349 705 2386 §Bon
732 2346 1103 2394 Qnacbtt'amteit.

246 2469 372 2503 solitus
398 2476 449 2503 est
476 2471 582 2504 etiam
606 2483 681 2505 non
706 2470 893 2516 perlectas.

281 2572 349 2604 95⁵)
370 2570 556 2603 porrexisset]
578 2571 662 2596 Cod.:
688 2573 853 2601 porrexerat

281 2607 329 2636 96)
350 2605 484 2639 caeteris]
504 2606 587 2631 Cod.:
614 2607 773 2630 caeteribus

282 2641 330 2672 97)
351 2643 459 2673 specie]
478 2642 562 2667 Cod.:
588 2648 638 2671 spe

283 2676 331 2707 98)
354 2677 616 2705 animadvertisset]
636 2676 719 2700 Cod.:
748 2675 920 2700 advertisset

284 2713 352 2741 98¹)
371 2713 493 2741 iussum]
513 2712 596 2736 Cod.:
624 2711 667 2734 ius

283 2746 330 2775 99)
351 2746 473 2780 autoris]
494 2747 575 2771 Cod.:
603 2745 713 2770 authori

468 1739 537 1773 Hic
563 1739 647 1786 quia
673 1740 742 1775 sibi
767 1739 931 1774 conscius
955 1745 1033 1773 erat
1059 1746 1094 1773 et
1120 1751 1138 1772 a
1165 1750 1250 1772 con·
1276 1739 1280 1784 ἶ
1305 1742 1406 1777 cuius
1430 1743 1602 1776 unctione
1627 1741 1749 1775 statim
1774 1742 1928 1776 liberata
1952 1749 2006 1777 est
2027 1755 2047 1777 a
2071 1743 2202 1778 scabie.

2259 1742 2314 1777 Ea

1277 1793 1280 1836 ’γ
1306 1794 1477 1840 cogitatio
1494 1801 1546 1828 est
1565 1806 1607 1828 ex
1625 1793 1798 1828 instinctu
1816 1794 2020 1837 diabolico,
2047 1795 2111 1842 qui
2123 1795 2228 1830 novit
2243 1795 2314 1830 dis-

1306 1846 1458 1881 crimina
1479 1853 1514 1880 et
1530 1846 1682 1879 virtutes
1697 1843 1908 1882 herbarum.

1279 1980 1282 2012 t

1281 2602 1284 2625 ὲ

1360 1947 1577 1985 CCXXVIII.
1616 1948 1677 1982 De
1707 1949 1886 1984 vestitu
1913 1949 2264 1984 Germanorum.

1410 2027 1489 2061 Rex
1505 2026 1709 2061 Turcarum
1730 2026 1832 2062 iussit
1849 2026 1918 2061 sibi
1934 2027 2131 2073 aliquando
2148 2026 2313 2061 omnium

1814 2078 1905 2113 Cum
1924 2079 2048 2126 itaque
2066 2079 2183 2124 pictor
2199 2078 2312 2124 pluri-

1307 2144 1451 2166 marum
1463 2130 1494 2178 ¹)
1518 2131 1678 2176 gentium
1699 2130 1867 2165 vestitum
1894 2131 2132 2177 depinxisset‚
2168 2131 2315 2165 tandem

1308 2184 1424 2229 pingit
1455 2183 1594 2217 nudum
1616 2181 1803 2217 hominem
1830 2190 1862 2217 et
1887 2183 1987 2218 iuxta
2015 2183 2137 2218 varios
2165 2183 2316 2225 colores,

1308 2242 1432 2282 postea
1449 2235 1576 2269 artifex
1596 2248 1614 2269 a
1635 2248 1718 2281 rege
1736 2235 1851 2271 iussus
1873 2235 2107 2281 interpretari
2123 2235 2316 2281 picturam,

1309 2300 1463 2335 cumque
1495 2288 1656 2332 exposita
1682 2288 1832 2324 fuissent
1858 2294 1997 2322 caetera
2008 2288 2062 2335 2),
2094 2288 2204 2329 dixit,
2237 2287 2314 2322 Nu-

1309 2342 1396 2375 dum
1414 2340 1515 2373 illum
1534 2340 1759 2375 Germanum
1786 2353 1882 2382 esse,
1919 2341 1977 2375 cui
1993 2346 2088 2375 certa
2112 2340 2231 2373 forma
2252 2350 2313 2372 ve-

326 2414 555 2453 Theodosius
572 2418 666 2452 filius
684 2418 805 2452 literas
820 2417 889 2452 sibi
906 2417 1045 2451 oblatas
1063 2415 1254 2460 obsignare
1281 2394 1283 2453 ξ
1308 2399 1412 2451 ⁵t¹t¹ffs
1428 2404 1529 2464 Ρέῃὲι
1544 2405 1619 2427 ⁰⁰¹¹
1638 2399 1770 2439 possu’
1800 2405 1883 2440 qma
1909 2393 2071 2439 quondm
2095 2403 2228 2425 ¹¹⁰v³m
2256 2402 2314 2424 ex*

960 2469 1066 2504 Hunc
1092 2479 1254 2502 errorem
1308 2451 1441 2489 ⁰⁰g¹tet
1468 2443 1496 2492 )’

1342 2568 1411 2598 992)
1431 2574 1485 2592 non
1506 2569 1622 2597 saltem]
1644 2567 1728 2593 Cod.:
1754 2567 1854 2591 saltem

1344 2613 1410 2641 100)
1429 2612 1496 2637 Phil.
1515 2612 1595 2640 Met]
1615 2611 1698 2636 Cod.:
1725 2617 1756 2642 φ.
1778 2611 1814 2635 Μ.

1345 2657 1375 2684 1)
1396 2656 1594 2686 plurimarum]
1615 2654 1700 2679 Cod.:
1726 2653 1907 2684 plurimorum

1345 2700 1376 2727 2]
1397 2699 1525 2729 exposita
1545 2699 1668 2723 fuissent
1688 2695 1814 2728 caetera]
1834 2696 1917 2721 Coit:
1943 2701 2013 2726 expo
2034 2695 2137 2720 fuisset
2154 2696 2265 2720 caetero

1345 2742 1376 2775 ³)
1398 2741 1547 2775 excogitet]
1569 2744 1653 2769 Cod.:
1681 2742 1821 2773 excogitat
