2421 3037
276 101 352 139 523

375 189 433 224 IX.
470 190 611 223 Dicitur
628 190 671 222 de
695 194 818 221 sancto
839 186 1076 230 Bernhardo,
1105 189 1167 235 qui
1194 202 1274 224 cum

270 242 467 288 aliquando
500 242 535 274 in
568 240 698 274 latrina
733 247 855 273 oraret
879 241 1064 281 psalmos,
1109 241 1207 275 venit
1232 243 1277 275 ad

269 307 350 328 eum
375 294 550 326 Diabolus
578 299 611 325 et
637 292 843 337 obiurgavit
867 306 947 326 eum
977 293 1116 326 dicens:
1154 294 1277 339 Quare

268 353 307 379 tu
332 346 367 377 in
393 346 522 377 latrina
552 357 633 378 oras
657 351 799 379 sanctos
824 344 1012 379 Psalmos?
1074 345 1278 391 Respondit

269 398 301 430 ei
325 398 359 430 S.
380 394 633 430 Bernliardus:
662 395 775 437 Illud,
804 398 902 442 quod
923 410 964 430 ex
990 409 1051 430 ore
1079 399 1168 439 exit,
1197 397 1275 431 Deo

269 449 400 486 offero;
430 449 489 482 sed
509 448 557 489 id,
586 449 683 494 quod
704 449 795 482 infra
815 462 857 482 ex
874 456 998 483 ventre
1016 449 1133 490 eiicio‚
1163 457 1200 484 tu
1218 463 1274 484 co-

266 501 402 534 medas.

369 552 412 586 X.
448 551 599 586 Carolus
619 550 822 597 Imperator
848 566 927 587 cum
954 554 1086 587 faceret
1109 566 1173 598 per
1190 554 1274 587 Gal-

265 603 350 637 liam
381 604 469 644 iter,
511 605 669 650 quodam
705 605 741 637 in
766 606 845 638 loco
874 606 1007 650 reperit
1034 606 1071 638 in
1097 606 1274 646 cubiculo,

266 656 301 688 in
338 668 410 702 quo
445 656 670 691 dormiturus
703 664 799 698 erat,
837 658 1014 702 virginem
1047 657 1205 691 nobilem
1240 664 1273 691 et

264 709 460 742 formosam
479 708 667 743 inclusam.
714 709 832 754 Quam
854 723 934 744 cum
954 709 1156 754 Imperator
1173 722 1273 755 aspe-

264 760 389 800 xisset,
435 767 469 793 et
491 760 630 794 videret
654 774 732 794 eam
761 762 926 801 flentem,
969 762 1166 807 quaerebat
1191 774 1273 795 cau-

263 825 361 851 sam,
389 825 452 845 cur
470 812 590 853 fleret,
619 820 653 846 et
670 826 733 847 cur
755 814 791 846 in
817 812 885 847 hoc
911 814 1074 846 conclavi
1094 814 1228 847 inclusa
1240 814 1272 861 ⁵)

264 871 365 898 esset.
419 864 514 897 Tum
534 864 637 909 virgo
657 865 810 905 indicat,
839 878 874 899 se
896 866 975 898 ideo
992 865 1166 899 inclusam
1185 878 1272 907 esse,

263 923 303 950 ut
320 916 461 949 veniret
481 916 518 949 in
538 929 665 951 manus
682 916 864 957 Caesaris,
902 923 936 950 et
960 917 1047 950 dicit
1070 930 1106 952 se
1129 930 1203 952 csse
1227 919 1271 951 de

262 968 397 1001 familia
419 969 531 1001 nobili
550 975 686 1003 natam.
742 969 845 1014 Quae
865 969 987 1002 omnia
1013 982 1092 1003 cum
1111 969 1271 1015 Impera-

264 1027 320 1053 tor
338 1021 514 1060 audisset,
543 1021 731 1054 mandavit
749 1021 838 1062 illis,
865 1022 995 1067 quibus
1013 1021 1168 1056 maxime
1186 1024 1271 1056 fide-

262 1073 344 1113 bat,
387 1079 426 1105 ut
451 1084 529 1105 eam
555 1073 727 1106 intactam
754 1075 798 1106 ad
824 1086 907 1108 suos
931 1080 1099 1118 parentes
1124 1075 1270 1108 reduce-

262 1130 353 1158 rent.
400 1123 495 1158 Istud
513 1125 580 1158 fuit
599 1126 781 1171 egregium
800 1127 1003 1171 exemplum
1025 1127 1269 1161 continentiae

262 1176 440 1210 innostro
463 1175 699 1222 Imperatore.
754 1177 800 1211 Et
824 1191 903 1212 cum
922 1185 1046 1223 postea
1074 1180 1206 1213 bellum
1233 1180 1270 1212 in

261 1228 417 1262 Galliam
440 1229 580 1270 intulit,
610 1242 728 1264 arcem
756 1231 854 1263 illam
880 1231 1042 1265 funditus
1068 1232 1271 1266 devastavit

261 1287 294 1314 et
314 1281 391 1314 solo
411 1281 650 1327 adaequavit,
679 1283 762 1328 quia
783 1283 928 1316 videbat
947 1296 1020 1318 esse
1043 1290 1184 1318 tantum
1206 1285 1270 1318 do-

261 1333 437 1366 micilium
459 1334 687 1378 voluptatum
708 1341 742 1368 et
759 1335 922 1369 luxuum.

366 1384 423 1419 XI.
460 1385 505 1419 D.
523 1385 573 1419 M.
592 1385 774 1421 Lutherus
793 1400 874 1421 cum
898 1388 1095 1434 aliquando
1123 1388 1270 1422 vidisset

259 1436 432 1470 loannem
457 1438 682 1471 Fridericum
712 1439 849 1472 Ducem
880 1439 1082 1473 Electorem
1119 1441 1270 1474 ductan-

260 1496 331 1523 tem
350 1502 460 1523 manu
478 1490 691 1524 Mauritium
705 1518 713 1531 ,
738 1491 828 1525 risit.
884 1491 975 1526 Cum
993 1491 1139 1525 Elector
1161 1505 1269 1537 quae-

260 1547 357 1574 reret
381 1554 545 1580 causam,
581 1555 643 1575 cur
668 1543 821 1582 rideret,
865 1543 1050 1587 respondit
1068 1541 1267 1577 Lutlierus:

262 1592 448 1639 (Sjcnebiget
472 1594 583 1641 Spert,
630 1594 672 1640 id>
699 1594 785 1639 sebe.
818 1598 881 1631 ῠαέ
913 1606 987 1631 cuer
1012 1594 1269 1641 OEburfurstlidye

260 1648 365 1693 gnabe
379 1647 469 1682 einen
488 1647 612 1682 fleinen
628 1647 752 1692 iungen
771 1647 881 1691 ffisolff
894 1648 999 1692 furet.
1026 1648 1087 1683 mie
1114 1658 1208 1683 menn
1236 1658 1269 1683 et

260 1701 332 1745 eud)
362 1700 413 1734 ein
448 1700 528 1735 mall
553 1702 612 1735 ben
641 1700 763 1745 rechten
792 1710 865 1735 arm
890 1701 951 1736 mit
976 1702 1029 1735 bet
1056 1701 1159 1745 baubt
1185 1694 1268 1745 mig:
1295 1723 1297 1743 ἢ

1295 1774 1297 1780 ,
1324 1752 1485 1795 reginum
1515 1762 1599 1782 nam
1627 1750 1696 1782 mei
1722 1750 1857 1783 subditi
1884 1751 1991 1783 etiam
2019 1758 2148 1796 putant
2176 1764 2234 1785 me
2257 1764 2331 1786 esse

1295 1817 1297 1826 <
1324 1810 1463 1836 tantum
1494 1814 1613 1846 regem
1641 1802 1790 1846 pictum.

259 1750 360 1797 stege.

287 1837 588 1872 Conscientia
618 1836 764 1871 trahit
791 1846 1017 1873 nocentes
1048 1840 1101 1872 ad
1130 1851 1237 1884 sup-

664 1890 870 1935 plicium.

365 1957 442 1992 XII.
474 1958 597 1992 Pistor
615 1959 762 2006 quidam
776 1959 940 1994 Viennae
955 1960 1022 1993 suit
1038 1961 1141 1993 valde
1158 1961 1270 2001 dives,

258 2010 307 2043 ita
346 2017 386 2044 ut
422 2017 497 2044 tota
532 2011 657 2046 civitas
688 2013 731 2046 de
757 2013 868 2057 ipsius
894 2012 1029 2046 divitiis
1062 2013 1269 2047 miraretur.

261 2062 327 2096 Hic
342 2060 470 2096 habuit
487 2063 663 2097 famulum
678 2091 687 2105 ,
717 2065 817 2099 cuius
836 2077 945 2109 opera
964 2065 1001 2097 in
1021 2064 1172 2109 pistorio
1194 2065 1270 2098 offi-

262 2114 316 2148 cio
336 2115 516 2149 utebatur.
564 2115 637 2161 Qui
656 2128 735 2150 cuin
755 2117 862 2151 sciret
878 2117 1067 2150 dominum
1086 2129 1160 2151 esse
1179 2117 1269 2150 divi-

260 2173 353 2207 tem,
383 2173 417 2200 et
434 2167 619 2212 cognitum
638 2181 784 2215 quoque
803 2167 972 2209 baberet,
998 2168 1059 2202 ubi
1080 2167 1269 2204 thesauros

260 2231 344 2253 suos
361 2216 529 2260 haberet,
558 2220 648 2264 petit
662 2221 806 2254 veniam
826 2234 844 2254 a
863 2222 1014 2255 domino
1034 2233 1119 2262 sue,
1155 2228 1190 2254 et
1209 2234 1269 2266 pe-

260 2270 304 2303 tit
321 2273 542 2311 mercedem,
571 2274 811 2317 praetendens
830 2274 988 2320 aliquam
1009 2286 1151 2308 causam
1177 2274 1269 2307 veri-

261 2322 428 2357 similem.
496 2324 677 2358 Dominus
700 2332 890 2360 contentus
915 2338 955 2359 ea
981 2338 1106 2366 causa,
1151 2327 1213 2359 dat
1237 2326 1269 2359 ei

261 2387 363 2408 suam
391 2378 616 2417 mercedem,
653 2384 687 2410 et
713 2390 836 2412 servus
861 2378 946 2412 satis
973 2385 1138 2411 amanter
1157 2378 1201 2411 ab
1226 2391 1268 2412 eo
1296 2367 1298 2415 ἱ

263 2426 425 2461 discedit.
480 2428 603 2461 Altero
624 2429 681 2462 die
699 2442 842 2463 summo
861 2443 966 2464 mane
987 2430 1081 2463 redit
1100 2443 1140 2464 ac
1157 2430 1270 2464 intrat

262 2480 388 2519 aedes,
417 2480 553 2513 accedit
582 2481 739 2524 primum
767 2484 809 2516 ad
836 2495 939 2516 suum
965 2495 1178 2516 conservum
1206 2482 1270 2515 ali-

263 2531 479 2577 quantulum
527 2539 796 2576 aegrotantem,
853 2541 887 2567 et
925 2535 1093 2568 interficit
1138 2535 1270 2579 ipsum,

263 2583 394 2616 deinde
426 2583 589 2623 ancillas;
635 2587 781 2619 tandem
809 2586 950 2621 intrans
979 2587 1170 2627 conclave,
1207 2586 1270 2620 ubi

263 2635 433 2676 dominus
450 2648 530 2669 cum
549 2636 697 2669 domina
723 2639 947 2677 dormiebat,
983 2645 1016 2672 et
1043 2639 1139 2684 ipsos
1161 2639 1271 2672 inter—

304 2753 334 2781 5)
356 2754 477 2783 inclusa]
500 2754 582 2778 Coti:
610 2753 735 2779 inclausa

904 101 1029 136 PHIL.
1058 102 1171 136 MEL.
1199 102 1402 136 SCRIPTA

1439 102 1709 138 HISTORICA.
2262 108 2338 147 524

1304 190 1422 229 vsicit,
1464 197 1648 234 postremo
1675 190 1773 224 venit
1803 192 1844 223 ad
1879 192 2009 224 lectum
2044 194 2201 237 puellae,
2244 209 2337 242 quae

1329 255 1407 275 cuin
1430 242 1573 275 vidisset
1593 250 1758 286 parentes
1774 249 1804 275 et
1826 244 1913 276 alios
1934 243 2150 285 intersertos,
2179 247 2337 283 clamans

1330 295 1435 338 petii:
1474 295 1537 339 2sd)
1554 295 1649 330 [tebet
1667 295 1780 336 {Dat-ve
1801 296 1855 339 [αὖ
1874 295 1952 340 mid)
1974 296 2084 339 ichen,
2121 297 2165 342 id>
2191 300 2259 334 mill
2285 302 2336 335 bit

1330 347 1374 381 <111
1397 348 1480 382 mein
1498 347 1619 392 fflupen
1644 349 1756 393 geben.
1812 346 1889 391 Ipse
1914 360 1999 380 vero
2027 350 2189 383 obsessus
2215 363 2232 382 a
2252 350 2337 384 Dia-

1330 399 1413 431 holo
1446 399 1640 443 puellulam
1678 411 1823 444 quoque
1850 400 2062 439 transfodit,
2105 413 2145 433 ac
2176 407 2251 434 tum
2281 414 2337 435 ac-

1330 451 1439 495 ceptis
1459 451 1617 484 clavibus
1639 451 1756 495 aperit
1775 451 1897 491 cistas,
1928 458 1962 485 et
1982 453 2098 485 ausert
2115 459 2256 487 tantum
2278 466 2338 487 ar-

1329 503 1425 546 genti
1445 509 1480 536 et
1498 503 1597 543 auri,
1627 509 1803 549 quantum
1823 503 1914 536 serre
1934 504 2072 547 potuit,
2103 511 2137 537 et
2155 504 2249 546 abit,
2278 518 2337 538 ve-

1331 555 1454 600 nitque
1471 555 1710 589 Ratisbonam
1725 582 1733 595 ‚
1763 554 1811 587 ibi
1834 555 2060 601 aliquamdiu
2077 563 2337 598 commoratus,

1329 613 1479 651 propter
1497 620 1559 641 sua
1581 607 1718 640 nefaria
1738 607 1868 640 scelera
1897 607 2079 653 quiescere
2105 621 2180 642 non
2204 609 2336 654 potuit,

1329 658 1417 704 quin
1445 671 1481 693 se
1499 659 1616 703 ipsum
1638 660 1828 704 proderet,
1865 665 1899 692 et
1924 666 2048 704 captus
2075 667 2145 701 est,
2175 673 2215 694 ac
2232 673 2337 695 veru-

1329 711 1393 743 bus
1413 712 1628 745 transfossus
1648 718 1718 751 est,
1747 724 1900 757 cumque
1924 711 1994 744 iam
2021 712 2058 745 in
2083 713 2234 748 summis
2260 713 2336 748 istis

1328 763 1545 796 cruciatibus
1565 770 1675 803 esset,
1704 764 1883 797 consessus
1903 770 1955 797 est
1971 776 2012 797 ac
2029 764 2135 798 dixit:
2163 765 2228 811 πᾶ)
2245 763 2337 798 nihil

1330 815 1441 855 magis
1461 827 1516 847 me
1536 815 1671 847 cruciat
1691 828 1798 860 quam
1821 816 1878 847 illa
1904 828 1972 849 vox
1999 817 2154 860 puellae:
2192 817 2255 864 πᾶ)
2281 818 2336 853 lie:

1327 868 1381 902 ber
1408 867 1521 908 warne
1560 868 1616 910 lat}
1638 866 1716 911 mid>
1742 868 1852 907 [eben.
1894 866 1937 911 id)
1962 868 2030 903 ιυίῑῖ
2055 870 2105 905 bit
2139 870 2202 905 alle
2232 871 2335 905 meine

1326 919 1447 964 ςἕὴῳιίι
1472 921 1582 964 geben.
1632 932 1636 935 <

1432 969 1520 1005 Xlll.
1574 970 1847 1004 Maximilianus
1884 969 2088 1015 Imperator
2129 970 2257 1006 habuit
2297 973 2335 1006 in

1326 1023 1405 1056 aula
1434 1035 1497 1057 sua
1523 1022 1673 1056 militem
1701 1023 1882 1069 quendam
1902 1029 2080 1065 veterem,
2109 1024 2278 1058 callidum
2301 1031 2336 1058 et

1326 1075 1501 1116 facetum,
1530 1075 1610 1120 qui,
1638 1087 1718 1108 cuin
1735 1073 1938 1120 Imperator
1964 1076 2086 1110 multis
2112 1077 2335 1111 cruciaretur

1326 1133 1359 1160 et
1385 1140 1426 1160 ex
1454 1127 1594 1170 magnis
1619 1127 1725 1161 rebus
1751 1127 1919 1171 fatigatus
1946 1134 2056 1169 esset,
2098 1129 2171 1163 suis
2197 1129 2332 1162 facetiis

1326 1192 1407 1212 eum
1441 1177 1667 1212 exhilaravit.
1733 1179 1874 1212 Accidit
1901 1186 2022 1213 autem
2053 1181 2212 1226 quodam
2245 1187 2334 1214 tem-

1325 1244 1435 1276 pore,
1485 1232 1583 1277 quod
1617 1229 1820 1275 Imperator
1852 1231 1963 1264 animi
1999 1232 2187 1265 recreandi
2218 1232 2334 1276 gratia

1325 1296 1405 1317 cum
1429 1283 1616 1317 nonnullis
1639 1283 1717 1316 aliis
1736 1282 1962 1327 principibus
1981 1282 2018 1316 in
2044 1281 2168 1317 charta
2193 1284 2335 1318 luderet

1325 1342 1475 1381 propter
1496 1342 1628 1369 certam
1650 1335 1707 1381 (ut
1724 1335 1801 1368 fieri
1818 1335 1925 1383 solet)
1942 1335 2116 1380 pecuniae
2141 1348 2334 1370 summam.

1325 1388 1425 1421 Dixit
1449 1388 1552 1422 miles
1575 1388 1619 1420 ad
1638 1386 1902 1432 Imperatorem
1927 1394 1962 1420 et
1980 1388 2025 1420 ad
2046 1388 2136 1422 alios
2151 1388 2334 1433 principes

1325 1441 1536 1473 collusores:
1583 1439 1655 1484 Qui
1680 1446 1751 1473 tres
1783 1437 1892 1472 habet
1914 1451 2033 1484 reges,
2075 1446 2194 1474 sumet
2217 1446 2333 1473 totam

1323 1503 1516 1525 summam.
1566 1489 1607 1523 In
1625 1503 1693 1536 qua
1721 1491 1897 1524 sententia
1925 1504 2005 1524 curn
2031 1504 2157 1526 omnes
2182 1504 2334 1526 consen—

1325 1544 1453 1582 tirent,
1483 1542 1585 1576 miles
1604 1543 1789 1587 amplexus
1808 1555 1912 1576 suum
1938 1543 2127 1577 dominum
2156 1550 2192 1577 et
2214 1550 2334 1578 osten-

1323 1597 1411 1629 dens
1433 1595 1522 1628 alios
1546 1595 1636 1628 duos
1660 1606 1761 1638 reges
1785 1594 1928 1628 fictitios
1951 1594 1989 1628 in
2015 1593 2157 1629 charta:
2191 1595 2333 1637 Videte,

1325 1647 1463 1693 inquit,
1500 1659 1565 1690 ego
1592 1653 1662 1680 tres
1684 1644 1800 1679 habeo
1824 1658 1936 1691 reges.
1996 1646 2200 1693 Respondit
2217 1648 2332 1682 Maxi-

1324 1700 1511 1732 milianus:
1542 1698 1650 1731 Recte
1669 1698 1774 1737 facis,
1804 1700 1901 1744 quod
1921 1711 1978 1732 me
1998 1700 2138 1734 confers
2158 1712 2239 1734 cum
2256 1699 2331 1734 istis

1430 1853 1536 1888 XlllI.
1580 1853 1710 1887 Veneti
1736 1853 1896 1887 volentes
1922 1853 2052 1898 punire
2077 1866 2139 1887 seu
2165 1867 2331 1889 exercere

1323 1906 1582 1951 Imperatorem
1611 1904 1921 1945 Maximilianum‚
1969 1905 2146 1939 miserunt
2170 1907 2330 1951 legatum

1324 1960 1369 1993 ad
1386 1971 1466 1992 eum
1480 1985 1489 1999 ,
1517 1964 1556 1991 ut
1573 1957 1641 2002 ipsi
1659 1956 1833 1990 indiceret
1849 1957 1981 1990 bellum
2000 1955 2056 1992 his
2076 1958 2214 1993 verbis:
2251 1958 2332 1992 Ma-

1323 2011 1509 2045 ximiliane
1532 2009 1753 2054 Imperator,
1790 2016 1934 2043 senatus
1957 2010 2186 2057 populusque
2215 2010 2333 2045 Vene-

1324 2070 1380 2098 tus
1407 2062 1533 2096 indicit
1557 2062 1621 2095 tibi
1645 2061 1777 2094 bellum
1804 2068 1898 2094 terra
1926 2062 2104 2108 marique.
2160 2062 2244 2108 Quo
2269 2075 2333 2097 au-

1324 2116 1420 2156 dito,
1449 2114 1637 2159 respondit
1651 2113 1922 2148 Maximilianus
1939 2126 2047 2160 quam
2066 2114 2331 2160 simplicissime

1324 2168 1462 2202 dicens:
1491 2165 1541 2200 Ite
1564 2172 1598 2199 et
1623 2165 1732 2199 simili
1757 2166 1905 2199 stultitia
1930 2166 2042 2211 gerite
2067 2167 2221 2208 bellum,
2259 2179 2331 2213 qua

1324 2219 1501 2257 indicitis;
1547 2219 1580 2251 id
1609 2219 1707 2264 quod
1733 2224 1767 2251 et
1793 2225 1916 2262 postea
1943 2218 2076 2252 factum
2103 2225 2167 2253 est.
2235 2218 2331 2253 Nam

1323 2271 1453 2306 Veneti
1486 2270 1601 2303 coacti
1631 2276 1715 2304 sunt
1740 2277 1860 2314 petere
1885 2282 2011 2316 pacem
2038 2284 2055 2304 a
2076 2270 2330 2305 Maximiliano

1325 2325 1444 2358 oblata
1465 2334 1594 2367 magna
1615 2323 1647 2355 ei
1663 2323 1836 2366 pecuniae
1853 2335 2006 2358 summa.

1430 2373 1504 2409 XV.
1541 2374 1681 2408 Accidit
1696 2374 1914 2420 aliquando,
1941 2381 1980 2408 ut
1995 2375 2091 2409 iuxta
2112 2374 2330 2408 Maximilia-

1324 2441 1410 2462 num
1443 2425 1622 2472 equitaret
1657 2427 1804 2472 quidam
1840 2428 1980 2467 fatuus,
2034 2433 2068 2460 et
2099 2439 2179 2460 cum
2214 2425 2329 2460 ferula

1323 2482 1436 2520 forte,
1479 2491 1548 2524 qua
1576 2479 1790 2512 moderabat
1812 2491 1965 2525 equum,
2010 2478 2177 2523 attigissit
2201 2490 2330 2512 nasum

1324 2531 1557 2577 Imperatoris
1570 2530 1830 2571 Maximiniani,
1860 2531 1920 2577 qui
1940 2537 2017 2564 erat
2036 2530 2067 2578 ei
2083 2530 2168 2565 satis
2187 2531 2331 2575 longus,

1324 2584 1526 2629 Imperator
1558 2589 1610 2617 est
1643 2589 1845 2617 commotus
1874 2583 1996 2628 aliquo
2028 2584 2151 2617 modo.
2220 2581 2331 2628 Quod

1326 2650 1404 2669 cum
1425 2634 1570 2668 vidisset
1586 2636 1727 2675 stultus,
1752 2635 1858 2668 dixit:
1887 2635 1944 2670 ᾖῖα
1956 2635 2060 2681 ᾣέϊΐμ
2078 2639 2113 2671 eg
2134 2635 2209 2681 (but
2226 2635 2329 2670 ciuem

1326 2690 1376 2724 nit
1393 2688 1488 2730 moll„
1517 2691 1571 2722 bet
1587 2692 1622 2723 εὖ
1639 2688 1689 2723 nit
1705 2689 1859 2732 gemb'nbt
1877 2685 1925 2730 ist.
1978 2687 2060 2732 Quo
2078 2698 2252 2732 responso
2269 2686 2328 2719 de-

1326 2742 1473 2774 lectatus
1495 2739 1763 2774 Maximilianus
1782 2738 1919 2783 ignovit
1939 2739 1981 2772 ei.
