2389 3037
167 724 201 765 Ι.
265 724 443 766 ΡΗΙΙΑ.
481 724 638 767 MEL.
677 724 1112 768 PRIVILEGIA
1146 725 1574 768 ACADEMIAE
1610 727 2040 771 LIPSIENSIS.

65 831 177 889 Haec
201 860 360 898 Privilegia
382 860 414 891 h.
439 861 460 890 1.
484 860 540 889 edo
564 870 603 888 ex
625 860 827 890 Bibliothecae
850 861 1082 899 Hamburgensis
1104 863 1241 901 publicae
1265 862 1366 891 codice
1399 863 1492 892 chart.
1525 873 1606 893 num.
1630 862 1684 893 2⁸7.
1714 864 1830 893 formae
1862 865 2009 894 maximae
2036 864 2144 905 (Feb),

66 905 116 942 qui
139 910 259 941 praeter
281 903 340 932 alia
362 903 507 933 litteraria
532 904 613 932 varia
635 914 704 943 pag.
729 903 884 934 81—90.
910 906 1060 934 continet:
1093 903 1280 944 „Plz1·l2·pp.
1304 904 1498 945 Privilege'a
1524 905 1733 936 Academiae
1757 905 1993 946 Lipsiensis.'’
2042 909 2143 938 Prima

64 947 175 985 pagina
189 946 242 977 81.
266 947 384 975 nonnisi
406 947 483 976 hunc
508 947 630 977 exhibet
652 948 800 986 Iudicem,
829 958 897 987 pag.
913 947 966 978 82.
990 949 1055 977 alba
1072 956 1134 986 est,
1162 959 1234 988 pag.
1249 948 1402 980 83—90.
1439 950 1580 989 (quarum
1606 958 1722 989 septem
1746 952 1860 989 priores
1886 950 2025 982 17—21
2051 953 2145 981 lineas

64 989 195 1026 habent,
221 996 358 1019 extrema
372 999 443 1020 vero
468 997 581 1020 tantum
606 991 648 1021 14
670 990 778 1030 lineas)
802 992 865 1030 ipsa
880 992 1039 1030 privilegia
1061 993 1216 1022 continent
1239 1003 1297 1021 non
1322 994 1413 1031 ipsius
1436 995 1562 1023 auctoris
1587 1004 1675 1023 manu
1701 1000 1841 1031 exarata,
1866 996 1918 1025 sed
1941 997 1978 1025 ab
1995 996 2055 1024 alio
2070 1006 2141 1033 quo-

65 1033 134 1062 dam
156 1033 315 1072 descripta.

405 1247 840 1284 PRIVILEGlA
887 1248 1318 1286 ACADEMIAE
1375 1249 1802 1289 LIPSIENSIS

658 1315 891 1346 PHILIPPO
925 1317 1272 1347 MELANTHONE
1306 1318 1550 1349 AUCTORE.

170 1409 289 1443 Habet
319 1410 515 1444 Academia
548 1410 690 1455 Lipsica
725 1410 1004 1448 Iurisconsultos
1043 1421 1078 1447 et
1132 1426 1195 1448 nes
1211 1414 1371 1455 institui,
1400 1416 1485 1461 quia
1504 1416 1541 1449 in
1569 1416 1735 1450 doctrina
1754 1416 2003 1451 Ecclesiastica
2031 1417 2144 1451 maxi-

64 1461 228 1496 Medicos
254 1462 441 1496 excellenti
469 1463 636 1496 doctrina
660 1469 694 1496 et
719 1464 850 1508 peritia
878 1466 1076 1510 praeditos.
1132 1479 1189 1499 me
1219 1479 1310 1511 opus
1343 1474 1395 1501 est
1429 1468 1602 1501 familiari
1638 1469 1830 1502 collatione
1860 1469 2079 1504 iudiciorum
2109 1477 2144 1504 et

64 1515 189 1561 Quare
205 1512 261 1548 his
278 1515 510 1549 facultatibus
525 1514 648 1548 idonei
669 1517 891 1560 professores
917 1529 992 1551 non
1017 1519 1076 1551 de-
1131 1518 1440 1554 testimoniorum.
1509 1520 1677 1566 Denique
1703 1521 1892 1566 multiplex
1925 1528 1977 1556 est
2006 1522 2143 1557 utilitas

64 1573 160 1602 sunt.
229 1566 417 1612 Stipendia
443 1568 565 1601 deesse
591 1568 711 1602 audio.
773 1568 871 1602 Utile
897 1577 988 1604 esset
1015 1583 1077 1604 au·
1132 1570 1435 1615 disputationum.
1469 1571 1640 1606 Arbitror
1658 1579 1778 1607 autem
1798 1573 1836 1607 in
1856 1574 1932 1618 ipsa
1944 1573 2142 1608 Academia

64 1626 139 1653 tem
155 1619 194 1652 in
213 1619 277 1652 tali
294 1625 329 1652 et
346 1625 420 1652 tam
440 1619 572 1653 celebri
594 1621 683 1653 urbe
709 1627 825 1655 certos
842 1620 1076 1657 Iurisconsul-
1131 1621 1274 1667 Lipsica
1300 1623 1457 1656 inveniri
1488 1637 1592 1669 posse
1617 1625 1774 1671 aliquem
1802 1626 1975 1660 idoneum
2003 1627 2049 1660 ad
2074 1624 2143 1660 hoc

64 1678 121 1706 tos
137 1677 326 1717 praestare
347 1671 596 1706 assiduitatem
615 1671 653 1705 in
681 1673 846 1717 legendo.
902 1673 1005 1707 Hanc
1032 1675 1077 1708 ad
1132 1687 1275 1709 munus.
1344 1675 1382 1709 Si
1407 1676 1654 1717 desideratur,
1690 1678 1831 1724 aliquos
1852 1678 2042 1720 indicabo,
2080 1679 2143 1725 qui

64 1736 143 1758 rem
167 1736 259 1769 opus
282 1731 373 1759 esset
397 1724 585 1769 stipendiis
610 1725 860 1769 amplioribus.
928 1725 1076 1760 Interim
1132 1733 1167 1760 et
1182 1727 1305 1760 idonei
1323 1735 1426 1769 sunt,
1455 1736 1489 1762 et
1504 1728 1822 1774 possentLipsiam
1841 1731 2010 1775 migrare.
2047 1731 2141 1766 Nam

65 1783 101 1810 et
116 1776 178 1809 alii
193 1777 346 1811 lectores
364 1774 542 1810 haberent
558 1774 711 1811 honesta
729 1777 922 1822 stipendia,
951 1778 1077 1812 etiam-
1131 1776 1201 1812 hoc
1218 1785 1383 1824 tempore
1398 1780 1568 1825 migratio
1586 1782 1791 1827 plaerisque
1808 1782 1963 1816 difficilis
1982 1788 2052 1823 cst,
2081 1789 2143 1816 aut

66 1828 97 1863 si
113 1841 189 1862 non
207 1835 325 1863 essent
343 1828 489 1863 assidui.
543 1828 636 1862 Nam
656 1835 689 1862 et
705 1829 743 1862 in
760 1830 839 1864 aliis
859 1830 1076 1876 quibusdam
1132 1838 1283 1876 propter
1298 1832 1454 1867 familias
1466 1860 1475 1873 ,
1502 1840 1564 1867 aut
1583 1833 1667 1879 quia
1691 1834 1895 1868 retinentur
1912 1847 1932 1868 a
1951 1834 2036 1868 suis.

65 1881 272 1916 Academiis
302 1879 361 1915 hic
395 1894 474 1916 mos
505 1887 689 1922 servatur,
737 1888 777 1915 ut
808 1882 894 1915 certi
929 1883 1076 1929 quidem
1236 1882 1311 1918 Nee
1339 1885 1425 1918 satis
1458 1892 1510 1919 est
1534 1883 1668 1919 habere
1692 1885 1863 1920 Lectores
1886 1884 2142 1931 Theologicos.

65 1934 218 1969 lectores
234 1933 306 1968 sint
323 1933 477 1974 assidui,
506 1933 568 1966 alii
585 1933 658 1968 sint
674 1933 874 1968 liberiores.
1131 1933 1293 1969 Ineunda
1312 1942 1363 1970 est
1388 1937 1496 1970 etiam
1523 1937 1638 1978 ratio,
1669 1944 1709 1971 ut
1731 1950 1908 1983 pauperes
1937 1936 2141 1973 scholastici

171 1986 224 2020 Ac
236 1987 400 2031 profecto
418 1987 607 2031 prodesset
622 1986 812 2020 universos
832 1987 968 2022 reditus
986 1987 1076 2021 Aca·
1133 1988 1319 2021 doctrinae
1329 1988 1600 2023 Ecclesiasticae
1611 1990 1779 2024 destinati
1792 1991 1938 2024 alantur
1952 1990 2141 2035 stipendiis

67 2039 208 2073 demiae
224 2038 263 2072 in
282 2051 513 2072 communem
525 2037 554 2085 ¹)
571 2039 694 2072 fiscum
722 2040 905 2079 conferre,
934 2047 969 2073 et
993 2040 1077 2073 inde
1132 2039 1303 2084 publicis,
1340 2041 1423 2086 quia
1451 2041 1599 2076 ditiores
1624 2043 1894 2087 amplectuntur
1917 2042 2006 2076 alias
2034 2049 2140 2076 artes.

68 2091 286 2126 constituere
311 2091 491 2137 stipendia
514 2103 589 2124 non
614 2091 757 2132 otiosis,
782 2093 843 2125 sed
864 2092 1077 2137 professori·
1132 2092 1254 2136 Quare
1271 2093 1429 2127 defuturi
1447 2101 1530 2127 sunt
1555 2101 1718 2139 pastores
1733 2094 1924 2136 Ecclesiis,
1950 2094 2021 2128 nisi
2035 2094 2141 2128 Prin-

65 2145 144 2179 bus.
199 2143 305 2179 Nunc
329 2144 426 2177 enim
452 2149 578 2177 contra
603 2143 880 2189 proportionem
904 2145 1077 2178 fruuntur
1132 2144 1228 2189 cipes
1246 2151 1280 2178 et
1290 2145 1568 2192 Respublicaess)
1587 2153 1714 2181 curent
1734 2147 1781 2179 ali
1800 2145 2033 2181 scholasticos
2052 2159 2140 2192 pau-

66 2197 243 2231 reditibus
257 2196 424 2241 Magistri
442 2196 478 2229 in
498 2195 678 2240 Collegiis.
732 2195 870 2230 Interea
890 2197 1077 2242 negligun-
1131 2209 1234 2241 peres
1254 2198 1434 2232 studiosos
1450 2199 1638 2232 doctrinae
1655 2199 1935 2240 ecclesiasticae,
1962 2206 2003 2232 ut
2029 2211 2071 2232 ex
2097 2211 2139 2232 eo

65 2255 125 2284 tur
140 2248 318 2283 Doctores
336 2247 428 2282 Iuris
443 2255 476 2281 et
495 2248 710 2282 Medicinae.
1132 2261 1285 2283 numero
1322 2250 1501 2295 eligantur
1536 2251 1692 2286 ministri
1728 2250 1971 2286 Ecclesiarum
1991 2279 2000 2292 ‚
2049 2251 2141 2285 sicut

171 2300 212 2334 In
229 2298 433 2345 Theologia
453 2301 646 2334 lectoribus
667 2300 781 2334 tribus
806 2313 896 2346 opus
925 2309 996 2341 est,
1024 2302 1076 2335 Ac
1132 2308 1281 2347 propter
1299 2300 1392 2336 hanc
1410 2303 1524 2348 ipsam
1551 2316 1695 2338 causam
1724 2303 1828 2337 initio
1857 2310 1941 2337 ante
1961 2302 2139 2337 Constan-

65 2365 163 2387 nunc
191 2352 329 2387 habent
356 2353 557 2398 Zciglerum
587 2359 622 2386 et
644 2350 888 2388 Schubelium.
950 2353 996 2387 Et
1038 2355 1076 2387 iu
1132 2353 1247 2387 tinum
1274 2354 1432 2399 Collegia
1465 2355 1657 2389 constituta
1686 2362 1779 2390 sunt.
1833 2355 1964 2390 Postea
1994 2367 2074 2389 cum
2101 2355 2138 2387 in

65 2402 122 2440 his
148 2405 260 2440 initiis
285 2405 402 2451 placet
429 2403 519 2438 mihi
544 2405 696 2438 alterum
716 2403 943 2451 Theologum
972 2407 1075 2440 susti-
1132 2405 1427 2452 Collegiisstudia
1445 2408 1730 2452 languescerent,
1750 2408 1970 2442 monasteria
1991 2407 2138 2440 condita

66 2470 154 2491 nere
184 2470 318 2493 munus
347 2458 501 2491 docendi
531 2457 691 2502 linguam
718 2456 960 2505 Ebraeam2),
1005 2471 1075 2505 qua
1130 2465 1233 2499 sunt,
1268 2466 1307 2493 ut
1343 2466 1459 2494 essent
1483 2458 1646 2494 Scholae.
1717 2459 1859 2493 Deinde
1893 2465 2139 2494 successerunt

68 2517 162 2544 certe
182 2523 271 2556 opus
289 2517 341 2544 est
359 2512 403 2545 ad
422 2510 694 2555 intelligendum
713 2522 917 2545 sermonem
937 2511 975 2544 in
991 2524 1075 2556 pro-
1129 2510 1366 2552 Academiae,
1404 2512 1487 2557 quia
1506 2509 1680 2545 Monachi
1706 2512 1891 2546 desierunt
1915 2512 2034 2545 colere
2059 2511 2137 2543 lite-

67 2560 220 2607 pheticis
244 2562 397 2608 scriptis.
461 2562 629 2608 Optarim
659 2569 777 2596 autem
805 2564 890 2596 addi
914 2564 1075 2604 tertium,
1130 2575 1199 2597 ras.
1269 2563 1374 2598 Nunc
1408 2564 1517 2608 igitur
1544 2564 1722 2609 possessio
1753 2564 1941 2598 literarum
1970 2561 2135 2608 haereffl)

69 2621 103 2648 et
119 2626 195 2648 non
212 2614 329 2649 solum
346 2615 629 2659 praelectiones,
658 2615 840 2649 sedetiam
860 2616 1074 2661 disputatio-
1130 2621 1312 2662 utcunque
1332 2615 1368 2648 in
1385 2616 1602 2651 Academiis.
1656 2615 1804 2650 Interim
1831 2629 1916 2662 opes
1940 2612 2136 2661 donatae5)

1163 2717 1193 2750 3)
1214 2718 1413 2749 Respublicae]
1434 2718 1518 2743 Com:
1544 2718 1667 2748 Respub:

105 2747 135 2780 1)
156 2750 343 2778 communem]
360 2748 426 2774 Cod.
446 2750 528 2774 habet
547 2750 704 2782 scripturae
722 2750 926 2781 compendium:
947 2758 1055 2777 comem
1101 2763 1102 2796 3
1163 2761 1194 2794 4)
1214 2763 1327 2791 haeret]
1347 2762 1432 2787 Cod.:
1459 2763 1538 2786 heret

103 2801 134 2829 2)
154 2800 315 2834 Ebraeam‚]
337 2802 419 2826 Cod.:
446 2802 581 2834 Ebream,
1098 2800 1103 2830 1
1162 2806 1194 2838 5)
1214 2804 1346 2838 donatae]
1367 2806 1451 2831 Cod.:
1477 2806 1578 2837 donate
