2389 3037
108 81 184 120 265
766 80 890 118 XCVI.

208 166 359 212 Figuras
395 168 592 202 admittunt
625 179 889 214 nonnunquam
926 166 963 201 hi
999 181 1111 203 casus.

106 220 198 255 Nam
218 219 390 263 Virgilius
409 217 675 265 diphthongum
700 219 842 260 divisit,
871 233 950 254 cum
973 220 1110 267 inquit:

104 272 209 306 Aula'i
242 271 279 304 in
309 272 441 306 medio.
520 270 629 311 Item,
670 272 777 316 pictai
816 272 933 307 vestis.
1008 271 1110 312 Item,

105 329 222 370 aquai.

206 382 253 417 Et
288 383 448 428 genitivo
480 383 613 428 plurali
648 396 912 430 nonnunquam
952 396 1108 430 syncope

104 435 329 476 admittitur,
359 432 620 480 Terrigenum,
649 448 715 480 pro
734 436 1010 480 terrigenarum.
1055 434 1109 468 ld-

104 499 172 533 que
188 487 262 521 fere
280 486 317 520 in
336 488 545 532 compositis
564 494 702 528 tantum
726 487 866 521 accidit.

206 546 360 581 Variant
396 554 430 581 et
462 548 575 581 dativi
611 548 777 592 plurales.
845 547 937 582 Nam
970 554 1108 582 veteres

101 599 275 646 pleraque
308 599 526 634 discriminis
554 612 659 634 causa
685 612 750 645 per
775 600 863 634 abus
891 600 1109 641 extulerunt,

101 657 141 685 ut
157 652 267 686 eabus
283 664 350 696 pro
371 652 439 692 eis,
468 651 668 685 foeminino
683 664 824 696 genere.
890 651 1007 685 Hodie
1025 652 1108 686 reli-

101 716 172 749 qua
188 710 291 743 sunt,
319 716 361 737 ex
378 701 446 737 hac
461 704 596 737 forma:
625 703 789 744 Deahus,
816 704 977 745 filiabus,
1006 711 1108 737 nata-

100 755 186 796 bus,
229 756 410 802 equabus,
447 756 631 797 mulabus,
668 756 884 796 libertabus,
920 757 1107 797 ambabus,

100 807 251 842 duabus.
295 803 396 840 ‘Sunt
413 808 476 853 qui
494 814 528 841 et
544 808 761 842 dominabus
776 808 912 843 dicunt.

204 867 380 901 Graecam
406 868 561 901 formam
589 868 797 909 imitantur,
826 881 918 915 quae
936 881 971 903 es
989 876 1050 902 aut
1069 881 1106 903 as

99 919 241 953 finiunt„

455 996 746 1041 Paradigma.

412 1062 469 1098 hic
494 1062 669 1100 Anchises

412 1114 519 1151 huius
539 1115 717 1151 Anchisae

415 1166 498 1202 huic
522 1167 701 1203 Anchisae

413 1219 509 1254 hunc
537 1219 739 1261 Anchisen,
768 1219 863 1255 hunc
888 1222 1036 1255 Aenean

413 1284 433 1305 o
456 1270 612 1306 Anchise

413 1325 458 1357 ab
484 1322 552 1357 hoc
573 1322 740 1358 Anchise.

202 1383 443 1418 Rarissimum
461 1391 513 1419 est
529 1391 563 1418 et
580 1386 736 1430 priscum
749 1412 757 1425 ,
787 1386 885 1431 quod
902 1392 936 1419 et
951 1385 1103 1420 Priscia-

97 1448 165 1471 nus
184 1436 386 1477 annotavit,
413 1437 592 1481 genitivos
609 1437 808 1482 singulares
827 1438 1019 1472 nominum
1037 1449 1103 1482 pu-

99 1500 225 1523 rorum
242 1488 280 1521 in
299 1501 316 1521 a
331 1514 340 1528 ,
376 1501 441 1534 per
455 1500 492 1523 as
511 1489 606 1523 exire
619 1517 626 1529 ,
663 1496 702 1522 ut
720 1487 807 1523 haec
824 1489 920 1523 Maia
934 1516 943 1530 ,
972 1489 1102 1531 Maias,

98 1553 165 1586 pro
189 1540 330 1580 Maiae,
366 1547 401 1574 et
424 1547 564 1575 constat
587 1539 656 1575 hoc
681 1542 925 1575 aemulatione
943 1542 1102 1577 Graeco-

96 1605 177 1627 rum
187 1591 236 1638 68)
260 1592 357 1634 fieri,
403 1594 497 1627 unde
523 1601 574 1628 est
604 1594 781 1638 genitivus
812 1595 990 1635 familias,
1034 1606 1100 1640 pro

86 1642 266 1679 familiae.
320 1644 493 1688 Virgilius
515 1646 622 1678 etiam
648 1659 754 1680 auras
778 1659 845 1692 pro
871 1660 980 1681 aurae
1004 1647 1101 1691 geni—

97 1698 171 1731 tivo
193 1697 288 1731 fecit.

294 1757 447 1792 Prorsus
471 1758 607 1792 Graeca
632 1759 825 1792 declinatio
851 1767 901 1793 est

446 1811 635 1843 nominum
662 1811 698 1843 in
725 1823 754 1844 e.

599 1870 739 1912 Latini,
769 1869 854 1905 haec
875 1873 1045 1917 epitoma.

600 1923 656 1957 Sic
677 1930 711 1957 et
728 1930 934 1968 pentecoste

598 1973 840 2023 πεντηκοστή,
861 1978 894 2010 id
914 1984 976 2017 est,
994 1977 1097 2023 quiu-

597 2028 803 2073 quagesima
817 2056 826 2068 ,

597 2079 756 2125 Euterpe
778 2087 844 2115 etc.

149 1877 188 1905 ut
209 1868 295 1904 haec
314 1871 492 1915 epitome,

200 1919 308 1957 huius
325 1922 500 1968 epitomes

199 1972 282 2008 huic
300 1975 479 2020 epitomae

200 2024 295 2060 hanc
314 2027 497 2072 epitomen

201 2091 222 2113 o
240 2079 416 2124 epitome,

202 2131 246 2164 ab
263 2129 330 2164 hac
348 2131 517 2176 epitome.

494 2191 697 2227 Pluraliter.

410 2242 476 2277 hae
495 2243 674 2288 epitomae

410 2294 538 2330 harum
559 2296 798 2341 epitomarum

409 2346 463 2382 his
481 2348 649 2392 epitomis

410 2399 472 2434 has
491 2401 667 2444 epitomas

409 2465 430 2485 o
448 2450 682 2497 epitomae⁸⁹)

408 2505 452 2537 ab
472 2503 524 2538 liis
543 2504 720 2548 epitomis.

953 80 1290 118 GRAMMATICA
1323 82 1517 119 LATINA.

1122 2577 1125 2611 Ι

2096 92 2172 128 266

1373 169 1620 214 Secunda
1652 173 1962 217 declinatio,

1273 244 1310 278 ln
1346 244 1439 279 hanc
1472 248 1672 281 retulerunt
1709 248 1829 283 Latini
1866 251 2034 293 nomina,
2080 266 2171 299 quae

1164 296 1296 330 finiunt

1323 360 1341 381 e
1351 360 1369 381 r
1475 361 1584 393 gener

1322 400 1358 433 ir
1475 401 1531 434 vir

1320 464 1344 485 u
1354 464 1371 485 r
1472 459 1571 486 satur

1234 526 1255 542 0
1321 516 1346 538 u
1355 517 1389 537 m
1472 517 1659 539 scamnum

1321 568 1344 590 u
1354 568 1368 590 s
1475 557 1645 591 dominus

1321 620 1371 642 eu
1383 621 1398 642 s
1474 607 1655 653 Orpheus.
1703 609 1837 657 Estque
1856 610 1944 646 haec
1962 614 2099 649 Graeca
2110 613 2170 663 ⁷⁴),

1163 666 1324 694 caeterae
1342 658 1497 694 Latinae
1515 668 1609 695 sunt.

1515 737 1808 784 Paradigma.

1540 807 1791 852 Singulariter.

1477 858 1533 893 hic
1552 860 1723 895 dominus

1476 910 1583 946 huius
1602 913 1741 946 domini

1474 962 1557 998 huic
1575 964 1726 998 domino

1474 1014 1571 1049 hunc
1588 1016 1778 1051 dominum

1473 1080 1494 1101 o
1513 1068 1660 1102 domine

1475 1121 1519 1153 ab
1537 1118 1605 1154 hoc
1621 1121 1784 1154 domino.

1562 1181 1767 1216 Pluraliter.

1474 1230 1511 1265 hi
1535 1233 1673 1267 domini

1474 1282 1604 1318 horum
1627 1286 1860 1319 dominorum

1472 1334 1527 1370 his
1543 1337 1701 1371 dominis

1472 1386 1538 1423 hos
1562 1389 1730 1423 dominos

1473 1453 1493 1473 o
1511 1441 1652 1474 domini
1669 1442 1715 1487 ⁷¹)

1472 1493 1516 1526 ab
1534 1491 1590 1528 his
1607 1494 1776 1528 dominis.

1261 1561 1338 1594 Hoc
1359 1562 1569 1607 paradigma
1596 1564 1758 1607 regulare
1782 1569 1853 1603 est,
1890 1574 1963 1608 quo
1989 1562 2077 1596 fines
2106 1574 2162 1595 ca-

1156 1625 1258 1647 suum
1280 1613 1504 1658 singulorum
1525 1615 1742 1649 indicantur.
1797 1614 1986 1648 Caeterum
2007 1626 2161 1648 numero

1155 1666 1373 1711 syllabarum
1419 1668 1595 1712 quaedam
1636 1668 1783 1701 nomina
1834 1666 1987 1700 variant.
2067 1665 2159 1701 Nam

1156 1719 1333 1763 quaedam
1350 1727 1523 1762 superant
1541 1720 1806 1753 nominativum
1825 1719 1861 1752 in
1880 1729 2033 1751 numero
2056 1718 2160 1763 sylla—

1154 1770 1281 1803 barum
1302 1770 1338 1803 in
1357 1771 1496 1805 casibus
1511 1772 1678 1818 reliquis,
1708 1772 1885 1817 quaedam
1904 1782 1989 1803 vero
2008 1770 2158 1803 totidem

1154 1822 1300 1867 syllabis
1316 1829 1482 1856 contenta
1493 1823 1539 1870 72)
1560 1830 1642 1858 sunt
1668 1823 1705 1856 in
1724 1823 1900 1868 obliquis,
1939 1828 2028 1868 quot
2053 1822 2160 1867 sylla—

1153 1874 1208 1908 bis
1223 1881 1363 1908 constat
1380 1875 1638 1909 nominativus.
1695 1875 1935 1909 indicabimus
1951 1874 2072 1920 itaque
2095 1872 2159 1907 ho>

1154 1938 1233 1960 rum
1257 1927 1477 1962 discrimina.

1492 2006 1554 2040 De
1584 2005 1818 2040 Genitivo.

1257 2072 1339 2106 Non
1355 2080 1499 2118 superat
1518 2074 1695 2118 genitivus
1719 2073 1984 2106 nominativum
2002 2085 2154 2106 numero

1152 2124 1392 2169 syllabarum,
1419 2126 1447 2160 si
1467 2126 1558 2171 er73)
1576 2127 1767 2171 praecedat
1787 2132 1898 2160 muta.

1258 2184 1376 2218 Faber
1391 2186 1482 2219 fabri
1495 2214 1503 2223 ,

1255 2238 1351 2281 Ager
1368 2238 1442 2279 agri
1455 2266 1463 2276 ,

1899 2186 1996 2218 vafer
2013 2184 2117 2224 vafri,

1887 2240 2017 2273 Auster
2034 2236 2157 2271 austri.

1559 2199 1686 2219 cancer
1705 2186 1843 2225 cancri,

1551 2251 1637 2283 aper
1656 2238 1755 2283 apri,

1577 2299 1725 2344 Excipe:

1256 2357 1363 2391 Liber
1388 2358 1528 2399 Liberi,
1573 2373 1637 2404 pro
1663 2358 1827 2400 Baccho,
1872 2366 1903 2392 et
1939 2358 2153 2392 adiectivum

1152 2409 1261 2449 liber,
1290 2410 1404 2444 liberi.

1186 2527 1233 2560 70)
1253 2529 1393 2559 Graecast
1413 2530 1461 2553 Ed.
1482 2538 1506 2555 s.
1525 2537 1566 2555 a.:
1597 2532 1706 2555 Graeca
1726 2530 1898 2558 terminatio,

1184 2580 1232 2612 71)
1253 2581 1303 2605 flic
1322 2582 1421 2605 Vocat.
1444 2583 1513 2611 plur.
1535 2584 1569 2606 ab
1590 2582 1673 2606 Editt.
1692 2583 1785 2611 law,
1808 2583 1882 2607 1529.
1903 2585 1985 2607 abest

130 2629 178 2662 68)
197 2631 382 2656 aemulatione
401 2634 588 2661 Graecorum]
610 2632 691 2655 Editt.
712 2633 803 2661 15⁴6„
825 2640 846 2656 S.
862 2639 904 2657 a.:
925 2633 1095 2658 Graecorum
1121 2621 1124 2673 1
1185 2632 1232 2663 72)
1253 2633 1395 2665 contenta]
1414 2634 1454 2658 sic
1476 2635 1522 2659 Ed.
1541 2635 1633 2664 ¹5⁴⁶-3
1663 2635 1745 2661 Editt.
1763 2635 1853 2661 1526..
1877 2636 1966 2660 1529..
1987 2603 2007 2658 S
2023 2641 2062 2659 a.:
2084 2639 2151 2660 con-

166 2665 318 2690 imitatione

130 2716 179 2744 6⁹)
200 2717 250 2740 nic
270 2717 366 2740 Vocat.
388 2718 456 2747 plur.
479 2720 505 2742 in
527 2719 606 2743 Edittv
626 2719 718 2745 1526.,
741 2718 813 2742 1529.
837 2720 923 2743 deest.

1121 2678 1124 2692 l

1219 2670 1314 2691 tentae

1184 2720 1232 2747 7³)
1252 2722 1298 2747 er]
1321 2721 1371 2745 Ed.
1389 2721 1461 2746 1526.
1484 2729 1496 2745 r
