2453 3037
293 130 340 166 51

298 214 429 253 Αἴσων
447 215 609 258 Αἴσονος
618 217 677 264 3¹¹),
705 227 797 262 quae
814 228 834 249 ο
849 215 958 247 breve
974 212 1123 255 habent,
1140 226 1183 248 eo
1201 215 1301 261 quod

296 269 504 303 derivaticia
524 270 613 309 sint,
642 268 772 314 quibus
791 265 860 300 hoc
878 266 995 311 ipsum
1014 267 1194 300 familiare
1213 273 1277 300 est.

400 321 490 355 Sunt
507 328 540 354 et
560 333 652 367 quae
670 320 706 352 in
723 332 787 358 τος
802 318 1001 364 genitivum
1020 319 1176 359 faciunt,
1204 319 1304 352 vide-

295 372 377 405 licet
404 386 495 418 quae
523 374 559 405 in
585 374 672 419 φῶν
693 371 883 411 desinunt,
925 377 965 404 ut
985 370 1166 418 Ξενοφῶν
1192 370 1305 407 Ξενο-

297 436 457 471 φωντος.

398 474 445 508 Et
463 474 498 507 in
516 487 611 516 οων,
640 481 679 509 ut
695 470 886 509 Λαοκόων
907 470 1162 513 Λαοκόοντος.
1215 473 1304 508 Item

294 524 418 575 γέρων
452 525 650 573 γέροντος,
695 525 789 562 λέων
819 525 985 567 λέοντος,
1027 522 1183 572 δράκων
1209 522 1302 574 δρά-

295 590 430 617 κοντος
441 577 501 623 3²¹¹),

733 647 765 681 0
780 648 862 681 YN.

404 707 506 751 Ουν,
548 713 588 741 ut
622 705 761 742 δίπουν
794 712 964 739 neutrum
991 718 1009 738 a
1034 702 1168 744 δίπους
1191 704 1305 749 bipes,

297 757 499 791 declinatur
516 759 605 792 sicut
625 756 759 798 δίπους
771 756 941 797 δίποδος.
994 756 1069 791 Nec
1086 756 1124 789 in
1144 768 1214 792 ουν
1239 754 1305 789 hu-

297 810 352 843 ius
369 810 508 844 ordinis
526 811 595 843 alia
616 818 699 844 sunt
714 816 858 855 praeter
873 808 980 843 huius
996 810 1138 842 formae
1158 819 1306 852 compo-

296 861 363 896 sita
383 868 417 895 et
434 862 641 907 participia,
667 874 823 908 quorum
843 861 1123 895 declinationem
1141 872 1206 894 suo
1224 860 1304 893 loco

297 913 424 948 disces.

557 998 619 1033 De
649 997 982 1033 terminatione
1011 999 1042 1037 ξ.

400 1068 499 1102 Sicut
535 1069 632 1113 apud
666 1067 818 1102 Latinos
853 1067 1045 1101 solvuntur
1085 1065 1236 1099 nomina
1282 1077 1304 1098 x

295 1119 458 1153 finientia
477 1120 514 1153 in
533 1133 550 1153 e
567 1127 629 1154 aut
647 1133 688 1165 g,
717 1126 756 1154 ut
774 1132 835 1153 rex
853 1119 966 1163 regis,
993 1119 1073 1151 faex
1088 1117 1214 1151 faecis:
1254 1116 1304 1150 sic
1330 1126 1333 1159 Ι

295 1173 393 1216 apud
412 1173 570 1206 Graecos
590 1184 608 1205 a
627 1173 648 1213 ξ
663 1173 754 1206 fiunt
776 1171 924 1216 genitivi
950 1176 1011 1204 aut
1036 1181 1101 1215 per
1123 1182 1206 1213 κος,
1243 1174 1305 1201 aut
1329 1164 1333 1212 l

294 1236 360 1269 per
375 1237 461 1273 γος,
491 1231 554 1258 aut
571 1237 635 1269 per
650 1237 731 1270 χος.
1329 1222 1332 1250 ³

398 1285 590 1318 Primitiva
608 1285 646 1318 in
664 1286 684 1325 ξ
700 1286 773 1318 fere
795 1297 859 1324 κος
883 1282 1038 1323 habent,
1066 1292 1304 1328 quaecunque
1329 1253 1333 1318 l

295 1337 429 1370 vocalis
446 1338 660 1380 praecedat,
685 1343 726 1371 ut
1329 1324 1332 1382 Ι

345 1385 464 1435 κόραξ
484 1385 646 1435 κόρακος
1329 1384 1332 1417 l

345 1439 499 1486 νάρθηξ
522 1437 717 1485 νάρθηκος

346 1489 477 1537 πέρδιξ
497 1489 671 1536 πέρδικος

346 1539 504 1588 βόμβυξ
523 1539 724 1588 βόμβυκος

348 1591 444 1640 σάρξ
470 1592 620 1640 σαρκός.
1328 1599 1331 1622 ι

348 1644 446 1685 ἄναξ
461 1652 568 1689 auget
590 1645 765 1691 syllabam
792 1655 857 1687 pro
884 1642 1025 1682 ἄνακος
1046 1641 1182 1675 faciens
1208 1639 1302 1675 ἄνα-

346 1710 452 1759 κττος,
493 1696 646 1739 ἄνακτι,
693 1695 862 1741 ἄνακτα,
897 1691 928 1730 ὥ
953 1694 1068 1739 ἄναξ,
1104 1699 1139 1727 et
1163 1694 1302 1738 poetice

348 1762 379 1783 ω
398 1762 486 1785 ανα.
1326 1757 1330 1830 J

399 1808 571 1853 Derivata
609 1809 838 1854 maximeque
873 1806 1033 1840 verbalia
1061 1818 1129 1854 γος
1158 1804 1302 1845 finiunt,
1327 1832 1330 1848 a

294 1867 334 1894 ut
350 1858 475 1908 ἅρπαξ
494 1859 681 1910 ἅρπαγος,
711 1861 755 1894 ab
775 1856 947 1907 ἆρπάζω,
974 1858 1011 1891 in
1030 1858 1128 1892 cuius
1144 1857 1302 1892 secundo

293 1913 417 1946 futuro
437 1919 489 1947 est
510 1911 690 1962 ἄρπαγῶ,
725 1911 809 1946 hinc
833 1912 1013 1956 genitivus
1040 1915 1301 1944 consonantem

292 1978 319 2013 γ
338 1971 539 1999 mutuatur.

347 2021 571 2073 οἰστροπλὴξ
594 2025 880 2072 οἰστροπλῆγος,
907 2035 925 2055 a
946 2024 1091 2070 πλαγιῦ.

346 2074 574 2122 κυαμοτρώξ
596 2078 885 2124 κυαμοτρῶγος,
915 2087 931 2107 a
949 2072 1098 2122 τρώγω.

347 2129 441 2164 Nota
463 2126 587 2176 φύλαξ
603 2125 783 2175 φύλακος.

688 2213 749 2250 ΙΞ
772 2220 806 2246 et
840 2212 915 2250 ΥΞ.

402 2283 441 2317 ln
465 2284 500 2324 ιξ
521 2290 555 2316 et
571 2283 617 2322 υξ
634 2283 706 2315 sere
731 2280 866 2316 liabent
885 2295 975 2328 χος,
1001 2287 1041 2315 ut
1057 2277 1149 2327 θρίξ
1163 2276 1302 2326 τριχός,

299 2337 391 2377 ὄνυξ
411 2336 557 2381 ὄνυχος.
613 2334 670 2368 Sic
687 2340 721 2367 et
738 2331 811 2380 βήξ
831 2330 949 2380 βηχός
962 2333 1022 2380 35⁶).

333 2467 381 2494 33)
397 2462 530 2489 Ἀκταίων
550 2477 582 2480 ——
602 2463 744 2491 Αἴσονος]
764 2462 805 2485 sic
824 2462 908 2485 Editt.
926 2461 1001 2486 1542.
1018 2468 1095 2491 sqq.;
1133 2459 1219 2483 Editt.
1235 2459 1302 2483 ¹522

367 2501 485 2524 ..45st
507 2500 601 2522 horum
625 2499 685 2522 loco
707 2497 853 2521 exhibent:
884 2493 1009 2528 Ἅλιιιρίων
1023 2492 1194 2527 Ἀμφίονος,
1216 2491 1301 2517 ‘Ym—

367 2537 436 2569 ρίων
450 2532 620 2565 (Υπερίοινυς,

332 2590 379 2619 34)
400 2588 529 2612 videlicet
548 2593 617 2617 quae
630 2600 663 2603 —
676 2582 853 2617 awannam
867 2584 906 2607 sic
921 2583 1005 2607 Editt.
1024 2583 1097 2608 1542.
1112 2590 1190 2613 sqq.;
1215 2582 1299 2606 Editt.

369 2622 562 2648 1522—1541.
582 2623 678 2645 horum
700 2622 758 2644 loco
784 2620 903 2644 liabent:
936 2617 1026 2650 γέρων
1050 2617 1196 2649 γίροντος,
1231 2616 1302 2640 λέων

371 2658 497 2687 λέοντος,
522 2654 633 2688 δράκων
651 2653 809 2687 δράκοντος.
847 2655 882 2678 Et
902 2654 929 2677 in
949 2652 1029 2685 φῶν,
1049 2655 1077 2677 ut
1097 2651 1233 2685 Ξενοφῶν
1250 2650 1301 2679 Ξε-

368 2693 522 2725 νοφῶντος.

331 2746 380 2774 35)
401 2747 446 2769 Sic
465 2758 498 2762 —
517 2743 624 2776 {3105ng
651 2745 691 2768 sic
717 2743 802 2768 Editt.
821 2742 893 2767 ¹542.
914 2749 992 2773 sqq.;
1030 2742 1056 2766 in
1081 2741 1167 2766 Editt.
1187 2740 1253 2765 1522
1266 2753 1301 2758 ·-

370 2781 444 2805 1541.
465 2781 531 2804 hacc
550 2781 660 2804 desunt.

884 126 1008 162 PHIL.
1045 126 1160 162 MEL.
1196 105 1411 163 SCRIPTA'
1435 127 1776 165 PHILOLOGICA.

2314 128 2365 167 52

1461 215 1500 249 In
1521 217 1594 265 υγξ
1609 218 1681 251 fere
1697 230 1835 267 υγγος,
1860 213 2014 266 φάρυγξ
2030 215 2240 266 φάρυγγος.
2273 212 2368 266 λύγξ

1357 267 1495 316 λυγκός
1510 268 1569 314 3⁶³).

1460 326 1501 360 In
1528 328 1599 368 αιξ.
1646 328 1707 368 αἴξ
1730 329 1815 362 facit
1838 328 1955 377 αἰγός.
1999 327 2153 377 γύναιξ,
2197 329 2366 364 abusivus

1358 379 1607 413 nominativus
1618 379 1684 426 ³⁷),
1712 379 1892 428 γυναικός
1909 379 2065 429 γυναικί
2081 387 2146 415 etc.

1718 474 2008 520 Paradigma.

1441 550 1540 594 Sing.
1570 549 1589 586 ὃ
1608 551 1745 598 θώραξ

1566 606 1636 638 τοῦ
1654 602 1832 650 θώρακος

1567 657 1622 701 τῷ
1640 652 1792 701 θώρακι

1564 705 1632 742 τόν
1648 706 1812 753 θώρακα

1569 754 1600 793 ὦ
1618 757 1763 804 θώραξ.

1565 807 1619 844 τώ
1636 809 1793 855 θώρακε

1565 862 1649 896 τοῖν
1666 860 1874 908 θωράκων.

1570 912 1606 947 οἱ
1624 912 1798 958 θώρακες

1569 967 1648 999 τῶν
1665 961 1860 1011 θωράκων

1570 1017 1648 1055 τοῖς
1663 1014 1813 1060 θώραξι

1569 1066 1657 1106 τοὺς
1672 1066 1854 1113 θώρακας

1567 1114 1597 1153 ὦ
1617 1117 1801 1165 θώρακες.

1429 808 1536 843 Dual.

1442 912 1542 946 Plur.

1766 1210 1957 1255 Regula.

1462 1280 1618 1314 Pluralis
1649 1279 1792 1313 dativus
1817 1280 1838 1319 ξ
1861 1277 2064 1311 finientium
2090 1289 2109 1310 a
2134 1277 2363 1311 nominativo

1358 1332 1532 1378 singulari
1555 1333 1595 1365 fit
1616 1338 1756 1365 tantum
1784 1345 1797 1365 ι
1824 1330 1966 1367 addita;
2003 1329 2143 1374 poetice
2165 1329 2363 1376 aliquando

1359 1391 1510 1430 augetur
1528 1382 1585 1417 hic
1604 1396 1704 1418 casus
1716 1410 1725 1423 ‚
1752 1379 1973 1429 θωράκεσσι
1990 1393 2057 1425 pro
2073 1379 2234 1429 θώραξι.

1617 1478 1680 1512 De
1709 1477 2047 1512 terminatione
2074 1490 2108 1524 ρ.

1461 1555 1700 1590 Immutabilis
1723 1556 1827 1589 litera
1852 1569 1875 1603 ρ
1896 1562 1969 1596 est,
2005 1566 2117 1601 quare
2144 1554 2182 1587 in
2208 1553 2365 1600 obliquis

1356 1611 1430 1644 fere
1449 1615 1614 1644 servatur
1633 1608 1724 1642 sicut
1740 1620 1782 1649 ν,
1811 1608 1972 1653 fiuntque
1990 1606 2139 1651 genitivi
2157 1612 2299 1640 tantum
2326 1617 2364 1645 ος

1356 1661 1491 1696 addita.
1546 1660 1638 1694 Huic
1658 1658 1908 1693 terminationi
1926 1658 2070 1692 difficile
2087 1664 2139 1691 est
2155 1658 2362 1691 adformare

1355 1714 1518 1748 dativum
1539 1712 1715 1757 pluralem
1728 1739 1736 1752 ,
1764 1711 1845 1744 ideo
1864 1711 1939 1745 eius
1955 1710 2206 1756 paradigmata
2228 1709 2365 1754 praeci-

1355 1779 1425 1812 pue
1449 1764 1670 1799 observabis.

1460 1828 1541 1874 Λρ,
1571 1838 1660 1872 αρος
1674 1824 1771 1858 facit.
1803 1825 1955 1858 Praeter
1972 1829 2099 1856 neutra
2113 1849 2123 1863 ,
2149 1833 2242 1867 quae
2263 1832 2286 1865 ρ
2303 1820 2366 1853 ab-

1356 1880 1445 1913 iecta
1468 1878 1645 1924 genitivos
1661 1876 1799 1910 faciunt
1814 1888 1879 1921 per
1897 1888 1978 1917 τος,
2006 1871 2109 1921 ἦμαρ
2125 1871 2338 1920 ἤματοςῧδ).

1547 1963 1827 2007 Par-adigma
1866 1961 2186 1995 masculinum.

1440 2033 1537 2078 Sing.
1567 2030 1586 2067 ὃ
1605 2028 1735 2077 μάκαρ

1566 2086 1635 2119 τοῦ
1652 2082 1823 2129 μάκαρος

1565 2138 1620 2182 τῷ
1637 2134 1780 2181 μάκαρι

1566 2186 1634 2222 τὸν
1649 2185 1804 2233 μάκαρα

1566 2235 1597 2273 ὦ
1616 2236 1759 2285 μάκαρ.

1425 2291 1531 2325 Dual.
1561 2288 1614 2325 τα)
1629 2286 1776 2336 μάκαρε

1567 2343 1650 2377 τοῖν
1665 2339 1867 2387 μακάροιν.

1390 2491 1438 2518 36)
1458 2490 1518 2513 fere
1537 2502 1571 2505 ψ
1589 2485 1711 2519 λυγκὸς]
1732 2486 1771 2510 sic
1787 2486 1871 2511 Editt.
1890 2485 1964 2509 1542.
1984 2491 2062 2515 sqq.;
2080 2483 2163 2508 Editt‘
2177 2483 2358 2508 15227-1541.

1426 2527 1456 2549 ut
1475 2522 1587 2557 φάρυγξ
1607 2521 1760 2555 φάρυγγος.

1389 2579 1437 2607 37)
1458 2577 1504 2606 αἴξ
1520 2590 1555 2594 --
1574 2575 1784 2602 nominativus]
1802 2573 1843 2597 sic
1858 2572 1940 2596 Editt.
1958 2571 2033 2595 1542.
2050 2577 2127 2601 sqq.;
2145 2570 2229 2594 Editt.
2248 2570 2358 2594 1522—

1427 2614 1502 2637 1541.
1523 2613 1552 2635 ut
1570 2608 1685 2643 γύναιξ,
1705 2609 1838 2633 abusivus
1853 2607 2058 2638 nominativus,
2079 2605 2157 2629 cuius
2175 2605 2279 2636 obliqui
2293 2611 2357 2629 cre—

1425 2651 1474 2674 bro
1494 2647 1673 2676 usurpantur.

1389 2702 1437 2730 ³8)
1456 2701 1574 2725 Praeter
1595 2701 1710 2728 neutra,
1732 2704 1802 2728 quae
1820 2710 1854 2714 —
1872 2693 2002 2729 ἥματος.]
2022 2696 2088 2718 haec
2103 2694 2129 2717 in
2144 2692 2229 2717 Editt.
2246 2691 2357 2716 1522-

1430 2736 1506 2760 1541.
1528 2734 1642 2758 vocibus
1662 2734 1787 2763 praeced.
1809 2729 1953 2763 „addita”
1981 2732 2008 2754 et
2027 2729 2123 2761 „Huic
2142 2724 2356 2752 terniinationi'’

1425 2770 1591 2800 interposita
1611 2771 1692 2798 sunt;
1721 2769 1832 2798 subseq.
1852 2766 1997 2796 inscriptio
2017 2766 2044 2788 in
2064 2765 2126 2788 iisd.
2146 2763 2230 2788 Editt.
2249 2762 2336 2787 deest.
