2421 3037
249 120 324 156 723

248 207 475 248 immortale,
503 207 681 252 nullisque
698 207 802 240 fissile
821 207 934 242 rimis.
987 207 1253 247 Animantium,

248 259 441 298 arborum,
481 270 726 302 gemmarum,
765 257 980 299 herbarum,
1018 266 1053 292 et
1079 259 1252 293 similium

248 322 369 344 rerum
395 309 575 343 finitiones
601 322 643 343 ex
666 308 734 343 hoc
762 323 891 355 genere
917 317 1109 356 petuntur,
1146 317 1254 356 atque

248 359 317 394 hoc
332 361 480 394 finiendi
499 373 628 405 genere
649 363 808 396 crebrius
824 363 981 403 utimur,
1009 363 1107 409 quod
1125 363 1255 396 modus

248 411 429 446 humanae
462 412 678 457 cognitionis
704 414 816 448 ferme
846 427 888 448 ex
914 415 1036 448 multis
1063 413 1255 448 accidenti-

248 465 313 498 bus
339 476 449 497 unam
474 466 657 510 quandam
685 466 906 500 substantiae
938 467 1132 511 imaginem
1154 465 1257 499 colli-

249 516 310 560 git.
387 515 576 550 Caeterum
624 518 847 551 substantiae
891 518 989 563 ipsae
1030 518 1256 562 ignorantur.

248 568 374 614 Neque
396 568 490 601 enim
509 569 602 601 inter
621 568 794 603 Catonem
814 577 847 603 et
869 569 998 603 Iulium
1024 570 1256 609 internosces,

248 620 318 654 nisi
341 632 382 652 ex
407 620 541 664 figura,
569 618 695 654 habitu
714 623 899 666 corporis,
929 622 1023 662 oris,
1051 634 1158 662 voce,
1186 627 1256 654 sta-

250 678 307 713 tu,
335 684 475 716 gressu,
503 679 639 714 aetate,
667 673 875 707 discrimina
898 672 1113 719 colligasw).

251 782 375 821 genter
411 783 444 809 et
482 784 646 810 accurate
689 790 873 818 exerceas,
917 775 1114 817 adhortor,
1160 776 1258 822 quod

251 828 345 861 ratio
366 828 573 862 finitionum
601 831 766 874 apprime
791 830 988 863 necessaria
1015 829 1080 869 sit,
1108 842 1187 862 cuin
1213 828 1259 860 ad

252 880 442 913 iudicanda
466 881 669 921 axiomata,
706 888 780 915 tum
809 884 854 914 ad
880 887 1178 925 argumentorum
1206 879 1260 912 in-

251 933 474 973 ventionem,
492 933 526 966 id
544 935 641 978 quod
660 946 725 967 usu
743 934 809 978 ipsi
829 933 1033 973 didicimus,
1051 934 1169 977 lapsos
1187 944 1260 966 esse

252 985 290 1017 in
310 984 504 1018 iudicando
526 997 672 1029 graves,
700 992 739 1018 ut
754 985 941 1026 videntur,
969 992 1146 1024 auctores,
1175 984 1259 1030 quia

253 1038 374 1081 inepte
409 1037 581 1071 finissent.

255 1088 510 1133 disputationis
546 1101 609 1122 ceu
637 1089 913 1123 fundamentum
938 1090 1120 1135 quoddam
1145 1088 1261 1121 finitio

255 1146 317 1174 est.
373 1140 514 1185 Quare,
543 1141 570 1174 si
586 1140 680 1173 male
698 1141 834 1175 finieris
846 1168 854 1181 ,
882 1139 973 1174 nihil
990 1141 1165 1174 foeliciter
1181 1140 1263 1174 sub-

254 1194 438 1227 struxeris.

588 1259 650 1293 De
678 1259 928 1293 divisione.

360 1322 517 1368 Quidam
537 1333 640 1354 voces
657 1320 825 1354 dividunt
842 1320 879 1353 in
896 1320 1115 1364 significata,
1143 1325 1183 1351 ut
1199 1330 1264 1363 pon

255 1377 380 1422 lypum
406 1375 443 1407 in
466 1374 598 1418 piscem
625 1379 658 1405 et
677 1373 858 1406 morbum.

257 1440 313 1462 ces
337 1426 526 1471 ambiguae
553 1437 701 1470 prorsus
725 1438 743 1458 e
762 1424 947 1458 dialectica
969 1423 1264 1457 exterminandae

257 1486 360 1519 sunt,
404 1485 438 1511 et
469 1491 488 1511 a
521 1477 766 1522 grammaticis
791 1483 885 1510 certa
912 1489 981 1509 vox
1016 1482 1133 1509 certae
1157 1473 1265 1518 signi-

258 1531 435 1565 ficationis
452 1532 619 1575 petenda,
648 1531 691 1563 de
708 1527 777 1562 hoc
793 1541 923 1573 genere
939 1527 1157 1561 divisionum
1174 1523 1266 1558 nihil
1292 1520 1294 1526 ’

711 1579 724 1613 I
878 1594 881 1595 ⁷
1034 1580 1040 1586 .
1292 1552 1435 1585 :Usus
1473 1562 1649 1590 eorum,
1694 1562 1806 1595 quae
1843 1550 1892 1582 de
1926 1547 2118 1581 vocibus
2145 1547 2328 1592 simpli-

730 1594 787 1614 mo
807 1582 987 1613 admoneo
1007 1581 1266 1623 disputaturos,
1292 1617 1293 1623 ἵ

258 1583 547 1630 praescripturus
566 1594 656 1615 sum.

260 1642 321 1670 aut
346 1635 552 1681 quicunque
577 1633 747 1678 privatim
773 1633 1012 1666 versabuntur
1036 1631 1072 1663 in
1097 1630 1266 1674 gravibus

260 1701 300 1721 ac
325 1686 459 1732 asperis
484 1686 635 1725 caussis,
669 1691 708 1717 ut
733 1685 890 1729 primum
924 1682 1101 1728 propositi
1131 1681 1266 1726 negotii
1293 1700 1294 1723 i

260 1746 377 1773 certae
404 1737 676 1782 significationis
700 1737 872 1769 vocabula
901 1735 1142 1774 constituant,
1179 1733 1267 1765 alio-
1293 1766 1295 1776 ,Ἰ

261 1791 323 1838 qui
336 1791 412 1824 fieri
431 1802 505 1823 non
527 1796 663 1834 potest,
693 1789 781 1834 quin
802 1789 839 1821 in
861 1789 977 1821 media
1002 1786 1267 1825 dissertatione,
1294 1814 1295 1818 ,

769 1841 825 1874 Sic
845 1840 940 1873 euim
961 1838 1085 1872 fefellit
1102 1837 1268 1882 Pelagius
1294 1832 1296 1852 ³
1322 1828 1372 1861 sei
1397 1828 1508 1860 filffln·

260 1856 381 1877 rerum
408 1854 517 1887 scopo
537 1841 714 1874 excidant.

260 1894 461 1929 haereticus
493 1891 708 1932 catholicos,
752 1899 791 1926 ut
820 1899 871 1926 est
897 1893 990 1936 apud
1014 1891 1269 1934 Augustiuum,

262 1948 359 1994 quod
392 1946 478 1980 alias
512 1945 616 1978 aliter
650 1945 786 1989 gratiae
818 1944 966 1978 nomine
999 1944 1186 1982 utebatur,
1226 1954 1268 1974 eo
1295 1965 1297 1978 2

262 2013 335 2033 uno
348 2026 357 2040 ‚
384 2012 467 2033 usus
486 1999 673 2042 desperata
692 2009 797 2040 saepe
817 2008 960 2035 caussa,
989 1994 1153 2040 perfugio
1166 2021 1173 2033 ,
1201 1991 1269 2026 hoc

264 2105 355 2138 Sunt
380 2110 499 2136 autem
526 2113 656 2146 genera
681 2101 900 2134 divisionum
926 2101 1010 2132 duo.

264 2262 348 2301 hos,
377 2260 453 2299 leo,
481 2271 610 2302 capra,
639 2264 672 2290 et
696 2257 847 2302 reliqua.

264 2364 385 2409 caput.

267 2423 392 2455 vocat,
428 2422 534 2461 atque
563 2413 618 2447 hic
643 2426 745 2453 cave,
788 2405 884 2458 quod
913 2419 946 2445 et
973 2411 1117 2444 Marcus
1143 2409 1269 2442 Cicero

267 2471 457 2507 admonet,
499 2480 542 2498 ne
576 2473 694 2510 partes
727 2478 805 2498 cuni
839 2465 1022 2508 speciebus
1059 2462 1269 2495 confundas.
1297 2475 1298 2485 ³

267 2521 407 2566 Species
425 2526 527 2558 sunt,
557 2530 647 2563 quae
668 2530 796 2561 genere
817 2517 1048 2549 continentur
1068 2516 1207 2552 eodem,
1235 2519 1271 2545 at

268 2587 307 2607 ex
335 2573 419 2617 ipsis
443 2583 552 2615 genus
578 2582 651 2602 non
681 2569 880 2602 conficitur.

268 2626 497 2658 continentur
517 2621 584 2667 ²¹),
625 2621 835 2659 conficiunt,
877 2620 966 2653 sicut
991 2619 1181 2656 Animam,
1217 2617 1270 2650 vis

303 2728 349 2753 20)
370 2729 471 2750 Aimot.
487 2731 589 2752 marg:
617 2723 779 2747 substantia
796 2721 973 2750 cognoscitur
993 2726 1024 2743 ex
1044 2718 1242 2744 accidentibus.

302 2771 350 2798 21)
372 2769 562 2796 continentur]
584 2767 624 2790 sie
647 2768 720 2790 recte
741 2766 788 2789 Ed.
805 2765 848 2791 3.;
875 2764 958 2788 Editt.
976 2764 996 2787 1.
1014 2763 1037 2787 2.
1060 2763 1235 2787 continenter

782 120 906 155 PHIL.
936 121 1050 156 MEL.
1078 119 1283 155 SCRIPTA
1309 117 1442 153 VARII
1469 118 1777 154 ARGUMENTI.

646 1037 758 1070 Plane
792 1044 936 1070 exactae
966 1050 1005 1070 ac
1034 1034 1261 1070 methodicae
1288 1045 1289 1050 ¹

913 1372 1069 1411 Verum,
1098 1371 1181 1417 quia
1202 1382 1265 1403 vo·
1291 1390 1293 1407 ,ι
1339 1397 1346 1403 .
1425 1396 1432 1403 .
1607 1396 1614 1402 .
1634 1396 1652 1413 Ὗ.
1676 1395 1684 1402 .
1929 1397 1936 1403 .
2221 1395 2230 1401 .

1291 1413 1293 1421 ν
1319 1410 1347 1431 Si
1372 1409 1452 1443 quis
1478 1402 1551 1436 est,
1580 1398 1795 1429 diviSiouem
1814 1403 1909 1429 certe
1926 1403 2047 1440 inepte
2063 1406 2325 1433 vocaverimus,

1292 1468 1293 1472 =
1319 1449 1381 1482 ubi
1398 1461 1518 1482 rerum
1534 1447 1732 1480 accidentia
1750 1453 2000 1481 numerantur.

953 2568 1098 2606 Partes,
1134 2566 1168 2597 id
1197 2577 1268 2610 quo
1296 2572 1297 2575 ’

2233 118 2310 156 724

1307 205 1549 250 intelligendi,
1583 211 1617 238 et
1639 206 1720 240 fons
1745 206 1955 244 affectuum;
1984 205 2144 251 Corpus,
2173 213 2311 246 venter,

1308 264 1434 303 caput,
1463 258 1588 302 pedes,
1617 263 1681 291 etc.

1411 309 1587 354 Apprime
1623 309 1822 343 necessaria
1858 316 1909 343 est
1941 309 2036 342 ratio
2073 315 2193 342 exacte
2221 309 2312 342 divi-

1309 360 1493 406 (lendin),
1530 362 1574 393 ad
1597 359 1797 394 rhetoricas
1815 361 2106 401 distributiones,
2134 367 2169 393 et
2186 361 2313 405 ampli-

1309 413 1513 453 ficationes,
1541 418 1580 445 ut
1604 419 1700 446 totus
1728 419 1929 446 monstrum
1960 419 2031 453 est,
2059 413 2095 445 id
2114 410 2182 445 hoc
2208 418 2313 457 pacto

1310 464 1538 504 dilatabitur,
1566 463 1594 497 si
1614 462 1798 497 hominem
1818 465 1853 497 in
1872 477 2002 509 corpus
2018 471 2125 510 atque
2150 464 2312 498 animum

1310 516 1499 561 partiaris,
1527 516 1656 549 deinde
1672 516 1830 560 singulas
1849 517 2011 561 corporis
2028 523 2168 561 partes,
2195 516 2316 560 singu-

1311 569 1362 602 las
1384 567 1468 601 item
1497 568 1609 600 animi
1633 575 1751 613 partes
1776 568 1951 612 attingas,
1985 574 2020 601 et
2042 568 2164 601 animo
2184 574 2219 601 et
2238 579 2316 601 cor·

1311 631 1400 664 pore
1419 626 1619 653 monstruni
1643 626 1705 654 est.
1760 619 1913 659 Oculos,
1941 632 1993 659 os,
2019 620 2174 659 vultum,
2201 625 2314 653 totam

1284 671 1468 717 «denique
1503 672 1667 716 corporis
1709 673 1860 716 figuram
1902 671 2058 716 inspice,
2096 672 2184 717 quid
2219 671 2317 704 aliud

353 723 472 758 Habes
499 725 750 759 definitionum
775 727 969 765 formulas,
999 738 1087 771 quas
1114 731 1152 758 ut
1178 723 1258 756 dili·
1284 730 1286 739 ’

1313 736 1421 769 quam
1453 729 1657 757 monstrum
1693 736 1779 768 prae
1806 736 1841 758 se
1872 722 2019 758 ferunt?
2080 724 2199 769 Atque
2230 721 2317 755 haec

1314 775 1490 808 orationis
1524 782 1736 808 ornamenta
1771 788 1832 809 seu
1865 773 2045 809 schemata
2072 787 2114 808 ex
2142 774 2318 808 divisione

1313 827 1520 867 dialectica,
1550 839 1615 860 ceu
1631 839 1673 861 ex
1690 828 1788 860 sonte
1812 828 2042 867 derivantur,
2070 833 2111 860 ut
2129 839 2147 860 e
2171 826 2320 870 singulis

1315 879 1510 912 dialecticis
1540 879 1649 919 locis,
1683 879 1843 923 singulae
1876 880 1988 913 ferme
2020 877 2208 913 rhetorum
2233 879 2321 922 figu-

1315 943 1396 972 rae,
1434 931 1468 963 id
1500 932 1597 976 quod
1626 931 1663 964 in
1686 932 1829 964 ratione
1855 931 2133 976 argumentandi
2157 930 2321 964 ostende-

1315 996 1415 1023 mus,
1442 989 1649 1017 nascantur.

1417 1034 1567 1068 Addunt
1593 1032 1648 1068 his
1671 1034 1856 1068 dividendi
1884 1033 2012 1068 formis
2046 1040 2081 1067 et
2107 1033 2320 1068 divisionem

1316 1086 1369 1119 rei
1387 1086 1424 1119 in
1442 1086 1654 1126 accidentia,
1676 1088 1773 1132 quod
1792 1087 1921 1130 probo,
1940 1098 2019 1119 cum
2040 1085 2237 1119 accidentia
2257 1084 2324 1117 dif-

1316 1138 1490 1171 ferentiae
1508 1138 1583 1171 vice
1599 1145 1840 1182 usurpantur,
1867 1145 1907 1171 ut
1925 1135 2205 1182 pharmacorum
2225 1136 2323 1169 aliud

1317 1190 1494 1230 salutare,
1522 1190 1619 1223 aliud
1639 1190 1868 1234 pestiferum:
1908 1201 1984 1222 non
2005 1189 2143 1233 probo,
2171 1201 2251 1221 cum
2269 1199 2325 1220 ac-

1290 1270 1292 1297 :
1318 1241 1472 1274 cidentia
1507 1242 1610 1287 quasi
1643 1248 1764 1286 partes
1794 1241 1848 1275 rei
1871 1241 2108 1286 explicamus,
2143 1246 2183 1273 ut
2206 1239 2325 1284 paries

1318 1293 1451 1337 partim
1470 1293 1590 1333 albus,
1618 1293 1751 1338 partim
1770 1293 1883 1338 niger.
1938 1292 2109 1327 Nondum
2127 1291 2223 1325 enim
2240 1291 2326 1325 satis

1318 1345 1500 1389 intelligo,
1528 1342 1634 1378 huius
1651 1346 1790 1378 formae
1807 1357 1891 1379 usus
1907 1357 1981 1379 esse
1998 1344 2078 1390 quis
2093 1343 2225 1388 possit,
2252 1348 2325 1381 aut,

1578 1602 1705 1635 cibus
1733 1601 1919 1645 prodita
1948 1606 2064 1634 sunt.

1424 1670 1605 1703 Hactenus
1633 1671 1676 1703 de
1698 1676 1827 1703 natura
1854 1669 2069 1715 rationeque
2095 1681 2225 1702 vocum
2243 1667 2328 1702 sim—

1322 1723 1467 1768 plicium
1490 1722 1645 1756 diximus
1658 1721 1726 1767 23),
1771 1729 1809 1755 ut
1834 1723 1871 1754 in
1894 1721 2049 1766 simplici
2073 1719 2230 1754 themate
2257 1726 2327 1752 tra-

1323 1776 1452 1808 ctando
1472 1772 1619 1814 habeas,
1648 1787 1755 1820 quam
1774 1773 1936 1819 sequaris
1951 1773 2125 1818 regulam,
2154 1785 2218 1805 ceu
2232 1769 2327 1804 The-

1561 1826 1765 1859 Plurimum
1793 1826 1887 1858 enim
1912 1825 2022 1858 refert
2040 1825 2150 1865 scire,
2179 1836 2251 1870 quo
2270 1835 2328 1856 or-

1323 1879 1425 1919 dine,
1453 1891 1522 1924 qua
1541 1878 1596 1910 via
1618 1878 1892 1922 pervestiganda
1912 1877 1958 1910 sit
1977 1876 2132 1910 cuiusvis
2156 1873 2327 1908 thematis

1323 1937 1465 1964 natura.
1519 1930 1611 1964 Nam
1641 1936 1674 1963 et
1697 1929 1940 1968 axiomatum,
1970 1935 2004 1961 et
2027 1933 2326 1972 argumentorum

1324 1983 1496 2017 iudicium
1521 1983 1653 2026 pendet
1677 1993 1694 2014 e
1717 1981 1933 2025 simplicium
1954 1978 2155 2013 thematum
2174 1979 2326 2012 ratione.

263 2065 373 2097 genus
399 2051 558 2095 exempla
585 2050 621 2081 in
646 2049 798 2093 dialogis
817 2048 1014 2082 Platonicis
1033 2047 1155 2080 crebra
1175 2052 1268 2079 sunt.
1296 2039 1297 2073 ἶ
1324 2034 1397 2068 1²¹¹¹¹
1416 2042 1462 2075 le>
1478 2035 1602 2074 ledor,
1620 2034 1798 2066 admoneo
1817 2045 1892 2065 “³¹¹¹
1913 2045 2026 2076 'psam
2046 2033 2089 2065 ad
2107 2044 2219 2064 imum
2236 2031 2328 2064 ¹¹¹(l1‘

1066 2098 1270 2131 Dividimus
1296 2109 1297 2137 ξ

265 2156 361 2189 enim
388 2168 498 2199 genus
525 2155 562 2186 in
587 2153 720 2198 species
746 2165 809 2197 per
835 2152 1077 2190 differentias,
1105 2157 1164 2189 ut,
1194 2149 1269 2182 ani—
1296 2185 1298 2200 ;

267 2207 457 2247 uiantium,
485 2207 582 2252 quod
600 2217 766 2239 sermone
783 2205 908 2244 utitur,
934 2201 1045 2236 homo
1064 2208 1126 2241 est,
1155 2201 1270 2241 Muta,
1296 2237 1298 2241 .

903 2258 977 2290 Aut
1000 2254 1168 2288 findimus
1192 2266 1268 2286 rem
1296 2284 1298 2287 ,

266 2314 302 2346 in
322 2319 462 2356 partes,
491 2317 674 2354 ut‹·orpus
700 2309 736 2342 in
761 2310 887 2353 pedes,
917 2320 1065 2346 manus,
1095 2312 1270 2344 ventrem,

438 2364 516 2396 Huc
539 2361 725 2395 dividendi
750 2374 859 2405 genus
885 2359 1011 2393 Cicero
1036 2358 1267 2402 partitionem
1297 2374 1298 2387 ;

1324 2087 1417 2121 cium
1438 2098 1601 2125 revoces,
1627 2091 1666 2118 ut
1684 2085 1881 2128 intelligas,
1910 2084 2131 2117 dialecticam
2154 2095 2228 2117 esse
2252 2093 2327 2114 non

1325 2147 1397 2172 tam
1422 2145 1556 2177 artem,
1591 2150 1699 2182 quam
1726 2139 1906 2182 quendam
1936 2143 2086 2169 naturae
2104 2142 2246 2180 captum
2265 2145 2328 2167 seu

1324 2204 1465 2225 sensum
1479 2217 1487 2230 ,
1517 2201 1588 2235 quo
1606 2190 1772 2222 ducimur
1787 2190 1823 2221 iu
1842 2188 2137 2233 pervestigandis,
2165 2187 2326 2220 iudican-

1324 2244 1422 2277 disve
1440 2240 1677 2281 thematibus,
1706 2242 1802 2286 quod
1821 2247 1860 2274 ut
1883 2240 2081 2284 intelligas,
2109 2238 2324 2283 simplicium

1325 2293 1522 2328 thematum
1548 2294 1774 2338 quaestiones
1795 2292 2050 2337 praescribam.

1481 2345 1578 2390 Quid
1600 2357 1730 2378 nomen
1750 2345 1936 2389 significet,

1481 2397 1577 2442 Quid
1596 2409 1651 2431 res
1668 2397 1723 2436 sit,

1481 2449 1582 2494 Quae
1602 2462 1758 2489 caussae,

1481 2502 1583 2546 Quae
1605 2508 1737 2546 partes,

1482 2554 1589 2598 Quod
1612 2553 1781 2586 officium.

1684 2677 1870 2703 commoditas
1891 2676 2070 2701 divisionum.

1686 2723 1758 2745 [sus
1785 2727 1894 2749 eoi-uni,
1928 2726 1996 2749 quae
2022 2718 2195 2749 simplicibus
2213 2716 2327 2741 vocibus

1360 2681 1408 2710 22)
1428 2683 1529 2705 Auuot.
1549 2686 1654 2709 marga:

1359 2725 1407 2753 ⁴23)
1429 2726 1529 2747 Annot.
1552 2729 1655 2753 marga

1397 2759 1520 2790 praedita
1541 2760 1612 2781 sunt.
