2421 3037
280 131 355 166 307

436 217 583 251 Pendeo
613 216 789 262 pependi,
824 217 901 250 sine
929 218 1060 262 supino

437 269 606 313 Spondeo
635 269 838 313 spopondi,
865 269 1085 314 Respondeo
1113 271 1287 316 respondi

438 320 591 353 Tondeo
622 320 784 361 totondi,
820 320 1012 356 Detondeo
1043 323 1194 356 detondi

438 371 590 405 Mordeo
620 372 805 405 momordi

436 423 604 457 Prandeo
641 424 774 469 prandi
811 431 846 458 et
881 438 1035 469 pransus
1065 439 1165 467 sum,
1199 439 1285 460 nam

280 474 413 519 duplici
431 476 543 519 figura
560 473 619 508 hic
635 476 689 510 usi
705 482 789 510 sunt
808 475 943 512 Latini.
1006 478 1064 512 Sic
1081 485 1116 512 et
1136 479 1287 512 coenavi

281 533 315 560 et
331 533 502 561 coenatus
520 540 598 561 sum
618 540 636 560 a
656 540 769 562 coeno
782 527 850 574 ²³5),

435 578 564 612 Audeo
593 592 700 614 ausus
728 593 807 614 sum

434 630 586 665 Gaudeo
616 631 759 676 gavisus
783 645 876 667 sum.

384 682 481 716 Haec
514 696 661 728 prorsus
689 691 903 718 mutuantur
936 685 1129 729 praeterita
1155 698 1173 718 a
1199 697 1286 719 voce

280 745 435 777 passlva.

1313 459 1316 481 Ι

725 804 836 838 GEO.

1312 746 1315 761 1

1312 766 1316 849 ἔ

386 861 449 896 Sil
468 869 550 895 ante
571 862 652 909 gffi)
672 864 885 908 praecedat,
911 866 942 898 si
961 864 1115 905 faciunt,
1144 871 1184 898 ut
1312 860 1315 910 ἰ

761 916 825 949 alsi
854 916 930 949 sine
959 916 1090 960 supino
1311 912 1315 986 ᾗ

1311 1044 1315 1062 1

437 914 549 958 Algeo

437 964 610 1010 Indulgeo
758 967 891 1001 indulsi
920 968 1100 1002 indultum

436 1017 572 1062 Fulgeo
757 1019 850 1053 fulsi.
932 1019 1076 1054 Persius
1119 1018 1285 1068 [Prolog-

282 1067 378 1118 12.]:
409 1069 446 1103 Si
469 1082 548 1114 spes
567 1070 747 1104 refulserit
764 1071 919 1105 nummi.

434 1121 581 1166 Mulgeo
741 1123 869 1163 mulsi,
898 1124 994 1168 apud
1004 1123 1104 1168 Virg.
1124 1123 1159 1157 in
1171 1124 1286 1158 Geor·
1311 1152 1314 1163 ἱ

280 1174 365 1218 gicis
382 1172 460 1222 [HL
478 1171 603 1221 400.]:
642 1174 751 1220 Quod
768 1182 936 1220 surgente
958 1175 1015 1208 die
1041 1176 1196 1210 mulsere
1220 1174 1286 1209 ho-
1311 1166 1314 1178 ¹

278 1226 400 1272 risque
420 1226 570 1260 diurnis.
1312 1231 1313 1238 ¹

383 1278 560 1323 Supinum
582 1278 754 1311 mulctum
774 1285 836 1319 est,
863 1280 960 1325 quod
981 1279 1122 1313 videtur
1139 1291 1155 1312 a
1173 1280 1286 1313 mulxi
1311 1274 1313 1284 ³

279 1330 417 1363 cadere.
473 1329 607 1363 Verum
637 1342 676 1362 ea
704 1342 773 1363 vox
794 1337 891 1364 caret
912 1337 1051 1365 autore.
1106 1331 1242 1364 Mulcta
1266 1344 1285 1365 a

278 1381 408 1426 supino
429 1379 535 1415 huius
554 1382 655 1414 verbi
672 1382 771 1415 nasci
790 1383 944 1417 videtur.

437 1433 592 1477 Turgeo·
743 1435 834 1468 tursi
941 1435 1017 1468 sine
1046 1434 1177 1479 supino

436 1485 556 1528 Urgeo
744 1486 819 1520 ursi
939 1486 1015 1519 sine
1044 1487 1186 1531 supino.
1309 1453 1313 1530 Ι

605 1544 702 1578 Haec
731 1545 766 1578 xi
794 1543 948 1579 habent:
1309 1532 1313 1615 l

434 1606 558 1649 Augeo
725 1605 809 1639 auxi
915 1612 1072 1639 auctum.
1309 1620 1313 1648 ι

435 1657 565 1701 Frigeo
725 1657 808 1690 frixi
915 1664 949 1690 et
971 1657 1100 1702 frigui‚
1308 1651 1312 1705 l

436 1709 639 1753 Resrigesco
722 1708 857 1742 refrixi.
1309 1708 1311 1734 ἕ

436 1760 559 1805 Lugeo
725 1760 801 1794 luxi
918 1761 1066 1795 luctum.

435 1812 530 1857 Sugo
555 1819 588 1846 et
615 1819 715 1857 tergo
745 1813 790 1846 ad
819 1813 962 1845 tertiam
988 1813 1280 1858 coniugationem
1308 1824 1311 1855 ξ

278 1865 414 1904 refero,
453 1865 595 1899 tametsi
630 1871 767 1898 veteres
799 1866 953 1898 secunda
988 1865 1095 1898 etiam
1128 1859 1311 1914 declina-{

278 1916 407 1949 verint.
1309 1917 1312 1920 ’

726 1976 835 2010 LEO.

434 2036 518 2070 Fleo
734 2037 816 2070 flevi
976 2036 1111 2070 fletum.
1308 2032 1312 2070 l

434 2092 464 2121 A
484 2090 538 2122 leo
559 2089 646 2126 levi,
676 2095 715 2122 ut
734 2089 836 2122 deleo
856 2088 970 2121 delevi
987 2088 1157 2121 deletum.
1308 2092 1311 2115 1

431 2142 462 2174 A
481 2142 560 2186 pleo
580 2141 686 2185 plevi,
710 2147 749 2175 ut
765 2140 899 2185 impleo
917 2139 1064 2184 implevi
1082 2139 1282 2183 impletum.
1307 2164 1310 2181 ,

435 2192 525 2226 Oleo
740 2193 826 2226 olui.
889 2192 1062 2225 Horatius
1097 2189 1231 2239 [Epist.
1255 2189 1282 2231 I,
1307 2184 1311 2237 ξ

280 2243 339 2283 19,
356 2242 431 2291 5.];
1307 2265 1310 2273 .

379 2296 471 2328 Vina
491 2298 562 2329 fere
579 2296 699 2330 dulces
722 2296 891 2330 oluerunt
908 2307 1014 2328 mane
1033 2295 1250 2329 Camoenae.
1308 2336 1310 2341 Ι

278 2346 374 2382 Κατ’
397 2346 606 2396 ἀναλογίαν
623 2348 709 2381 facit
733 2348 864 2392 supino
891 2348 1016 2381 olitum
1029 2347 1097 2394 97),
1135 2347 1197 2380 sed
1221 2359 1282 2380 au·
1308 2384 1310 2400 Ι

276 2407 354 2433 tore
380 2407 486 2434 caret.
557 2400 701 2434 Oletum
713 2399 758 2444 9⁸)
791 2413 923 2433 nomen
953 2406 1048 2433 extat
1075 2400 1172 2443 apud
1196 2398 1281 2432 Per·
1307 2401 1310 2440 ᾖ

312 2503 360 2535 95)
381 2509 397 2526 a
416 2505 528 2532 cneum]
550 2503 733 2534 Editt.1546.‚
754 2511 776 2527 s.
793 2509 817 2527 a.
833 2503 953 2527 addunt:
975 2505 1001 2527 et
1017 2502 1175 2533 significant
1189 2501 1281 2526 active
1306 2498 1309 2538 }

344 2541 470 2569 utraque.

310 2581 358 2614 96)
381 2582 410 2606 si
431 2583 439 2606 1
458 2584 522 2606 ante
543 2584 574 2613 g]
595 2582 637 2605 sic
654 2583 701 2607 Ed.
721 2589 743 2606 s.
756 2588 799 2611 a.;
828 2583 912 2606 Editt.
929 2581 1019 2611 1526.,
1042 2581 1119 2607 1529.
1139 2580 1169 2605 Si
1187 2581 1197 2604 l
1215 2581 1280 2604 ante

347 2623 380 2647 o,
408 2618 456 2641 Ed.
475 2618 550 2643 1546.
570 2618 599 2641 Si
619 2618 627 2640 l
647 2619 694 2641 aut
714 2624 727 2641 r
746 2620 812 2641 ante
830 2623 883 2647 geo

311 2661 359 2689 97)
380 2662 478 2691 supino
499 2661 622 2690 omnum]
651 2662 699 2685 Ed.
727 2662 801 2685 1546.
822 2661 948 2691 supinum
968 2660 1090 2688 oletum;

347 2697 473 2726 supinum
495 2697 608 2725 omum,

311 2740 360 2767 98)
383 2739 504 2772 oletum]
538 2740 578 2764 sic
604 2739 688 2763 Editt.
714 2741 807 2770 1546„
838 2747 860 2763 s.
886 2746 928 2763 a.:

346 2775 449 2799 olitum

1127 2660 1176 2685 Ed.
1196 2667 1218 2683 S.
1238 2665 1278 2683 a.:
1306 2684 1307 2695 3

964 2739 1048 2763 Editt.
1076 2738 1169 2762 1526..
1205 2737 1270 2760 1529

871 130 997 166 PfflL.
1034 132 1148 168 MEL.
1181 133 1387 168 SCRIPTA
1421 134 1765 174 PHILOLOGICA.

2273 146 2348 182 308

1340 221 1432 255 sium
1452 220 1498 270 [L
1518 220 1623 270 112]
1642 236 1710 268 pro
1727 231 1884 258 stercore
1895 252 1904 266 ,
1931 227 2030 271 quod
2045 234 2139 261 certe
2156 241 2198 262 ex
2215 230 2345 275 supino

1343 274 1477 308 oletum
1494 274 1638 308 videtur
1655 282 1795 310 natum.

1645 346 1854 392 Composita
1884 348 2040 383 variant.

1499 407 1674 448 Adolevi,
1702 409 1800 453 apud
1813 407 2006 453 Virgilium
2025 410 2202 446 adultum.

1500 459 1693 499 obsolevi,
1748 461 1844 504 apud
1884 459 2096 495 Ciceronem
2134 463 2348 506 obsoletum,

1342 509 1414 544 Cic.
1432 509 1520 559 [pro
1541 511 1666 556 Quint.
1688 511 1747 552 18,
1764 509 1865 559 56.]:
1892 512 2065 557 Vulgaria
2086 520 2120 548 et
2137 515 2310 549 obsoleta.

1498 563 1673 603 Abolevi,
1709 564 1806 607 apud
1824 563 1968 598 Livium
1997 566 2193 607 abolitum,
2229 573 2263 601 et
2288 567 2349 601 ab·

1344 614 1480 649 oletum
1502 617 1598 659 apud
1618 615 1845 649 Ciceronem.

1495 666 1666 708 Exolevi‚
1694 668 1791 711 apud
1809 667 1969 702 Plinium
1988 669 2180 704 exoletum.

1498 717 1656 759 Inolevi,
1684 719 1867 753 inolitum.

1496 769 1672 810 Obolevi,
1698 772 1795 815 apud
1812 771 2026 805 Suetonium
2046 771 2236 807 obolitum.

1498 821 1668 856 Redolui.

1498 873 1662 907 Subolui.
1863 906 1866 907 γ

1498 925 1604 959 Soleo
1623 925 1749 960 solitus
1768 937 1847 960 sum
1859 952 1868 966 ‚
1897 924 2113 971 ἀνώμαλον.

1496 1053 1574 1089 Neo
1788 1055 1872 1088 nevi
2030 1060 2154 1088 netum

1497 1106 1630 1139 Maneo
1789 1106 1908 1140 mansi
2028 1118 2208 1140 mansum.

1392 1156 1527 1191 Contra
1545 1158 1714 1191 imminui
1734 1165 1768 1192 et
1786 1158 1923 1192 eminui
1939 1158 2078 1192 faciunt
2093 1156 2343 1192 Grammatici.

1767 1227 1917 1272 QUEO.

1495 1286 1668 1332 Torqueo
1698 1287 1788 1320 torsi
1817 1293 1966 1322 tortum.

1496 1337 1656 1384 Liqueo,
1684 1339 1850 1383 regulare
1867 1345 1919 1372 est
1934 1339 2032 1373 licui.
2064 1338 2217 1373 Ovidius
2235 1336 2344 1387 [Met.

1337 1388 1414 1431 Vll,
1432 1390 1520 1425 381.
1551 1390 1661 1424 Trist.
1680 1389 1740 1430 Ill,
1759 1391 1818 1425 10.
1842 1388 1940 1438 15.]:
1966 1390 2135 1425 Delicuit.

1782 1459 1894 1493 REO.

1797 1518 1897 1554 haesi
2057 1517 2220 1553 haesum.

1495 1519 1638 1553 Haereo

1494 1580 1618 1613 Mereo
1640 1592 1706 1624 pro
1725 1580 1864 1620 milito,
1891 1580 2056 1625 regulare
2075 1579 2210 1618 merui,
2239 1585 2274 1612 et
2287 1591 2345 1613 su-

1339 1630 1464 1676 pinum
1475 1631 1524 1677 ⁹⁹)
1546 1632 1728 1666 meritum.

1494 1691 1644 1726 Moereo
1665 1693 1781 1736 prima
1801 1693 1922 1736 longa,
1951 1697 2108 1726 moestus
2124 1703 2217 1731 sum,
2245 1688 2345 1727 ἅγιό-

1309 1752 1311 1789 J
1335 1746 1471 1787 μαλον.

1496 1871 1614 1906 Caveo
1841 1871 1919 1904 cavi
2134 1875 2279 1903 cautum

1494 1923 1617 1957 Foveo
1842 1921 1916 1955 fovi
2136 1921 2252 1954 fotum

1495 1975 1621 2009 Voveo
1842 1973 1926 2006 vovi
2142 1979 2267 2007 votum

1496 2027 1628 2061 Moveo
1841 2025 1939 2058 movi
2137 2031 2278 2059 motum

1494 2079 1615 2112 Paveo
1842 2078 1946 2122 pavi,
1974 2076 2052 2110 sine
2067 2076 2207 2121 supinis

1492 2130 1632 2164 Ferveo
1839 2128 1976 2168 ferbui,
2004 2135 2038 2162 et
2055 2129 2147 2161 fervi
2165 2140 2184 2162 a
2201 2128 2314 2162 fervo.

1492 2182 1664 2227 Langueo
1683 2183 1848 2226 regulare
1869 2188 1920 2216 est
1937 2180 2061 2225 langui
2071 2179 2133 2227 ¹⁰⁰)

1492 2234 1550 2268 Sic
1574 2235 1780 2279 pinguesce.

1493 2286 1680 2320 Conniveo
1838 2285 1996 2319 connixi.

1492 2337 1581 2371 Vieo
1835 2338 1942 2377 vievi‚
1962 2337 2078 2375 flecto,
2099 2336 2232 2369 vietum
2251 2347 2337 2380 pen-

1336 2390 1460 2424 ultima
1479 2391 1580 2423 brevi
1596 2390 1677 2423 fecit
1692 2388 1865 2424 Horatius
1882 2388 2018 2438 [Epod.
2041 2389 2099 2428 12,
2117 2387 2140 2420 7
2156 2385 2249 2434 sq.]:

1441 2451 1492 2480 Qui
1512 2451 1598 2475 sudor
1617 2451 1700 2475 vietis
1721 2453 1748 2475 et
1769 2457 1848 2481 quam
1867 2450 1957 2474 maius
1980 2449 2099 2480 undique
2115 2447 2248 2472 membris

1474 2494 1585 2519 Crescit
1604 2496 1680 2520 odor.

1438 2539 1523 2573 Cieo
1543 2540 1632 2580 civi,
1662 2553 1679 2573 a
1698 2541 1752 2574 cio
1770 2540 1818 2574 cis
1835 2539 1926 2578 cire;
1954 2550 2037 2571 nam
2057 2543 2091 2570 et
2118 2536 2275 2570 secundo
2301 2539 2333 2567 et

1335 2598 1464 2638 quarto
1498 2592 1624 2626 ordine
1659 2593 1713 2627 usi
1745 2598 1828 2627 sunt
1851 2590 1984 2624 Latini.
2051 2589 2120 2623 Sed
2148 2600 2167 2621 a
2193 2587 2269 2621 cieo
2296 2586 2333 2618 fit

1368 2717 1416 2748 99)
1438 2717 1581 2747 supinum]
1602 2718 1685 2741 Editt.
1703 2717 1795 2745 1546.,
1815 2723 1837 2740 s,
1852 2721 1893 2739 a.:
1920 2713 2026 2744 supinis

1373 2770 1435 2798 100)
1455 2769 1563 2801 langui]
1583 2770 1669 2795 Editt.
1685 2769 1778 2795 1546..
1800 2775 1822 2792 s.
1840 2773 1882 2791 a.:
1910 2767 2004 2797 langui
2023 2767 2112 2791 tribus
2131 2763 2262 2797 syllabis.
