2389 3037
94 94 169 131 513
367 93 426 129 111.

92 195 167 216 non
182 182 299 216 solum
319 181 471 215 comiter
495 193 562 226 pro
586 180 749 225 ipsorum
776 181 1038 215 necessitudine
1066 187 1100 214 et

90 232 240 283 hospitii
264 234 361 275 iure,
389 234 450 267 sed
467 233 574 266 etiam
602 233 894 277 splendidissimo
919 239 1098 278 apparatu

91 293 257 332 exceptus
274 292 336 320 est.
391 285 555 330 Cumque
578 285 723 318 foedera
752 286 847 319 inter
874 287 963 320 duos
983 285 1097 329 Reges

90 339 301 372 confirmata
329 343 464 377 essent,
498 337 634 381 Anglus
659 338 840 382 pollicitus
869 345 940 377 est,
976 350 1012 370 se
1030 336 1097 370 Ca-

88 391 157 424 roli
176 390 403 424 coronationi
421 389 678 423 interfuturum
708 403 782 424 esse
811 388 962 423 honoris
985 389 1096 433 ipsius

88 454 207 476 causa.
260 442 347 475 Post
365 454 500 486 paucos
517 442 591 475 dies
610 442 692 475 inde
719 442 817 475 venit
843 443 877 474 in
897 441 1095 485 Belgicum,

87 495 150 528 ubi
181 506 310 538 magna
340 495 543 540 frequentia
570 496 734 527 omnium
761 494 930 527 ordinum
970 494 1095 527 faustis

88 559 168 580 eum
187 546 370 580 ominibus
398 547 547 591 excepit.
604 546 845 580 Gratulantur
868 545 1025 579 reditum
1052 558 1094 578 eo

86 598 225 640 maiore
251 599 506 639 veneratione,
543 599 625 645 quia
652 599 724 631 iam
754 599 872 631 virum
898 598 1096 631 cernebant

84 650 308 696 principem,
335 651 398 696 qui
416 651 453 683 in
471 650 682 696 Hispaniam
706 656 789 684 ante
813 663 928 685 annos
954 650 1095 697 aliquot

85 703 283 736 admodum
310 703 516 737 adolescens
540 703 721 747 profectus
752 703 882 736 fuerat.
954 703 1095 748 Optant

83 754 178 788 laeta
209 761 244 788 et
267 755 381 788 felicia
410 754 558 799 Imperii
590 754 762 799 auspicia.
833 754 1094 789 Commoratur

84 813 205 840 autem
216 806 295 840 Rex
311 806 462 840 Carolus
481 806 744 853 aliquantisper
765 807 802 839 in
820 806 986 852 Belgico,
1016 813 1091 840 tum

82 865 122 892 ut
149 859 336 892 civitatum
359 871 506 893 suarum
533 865 667 893 statum
693 866 908 903 cognoscat,
949 866 1025 893 tum
1054 866 1095 892 ut

81 910 188 956 Angli
215 912 411 945 adventum
440 918 612 956 expectet.
673 911 739 945 Sed
768 910 863 944 bunc
888 912 991 945 facile
1018 912 1093 945 Rex

80 963 294 998 Franciscus
312 964 489 1008 perpulit,
519 976 562 996 ne
580 964 751 997 Carolum
772 965 1024 1004 comitaretur,
1053 977 1092 997 ac

81 1015 150 1049 sibi
180 1016 335 1060 Angluni
372 1017 476 1050 novis
507 1016 734 1060 pactionibus
767 1016 952 1056 adiunxit,
999 1030 1091 1062 quae

82 1067 213 1101 deinde
239 1081 387 1112 magnas
411 1081 532 1101 rerum
559 1069 814 1102 conversiones
840 1069 1051 1102 attulerunt.

185 1119 350 1153 Tandem
378 1120 489 1164 igitur
513 1121 784 1166 Aquisgranum
812 1120 910 1153 venit
930 1121 1004 1154 Rex
1024 1121 1090 1154 Ca-

81 1171 200 1212 rolus,
227 1172 354 1205 florem
381 1185 499 1206 secum
518 1172 773 1216 Burgundicae
792 1179 825 1205 et
840 1172 1007 1217 Belgicae
1026 1185 1090 1206 no-

79 1223 230 1257 bilitatis
247 1225 392 1257 ducens.
447 1224 492 1257 Et
510 1236 720 1270 quanquam
740 1225 776 1257 in
795 1225 931 1269 oppido
950 1232 983 1258 et
1005 1225 1091 1258 vici-

81 1275 140 1307 nia
176 1276 408 1319 grassabatur
438 1276 514 1310 lues
543 1277 736 1321 pestilens,
776 1283 896 1310 tamen
928 1290 972 1310 ne
1001 1278 1087 1309 novi

82 1327 238 1371 exempli
252 1334 359 1362 autor
382 1335 492 1368 esset,
529 1335 670 1361 mutare
693 1329 812 1362 locum
841 1329 1089 1364 coronationis

79 1378 210 1412 noluit.
261 1379 481 1412 Advenienti
507 1380 650 1412 obviam
678 1388 931 1425 processerunt
948 1381 1088 1415 Electa-

81 1442 157 1471 res,
190 1436 226 1463 et
247 1431 321 1464 fere
349 1444 474 1465 omnes
497 1432 625 1478 reliqui
646 1432 867 1466 Germaniae
895 1434 1087 1478 principes.

78 1482 216 1516 Aderat
235 1491 269 1516 et
294 1493 415 1518 coetus
437 1486 688 1525 sacerdotum,
718 1485 839 1519 Caroli
857 1486 980 1529 Magni
1009 1498 1089 1518 mo-

78 1534 239 1568 nimenta
259 1547 397 1579 gerens.
450 1535 602 1570 Postero
620 1537 698 1577 die,
727 1536 788 1583 qui
806 1537 873 1570 fuit
896 1538 971 1571 dies
998 1540 1088 1570 ‹lut›-

481 94 546 128 DE
574 92 852 129 ELECTIONE
880 94 945 128 ΕΤ
974 93 1332 130 CORONATIONE
1362 94 1542 129 CAROLI
1567 95 1611 130 V.
1641 96 1882 132 CAESARIS.

2086 98 2162 135 514

1154 181 1314 216 decimus
1336 182 1468 216 mensis
1486 182 1676 225 Octobris,
1712 192 1907 219 coronatus
1933 192 1982 219 est
2012 186 2048 219 in
2076 189 2162 221 aede

1154 234 1285 266 maiori
1303 234 1544 279 Aquisgrani‚
1579 236 1693 270 veteri
1720 237 1804 272 ritu.
1864 237 2103 282 Moguntinus
2130 247 2163 272 et

1153 285 1380 319 Coloniensis
1400 286 1565 320 indutum
1586 289 1708 322 trabea
1729 291 1773 322 ad
1799 302 1897 323 aram
1922 292 2161 326 adduxerunt.

1155 337 1234 370 Dux
1256 338 1444 387 Palatinus
1470 339 1568 372 orbis
1600 341 1752 384 figuram
1787 343 2033 386 praeferebat,
2079 344 2161 378 Dux

1151 389 1330 423 Saxoniae
1349 402 1469 423 ensem
1483 417 1492 431 ‚
1519 390 1684 425 Marchio
1701 392 2063 438 Brandenburgensis
2088 409 2162 430 sce-

1152 448 1286 486 ptrum.
1342 441 1570 477 Trevirensis
1591 457 1676 477 vero
1690 473 1699 485 ,
1727 458 1829 479 more
1849 459 1867 479 a
1888 447 2087 481 maioribus
2105 462 2160 482 ac-

1151 500 1274 539 cepto,
1302 493 1440 539 Regem
1460 495 1574 529 unxit.
1631 497 1697 529 Hic
1716 499 1759 530 ad
1778 510 1878 531 aram
1905 499 2156 534 iusiurandum

1152 546 1372 590 praelectum
1400 553 1467 585 est;
1514 548 1646 582 deinde
1673 562 1806 583 corona
1831 563 1849 583 a
1878 551 2097 595 Moguntino
2127 561 2161 587 et

1150 598 1359 633 Coloniensi
1384 599 1575 644 imposita;
1621 609 1746 646 postea
1765 603 1896 636 tradita
1916 611 2096 649 sceptrum
2126 613 2159 639 et

1150 651 1256 686 ensis.
1325 651 1390 686 His
1416 652 1632 687 ceremoniis
1658 654 1831 699 peractis,
1864 656 2002 701 regium
2033 658 2161 690 convi-

1150 703 1248 737 vium
1282 710 1500 749 apparatur,
1545 705 1581 738 in
1616 719 1688 752 quo
1723 706 1928 741 Electorum
1966 710 2158 743 distributa

1148 763 1232 790 sunt
1250 756 1464 791 ministeria.
1518 759 1647 791 Adstat
1666 759 1903 803 Moguntinus
1922 761 2104 796 codicillos
2124 769 2160 796 et

1147 808 1303 852 sigillum
1323 821 1435 843 manu
1453 816 1614 852 gestans,
1644 809 1810 844 Marchio
1829 811 2160 858 Brandenburgen-

1148 860 1194 894 sis
1219 867 1421 905 sceptrum,
1457 861 1565 906 Regis
1587 861 1777 896 Boltemici
1804 864 1942 908 legatus
1965 866 2159 910 pincernae

1150 925 1298 946 munere
1318 914 1500 956 fungitur,
1529 915 1717 949 Palatinus
1733 916 1899 960 dapiferi.
1954 915 2102 951 Interim
2122 919 2160 951 in

1147 965 1226 998 soro
1256 967 1328 998 dux
1355 965 1533 999 Saxoniae
1566 980 1718 1000 avenam
1753 969 1934 1014 equitibus
1963 970 2159 1005 distribuit.

1146 1019 1297 1051 Assatur
1316 1024 1349 1050 et
1366 1025 1491 1052 taurus
1510 1019 1666 1064 integer,
1689 1021 1841 1054 refertus
1860 1022 2018 1056 altilibus
2040 1023 2159 1057 omnis

1118 1090 1120 1111 ¹>
1147 1070 1300 1113 generis,
1316 1071 1413 1103 unde
1432 1071 1590 1115 primum
1611 1081 1787 1106 coronato
1798 1073 1887 1118 Regi
1901 1074 2156 1109 Romanorum

1146 1122 1345 1166 apponitur
1367 1123 1554 1158 ferculum.
1616 1124 1704 1159 Post
1727 1127 2002 1160 coronationem
2025 1126 2158 1162 Caesar

1146 1186 1225 1207 cuin
1253 1174 1477 1220 principibus
1502 1176 1692 1210 Coloniam
1728 1178 1847 1218 venit,
1890 1185 1930 1212 ut
1962 1181 2006 1212 de
2033 1180 2156 1213 futuro

1145 1234 1326 1260 conventu
1343 1228 1660 1274 colloquerentur,
1691 1230 1815 1276 inquo
1843 1231 1885 1263 de
1913 1231 2025 1264 veteri
2054 1244 2156 1265 inore

1146 1286 1225 1322 post
1243 1280 1518 1313 coronationem
1540 1282 1593 1314 lex
1611 1282 1654 1314 de
1681 1295 1768 1326 pace
1793 1284 1977 1316 comumni
2003 1296 2157 1317 renova-

1145 1337 1223 1371 tur,
1256 1338 1289 1364 et
1313 1332 1356 1364 de
1376 1344 1516 1366 summa
1536 1333 1772 1378 Reipublicae
1796 1335 2029 1369 deliberatur.
2086 1336 2156 1369 De-

1144 1389 1280 1416 cretum
1300 1390 1351 1417 est
1368 1384 1498 1428 igitur,
1527 1392 1566 1418 ut
1592 1387 1635 1418 ad
1655 1386 1832 1421 Calendas
1852 1386 2037 1421 Ianuarias
2063 1389 2156 1422 indi-

1143 1442 1284 1469 ceretur
1302 1443 1501 1470 conventus
1518 1436 1764 1472 VVormatiae.
1818 1438 1881 1473 His
1902 1441 2006 1480 actis,
2036 1447 2069 1474 et
2088 1441 2155 1475 Ca-

1144 1487 1242 1520 rolus
1261 1487 1297 1519 in
1314 1487 1498 1531 Belgicum
1527 1490 1654 1529 rediit,
1692 1497 1725 1523 et
1750 1492 1881 1524 caeteri
1910 1492 2090 1538 principes
2117 1493 2154 1526 in

1142 1552 1224 1572 suas
1243 1539 1399 1574 ditiones
1420 1541 1672 1577 discesserunt.

1352 1678 1365 1690 k·

165 1785 347 1815 Addenda
385 1786 422 1813 ad
454 1786 668 1823 Prolegornena
707 1788 734 1814 iu
767 1785 1053 1816 lfa-hortationem
1086 1787 1329 1818 Maximinum·
1359 1789 1514 1820 Caesaris
1547 1792 1593 1820 ad
1622 1790 1743 1822 bellum
1778 1792 1899 1824 Turcis
1931 1794 2151 1834 inferendum

77 1839 145 1868 pag.
160 1827 226 1858 453
242 1839 300 1867 sq.:

209 1892 310 1928 Aeque
334 1899 367 1917 ac
393 1889 470 1918 hanc
494 1890 531 1918 de
555 1891 700 1918 electione
725 1898 754 1918 et
778 1892 968 1919 coronatione
992 1892 1090 1920 t‘arnli
1114 1892 1150 1920 V.
1175 1894 1311 1922 Caesaris
1335 1894 1505 1933 historiam,
1529 1898 1617 1925 etiam
1648 1899 1784 1935 proxime
1816 1899 2049 1936 praecedentem
2076 1898 2151 1929 Ex-

76 1931 304 1963 hortationem
326 1932 567 1961 Maximiliam‘
593 1932 749 1962 Caesaris
771 1933 817 1962 ad
839 1932 961 1963 bellum
986 1933 1106 1964 'I'urcis
1140 1936 1363 1976 inferendum
1394 1940 1592 1977 Georgius
1624 1940 1792 1970 Sabinus
1823 1953 1875 1970 suo
1905 1944 2025 1971 nomine
2056 1944 2151 1972 edidit

75 1978 105 2005 in
129 1977 221 2006 hocce
244 1977 362 2007 libello:

208 2036 376 2067 Narratio
399 2035 654 2067 deliberationis
681 2035 928 2067 Maximiliam·
952 2038 1178 2077 Imperatoris
1197 2038 1429 2071 Romanorum
1452 2042 1492 2071 de
1516 2041 1602 2072 bello
1630 2042 1783 2073 Turciw.

250 2083 306 2110 ria
330 2086 516 2121 temporum
541 2091 657 2111 eorum
680 2079 800 2120 quibus
823 2080 905 2111 haec
929 2089 1089 2121 suscepta
1106 2083 1198 2123 fuit.

1074 2127 1094 2156 5
1110 2129 1210 2166 plagg.

250 2126 399 2154 tenemus
417 2124 527 2164 Papa.
573 2125 678 2154 Anno
703 2124 830 2154 christi
851 2124 1026 2156 M.D.L1.

1847 2043 1893 2074 Et
1916 2043 2023 2074 brevis
2047 2044 2151 2075 histo—

1252 2084 1380 2114 Amore
1405 2085 1551 2125 Georgia
1576 2085 1716 2117 Sabino.
1769 2086 1914 2125 Lipsiae
1937 2086 2055 2118 edebat
2083 2088 2151 2120 Va-

1243 2129 1298 2156 litt.
1315 2130 1423 2158 A—F]
1439 2132 1534 2168 sigu.,
1564 2131 1585 2161 8
1601 2131 1665 2160 foll.
1692 2142 1748 2159 non
1773 2142 1872 2169 num„
1896 2131 1939 2162 63
1956 2143 2042 2171 pagg.
2061 2144 2153 2170 niun„

252 2169 306 2197 ult.
330 2179 399 2207 pag.
423 2169 507 2205 alba,
529 2168 561 2198 8.
581 2171 651 2197 min.
676 2170 744 2205 (sol.
762 2172 784 2197 A
802 2169 840 2199 2³
854 2188 884 2191 —
900 2169 939 2200 3³¹
971 2172 1027 2198 (ie.
1050 2172 1151 2199 Sabini
1175 2173 1299 2210 epistola
1323 2173 1360 2201 ad
1377 2173 1472 2202 inach.
1488 2174 1689 2203 camerarium
1714 2175 1783 2202 data
1799 2175 1996 2213 Regiomonte
2012 2174 2151 2205 Pras-siae

250 2212 288 2240 V,
313 2210 357 2241 ld.
381 2212 575 2245 Decembris;
605 2212 657 2241 fol.
679 2214 698 2239 A
716 2210 755 2241 3¹¹¹
770 2230 801 2234 —
818 2214 855 2240 5a
889 2213 985 2243 loacli.
1001 2215 1162 2243 camerarii
1186 2216 1274 2253 epist.
1300 2217 1337 2244 ad
1353 2217 1410 2245 Ge.
1426 2217 1566 2245 Sabinum
1586 2218 1679 2245 Nonis
1696 2217 1824 2246 Ianuarii
1848 2220 1972 2257 scripta3
2002 2220 2055 2248 sol.
2068 2222 2089 2248 A
2104 2219 2144 2248 5⁶

249 2253 341 2285 —72’
362 2255 440 2283 med.
466 2255 525 2283 Ge.
549 2256 651 2283 Sabini
676 2256 822 2293 praefatio
847 2258 1013 2295 rhythmica
1046 2259 1082 2286 ad
1110 2259 1279 2296 Principem
1303 2260 1472 2289 Albertiun:

1519 2261 1571 2289 fol.
1589 2263 1613 2289 Α
1628 2261 1667 2291 ’7¹¹
1690 2262 1766 2290 med.
1781 2278 1815 2281 —-
1828 2261 1868 2291 8¹³
1899 2263 2018 2291 Davidis
2042 2264 2150 2291 Milesii

254 2299 454 2336 epigramma,
484 2305 513 2326 et
530 2299 621 2327 Andr.
641 2299 776 2326 Munceri
796 2300 986 2339 Elbingensis
1010 2311 1126 2330 carmen
1152 2303 1188 2330 ad
1215 2303 1371 2337 lectorem3
1404 2314 1472 2341 pag.
1492 2304 1506 2332 1
1522 2303 1622 2334 —3·2.
1641 2303 1707 2343 [fol.
1723 2305 1746 2332 B
1764 2304 1882 2334 la——C
1897 2305 1960 2345 Sb]
1986 2304 2041 2334 De
2064 2304 2149 2335 bello

253 2339 379 2370 Turcis
403 2341 602 2380 inserendm
650 2353 680 2379 p.
694 2340 847 2373 33—5'7.
879 2345 982 2374 Oratio
1015 2346 1111 2373 habita
1141 2356 1157 2372 a
1181 2346 1238 2373 Ge.
1263 2346 1371 2374 Sabino
1394 2348 1421 2374 in
1448 2347 1555 2375 funere
1582 2349 1777 2376 nobilissimae
1800 2350 1945 2377 Dominae
1969 2350 2150 2387 Dorotheae,

248 2387 380 2423 coniugis
403 2383 549 2422 Principis
570 2386 700 2423 Alberti,
730 2396 807 2424 quae
831 2389 901 2417 obiit
925 2388 1016 2417 3.1d.
1033 2389 1127 2427 April.
1159 2388 1266 2426 1547„
1301 2390 1434 2427 praefixo
1459 2392 1605 2426 carutium
1637 2402 1665 2429 p.
1683 2390 1835 2421 58—63.
1851 2393 1931 2422 med.
1956 2393 2146 2430 Epitaphium

249 2429 291 2456 illi
316 2429 432 2466 coniugi
454 2429 595 2466 scriptum
620 2438 636 2456 a
660 2430 718 2458 Ge.
741 2429 868 2469 Sabino,
904 2433 1027 2470 eiusque
1058 2433 1153 2470 elegia
1183 2433 1211 2460 in
1242 2434 1319 2461 diem
1353 2433 1480 2461 natalem
1505 2435 1648 2473 Principis
1674 2436 1805 2469 Alberti3

1855 2436 1907 2464 ult.
1934 2446 2001 2473 pag.
2029 2436 2146 2473 varan).

249 2471 344 2508 [Hunc
370 2472 501 2500 libellum
527 2481 564 2500 ex
588 2472 726 2501 Biblioth.
749 2480 843 2503 senat.
869 2475 1001 2503 Norimb.
1027 2485 1104 2503 nunc
1129 2477 1156 2503 in
1183 2477 1313 2504 manibus
1337 2475 1458 2516 habem]

132 2782 315 2812 MELAxrn,
341 2783 445 2813 OrEn.
492 2784 576 2814 Vni..
602 2785 674 2814 XX.

1679 2781 1728 2814 33
