2453 3037
320 143 369 179 47

762 225 801 258 ln
832 227 869 261 Y.

422 289 463 323 In
482 302 504 324 v
517 315 525 329 ,
554 299 708 334 qnorum
727 286 926 330 penultima
950 286 1058 329 longa
1078 291 1148 324 est,

318 341 434 375 nitivo
454 340 609 378 faciunt,
636 344 675 371 ut
692 337 788 372 ἄστυ
811 337 950 377 ἄστεος.

319 443 410 483 κὲος.

644 509 916 554 Paradigina
934 508 992 555 ¹⁸³).

403 571 502 615 Sing.
530 570 571 606 τὸ
591 572 687 607 ἄστυ
719 565 724 568 ’

529 626 598 658 τοῦ
614 623 743 661 ἄστεος

529 675 582 720 τῴ
598 674 704 708 ἄστεϊ

528 724 570 760 τὸ
589 725 686 760 ἄστυ

530 773 560 810 ὦ
578 776 685 812 ἄστυ.

389 828 496 862 Dual.
525 827 579 862 ταὶ
599 828 702 864 ἄστεε

530 881 613 915 τοῖν
633 877 790 914 ἀστέοιν.

404 930 502 964 Plur.
531 929 578 966 τὰ
596 931 710 966 ἄστεα

530 985 607 1017 τῶν
625 979 770 1017 ἀστέων

528 1035 606 1073 τοῖς
622 1033 748 1068 ἄστεσι

531 1083 577 1119 τὰ
598 1085 713 1119 ἄστεα

527 1132 557 1170 ὦ
573 1136 698 1170 ἄστεα.

423 1186 463 1219 ln
480 1199 524 1228 v,
556 1200 710 1232 quorum
732 1184 929 1230 penultima
948 1181 1065 1217 brevis
1086 1187 1155 1221 est,
1184 1192 1247 1220 υος
1265 1191 1323 1224 ge-

321 1239 435 1272 nitivo
452 1239 606 1278 faciunt,
634 1245 674 1271 ut

401 1290 498 1333 Sing.
527 1288 569 1324 τὸ
586 1289 656 1336 γόι
661 1303 681 1324 υ

529 1343 598 1375 τοῦ
614 1338 751 1388 γόνυος

529 1393 584 1426 τῶ
603 1391 672 1451 γον
678 1396 716 1425 ιϊ

529 1455 571 1477 το
589 1439 686 1502 7611)

531 1490 562 1527 ὦ
579 1490 649 1540 761
654 1507 685 1528 υ.

531 1558 582 1579 τω
598 1543 726 1603 γόνυε

532 1599 615 1633 τοῖν
632 1592 800 1656 ἵονύοιν.

536 1647 583 1684 τὰ
600 1648 721 1697 γόνυα

532 1703 610 1735 τῶν
627 1713 697 1759 γον
700 1698 779 1734 ύων

533 1753 610 1790 τοῖς
627 1748 759 1799 76vvcn

533 1800 579 1837 τὰ
596 1800 720 1860 γόνυα

535 1868 565 1888 ω
582 1850 652 1902 761
658 1867 716 1888 υα.

431 1913 546 1947 Huius
563 1914 669 1946 form
663 1926 702 1945 ne
720 1912 868 1945 nomina
886 1908 1002 1958 γόνυ,
1028 1905 1123 1954 δόρυ
1140 1906 1327 1940 literarum

326 1964 514 2000 metathesi
533 1965 677 1997 variant
695 1962 973 1997 declinationem
986 1986 994 1999 ,
1022 1965 1062 1993 ut

535 2015 632 2066 γόνυ

394 1545 500 1579 DuaL

409 1649 508 1682 Plur.

535 2065 673 2116 γόνυος
830 2060 966 2112 γουνός

537 2119 650 2168 γόνυϊ
831 2113 943 2165 γουνί

536 2169 659 2219 γόνυιι
830 2170 953 2227 γοῦνα

538 2235 553 2270 7
553 2221 691 2257 ονύων
831 2215 994 2267 γούνων-

329 2276 376 2310 Et
404 2274 506 2307 aliter
533 2286 603 2321 701
607 2286 648 2312 ας
675 2284 745 2319 701
748 2283 853 2314 ατος,
882 2282 945 2304 seu
971 2270 1112 2317 γοῦνας
1135 2263 1330 2326 γούνατος.

332 2328 389 2361 Sic
417 2324 510 2371 δόρυ
539 2322 653 2370 ὃόρας
680 2321 832 2367 ὃοῦρας.
887 2321 1002 2354 Huius
1022 2326 1073 2353 est
1091 2325 1125 2352 et
1140 2316 1252 2365 δόρος
1268 2315 1331 2354 δό-

332 2391 430 2426 ρεος;
458 2377 538 2409 xide
558 2376 621 2409 Gr
624 2388 684 2408 icc
687 2387 716 2407 nc
734 2373 897 2406 flexionis
912 2386 933 2405 x
938 2372 1124 2405 arietatem
1142 2370 1202 2416 ¹9).

379 2448 888 2491 HAPAAEITMATA
916 2449 1284 2484 consonantium.

772 2511 813 2545 In
842 2513 887 2546 N.

409 2570 494 2604 Net
512 2580 533 2614 ρ
551 2566 675 2599 literae
694 2570 777 2598 sunt
794 2561 1048 2602 immutabiles,
1068 2560 1137 2595 hoc
1154 2568 1216 2602 est,
1242 2572 1332 2607 quae

334 2622 370 2653 in
398 2620 492 2653 flexu
515 2617 704 2652 nominum
733 2616 806 2648 sere
835 2627 910 2648 non
945 2620 1142 2648 mutz.¹ntur
1211 2613 1333 2658 ρυιῐθ

372 2719 417 2750 18)
439 2721 513 2744 Haec
531 2718 677 2748 inscriptio
698 2717 724 2741 in
743 2716 827 2740 Editt.
850 2715 1045 2740 1522—1541.
1066 2715 1154 2738 deest.

372 2761 419 2790 19)
439 2762 501 2787 vide
520 2776 552 2780 —
573 2759 760 2792 varietatem]
779 2761 847 2784 hacc
866 2759 892 2783 in
910 2758 994 2784 Editt.
1011 2757 1203 2783 1522-1541.
1224 2758 1332 2782 desunt.

1186 297 1243 324 εος
1264 296 1322 328 ge-

1005 337 1062 370 Sic
1089 343 1123 371 et
1146 336 1321 370 adiectiva

318 399 446 427 neutra
466 392 502 424 in
520 404 544 426 v
562 390 728 429 flectunt,
762 395 801 422 ut
827 387 901 436 ἡδύ
923 386 1050 435 ἡδέος,
1085 387 1204 438 γλυκύ
1231 390 1322 436 γλυ-

906 137 1028 174 PHIL.
1064 137 1178 172 MEL.
1213 134 1418 172 SCRIPTA
1452 135 1793 172 PHILOLOGICA

2328 138 2381 174 48

1376 235 1468 270 quae
1491 237 1514 260 ν
1539 230 1602 257 aut
1628 237 1650 272 ρ
1667 224 1816 265 finiunt,
1845 223 2021 268 genitivos
2042 223 2115 258 fere
2138 224 2277 258 faciunt
2298 230 2377 257 tan-

1375 282 1451 310 tum
1469 289 1508 316 ος
1527 276 1648 309 addita
1662 303 1670 316 ‚
1698 273 1782 310 hinc
1799 288 1890 322 quae
1913 275 2157 320 excipiantur,
2186 276 2378 310 ostendent

1374 328 1637 372 paradigmata.

1804 410 1940 460 szw).

1477 480 1519 514 In
1547 477 1627 526 Αν,
1654 493 1745 521 ανος
1766 480 1903 514 faciunt
1925 481 2047 514 omnia
2058 480 2107 527 21)
2131 487 2276 526 praeter
2301 484 2379 518 πᾶν

1374 529 1514 572 παντός
1532 533 1749 567 adiectivum
1762 559 1771 573 ‚
1801 533 1898 578 quod
1917 545 2023 567 omne
2037 533 2225 577 significat.

1460 584 1558 629 Sing.
1587 583 1608 621 ὃ
1625 584 1733 621 τιτάν

1584 639 1655 672 τοῦ
1672 639 1821 676 τιτᾶνος

1585 691 1640 734 τῷ
1655 690 1777 723 τιτᾶνι

1584 738 1653 774 τὸν
1670 741 1804 774 τιτᾶνα

1588 786 1618 824 ὦ
1633 787 1752 826 τιτάν.

1582 839 1636 876 τιὸ
1651 844 1776 877 τιτᾶνε

1585 894 1668 928 τοῖν
1687 889 1866 927 τιτάνοιν.

1591 943 1627 979 οἱ
1642 947 1788 982 τιτᾶνες

1585 998 1664 1030 τῶν
1679 994 1843 1030 τιτάνων

1585 1048 1664 1085 τοῖς
1679 1049 1802 1081 τιτᾶσι

1585 1096 1674 1136 τούς
1688 1100 1841 1137 τιτᾶνας

1586 1145 1617 1183 ὦ
1633 1151 1788 1188 τιτᾶνες.

1482 1200 1539 1234 Sic
1553 1200 1692 1245 reliqua
1718 1200 1755 1232 in
1784 1213 1832 1234 αν
1856 1199 1968 1233 flecte.
2023 1199 2185 1233 Observa
2211 1203 2330 1232 autem
2357 1212 2381 1235 ν

1377 1252 1538 1286 finientia
1558 1251 1596 1284 in
1614 1251 1737 1284 dativo
1756 1251 1887 1295 plurali
1905 1250 2022 1295 ipsum
2040 1263 2064 1285 ν
2084 1250 2249 1284 abiicere.

1840 1338 1919 1372 EN.

1474 1408 1530 1441 Εν
1546 1411 1673 1438 neutra
1693 1404 1901 1437 terminatio
1920 1410 1971 1438 est
1987 1403 2250 1437 adiectivorum
2267 1403 2306 1436 in
2322 1416 2384 1450 εις,

1379 1463 1420 1491 ut
1436 1455 1631 1503 ὃχαριέις,
1658 1454 1700 1491 τὸ
1714 1456 1866 1503 χάριεν,
1896 1468 1936 1489 ea
1957 1468 2021 1500 per
2044 1468 2107 1495 τος
2129 1455 2307 1499 genitivos
2333 1456 2384 1489 fa-

1380 1509 1500 1549 ciunt,
1528 1515 1567 1542 ut
1580 1506 1776 1555 χαρίεντος
1792 1505 1961 1554 χαρίεντι
1982 1514 2046 1541 etc.
2108 1506 2174 1541 Est
2197 1513 2232 1540 et
2254 1513 2382 1541 neutra

1381 1560 1590 1594 terminatio
1609 1560 1870 1593 adiectivorum
1887 1560 1925 1592 in
1942 1572 2011 1605 ην,
2043 1565 2084 1593 ut
2105 1557 2239 1606 τὲρην,
2265 1559 2383 1608 τέρεν,

1381 1611 1438 1646 cui
1455 1624 1494 1651 ος
1512 1612 1621 1646 addes
1639 1611 1798 1655 genitivo
1807 1611 1875 1657 22),
1901 1609 2058 1657 τέρενος.

1836 1699 1923 1732 ΗΝ.

1485 1768 1549 1802 Ην
1565 1778 1671 1813 ηνος,
1699 1771 1842 1811 praeter
1858 1777 1972 1810 pauca
1991 1765 2154 1798 derivata
2178 1779 2201 1812 η
2217 1765 2255 1798 in
2274 1779 2290 1801 ε
2307 1777 2387 1799 mu-

1382 1818 1519 1858 tantia,
1558 1818 1786 1864 maximeque
1812 1830 1902 1863 quae
1931 1815 2067 1850 habent
2088 1830 2119 1863 μ
2139 1823 2221 1851 ante
2245 1830 2315 1864 ην,
2346 1824 2388 1852 ut

1382 1867 1484 1916 φρήν
1502 1868 1658 1916 φρενός,
1686 1866 1788 1915 ὑμήν
1803 1867 1959 1914 ὑμένος,
1987 1867 2098 1913 λιμήν
2113 1866 2277 1914 λιμένος,
2305 1882 2386 1905 ποι-

1381 1919 1458 1966 μήν
1476 1919 1662 1966 ποιμένος.

1448 841 1554 875 Dual.

1454 944 1554 978 Plur.

1711 2011 1987 2055 Paradigma
2005 2011 2064 2056 2³).

1468 2080 1567 2125 Sing.
1597 2079 1616 2116 ὁ
1634 2080 1741 2126 ἕλλην

1593 2135 1662 2167 τοῦ
1681 2131 1828 2178 ἕλληνος

1594 2185 1648 2229 τῷ
1666 2183 1785 2229 ἕλληνι

1593 2233 1661 2270 τὸν
1677 2234 1809 2281 ἔλληνα

1596 2282 1627 2320 ὦ
1646 2285 1763 2332 {mayr-

1595 2335 1649 2372 τιὸ
1667 2336 1789 2384 {22quoe

1595 2390 1677 2425 τοῖν
1695 2389 1873 2436 ἑλλήνοιν.

1461 2336 1567 2371 Dual.

1422 2527 1469 2559 20)
1492 2530 1567 2553 Haec
1586 2528 1741 2554 terminatio
1762 2532 1789 2554 et
1809 2532 1957 2562 sequentes
1972 2529 2001 2556 in
2013 2530 2062 2556 Εὐ.
2080 2530 2155 2557 1542.
2176 2531 2384 2563 superscriptae

1456 2564 1485 2587 in
1506 2564 1587 2587 Editt.
1606 2564 1798 2591 1522—1541.
1818 2573 1873 2590 non
1892 2569 2010 2590 exstant.

1421 2616 1469 2644 21)
1489 2615 1518 2638 ln
1538 2616 1597 2644 Λν,
1620 2623 1686 2643 τινος
1705 2612 1930 2649 s.=.ciunt'01nnia]
1951 2617 1993 2641 sic
2010 2616 2097 2643 Editt.
2112 2617 2187 2643 1542.
2202 2624 2279 2650 sqq.;
2301 2617 2385 2643 Editt.

1460 2650 1654 2675 1522—1541.
1674 2651 1722 2674 Au
1741 2659 1806 2679 τινος
1826 2652 1924 2676 omnia.

1422 2701 1471 2730 22)
1490 2700 1624 2734 genitivo]
1646 2703 1671 2726 in
1692 2704 1775 2729 Editt.
1792 2704 1982 2729 1522—1541.
2003 2704 2091 2728 deest.

1422 2753 1471 2782 23)
1492 2755 1568 2778 Haec
1591 2754 1732 2785 inscriptio
1751 2756 1777 2779 in
1798 2756 1883 2781 Editt.
1904 2756 2098 2782 1522—1541.
2118 2763 2173 2782 non
2191 2756 2340 2785 iuvenitur.
