2389 3037
70 111 142 148 581
256 110 300 145 V.
352 107 613 144 HISTORIAE
641 107 885 154 QUAEDAM
914 105 1192 141 RECITATAE
1220 104 1373 142 INTER
1401 104 1638 141 PUBLICAS
1666 105 1948 142 LECTIONES.
2058 104 2132 143 582

71 209 176 243 opem
197 195 394 242 quaesivit,
422 208 441 229 a
462 207 534 241 quo
549 195 808 239 benigniterffl)
828 200 994 239 exceptus
1009 200 1074 233 est,

71 255 105 283 et
138 260 204 293 pro
237 247 377 282 ratione
410 248 620 281 facultatum
654 244 860 281 humaniter
885 246 995 279 etiam
1021 251 1074 279 est

70 306 253 334 tractatus.
313 299 471 333 Rediens
495 304 615 332 autem
639 299 683 331 ad
708 311 828 343 regem
852 309 1073 331 commemo-

70 363 155 385 rans
170 363 234 385 sua
254 351 410 395 pericula
424 377 433 391 ,
461 362 553 396 quae
571 349 663 394 regis
680 363 784 384 causa
800 350 1020 384 sustinuerat
1039 353 1073 381 et

70 415 257 448 perpessus
275 409 370 442 erat,
398 401 536 447 eum93)
559 408 683 446 rogat,
718 408 758 435 ut
779 414 845 446 pro
871 399 939 434 hac
960 399 1073 433 fideli-

68 461 142 488 tate
159 453 326 499 petitioni
340 454 436 498 apud
459 465 494 487 se
512 453 629 487 locum
655 454 856 499 relinquat;
891 450 1075 496 promittit

69 518 143 540 rex.
196 505 301 539 Miles
318 505 393 550 ipse
412 506 501 550 petit
518 517 536 538 a
554 517 636 550 rege
651 505 719 540 sibi
737 503 867 538 donari
890 504 928 536 in
952 503 1073 548 proxi-

69 569 130 590 mo
147 569 243 602 pago
259 557 412 601 agellum
431 557 614 591 cuiusdam
640 556 764 591 rustici
790 556 827 601 (a
855 567 926 601 quo
952 554 1073 599 hospi-

69 609 119 642 tio
151 615 317 653 exceptus
343 609 448 654 erat).
515 608 620 654 Quod
649 608 711 642 ubi
737 613 947 641 consecutus
971 613 1073 645 esset,
1097 614 1102 671 ς

70 666 105 694 et
127 660 282 694 rusticus
315 660 446 694 eiectus
474 666 563 694 esset
594 672 635 692 ex
668 659 740 693 suis
776 659 1072 704 possessionibus,
1098 675 1102 955 ξ

1099 962 1102 976 l

1099 994 1101 1009 l

1128 193 1245 228 locus:
1273 192 1480 238 Expurgate
1500 200 1600 227 vetus
1615 193 1834 227 fermentum
1845 193 1904 239 εἰ).
1951 191 2012 226 Ille
2029 193 2128 236 legite

1128 251 1323 288 expurgate
1346 251 1448 278 vetus
1473 245 1710 285 fermentum,
1738 245 1831 279 sicut
1858 244 1940 280 estis
1968 244 2058 277 asini
2069 243 2130 287 ⁹⁶).

1127 295 1330 340 Respondit
1356 296 1472 328 bonus
1496 296 1643 340 quidam
1670 308 1794 330 senex:
1839 296 1934 342 Quia
1961 296 2132 329 nolumus

1126 352 1250 380 nostra
1268 346 1355 378 vitia
1375 347 1419 378 ab
1439 347 1697 381 eruditioribus
1714 348 1828 381 taxari
1849 355 1883 381 et
1907 348 1951 381 ab
1975 347 2044 381 illis
2069 349 2133 380 do-

1127 392 1236 437 ceri(
1254 396 1353 431 Deus
1377 397 1502 435 efficit,
1538 404 1578 431 ut
1601 398 1703 442 pueri
1729 410 1795 432 nos
1820 406 1974 443 arguant
1996 405 2029 432 et
2054 411 2132 431 eru-

1126 449 1240 482 diant.
1291 449 1411 495 Atque
1435 449 1484 482 ita
1509 461 1669 483 errorem
1695 450 1930 485 adolescentis
1955 451 2130 484 convertit

1127 501 1163 534 in
1183 512 1329 544 gravem
1351 501 1650 536 admonitionem.

1165 575 1300 610 CCXX.
1342 575 1609 622 Quemlibet
1637 588 1733 610 esse
1763 589 1910 621 regem
1942 577 1987 609 in
2016 589 2093 611 sua

1553 629 1655 660 dom
1671 641 1702 662 υ.

1231 686 1321 720 Cum
1349 698 1411 719 rex
1428 686 1601 730 Anglicus
1631 686 1717 719 olim
1746 686 1782 719 in
1810 687 2002 720 venatione
2031 699 2050 719 a
2078 687 2133 720 via

1127 739 1345 778 deerrasset,
1385 737 1483 771 venit
1508 738 1546 770 in
1571 738 1792 782 tuguriolum
1823 737 1973 773 alicuius
1998 739 2136 779 rustici,

1128 789 1187 836 qui
1223 802 1304 823 eum
1338 801 1405 833 pro
1437 802 1499 823 sua
1533 790 1679 823 fortuna
1703 788 1911 823 humaniter
1935 791 2074 835 excepit
2102 797 2135 824 et

1126 842 1217 874 bene
1235 840 1413 874 tractavit.
1469 840 1558 874 Cum
1584 848 1703 874 autem
1722 853 1785 874 rex
1801 840 1998 887 aliquando
2023 842 2136 875 nollet

1128 893 1379 937 obtemperare
1397 892 1517 938 aliqua
1537 893 1574 925 in
1592 904 1652 933 re,
1681 893 1797 927 iussus
1813 893 1908 926 enim
1930 900 2008 926 erat
2032 906 2052 926 a
2077 906 2136 927 ru-

1127 945 1229 985 stico,
1254 945 1394 977 dicente
1411 946 1508 990 quod
1527 944 1679 990 quilibet
1696 951 1785 979 esset
1800 956 1862 978 rex
1878 945 1916 977 in
1931 958 1994 978 sua
2012 946 2136 981 domo.

1128 997 1232 1030 edere
1253 997 1296 1029 de
1316 997 1474 1042 quodam
1495 996 1574 1029 cibo
1588 1023 1596 1036 ,
1633 1009 1652 1030 a
1669 1009 1741 1042 quo
1762 1009 1825 1030 rex
1851 1008 2023 1031 nauseam
2052 1010 2137 1030 con-

1128 1055 1290 1092 ceperat,
1333 1047 1484 1092 impegit
1508 1048 1660 1082 rusticus
1687 1048 1762 1093 regi
1787 1046 1994 1093 colaphum.
2059 1048 2136 1082 Rex

148 1120 304 1157 CCXVII
355 1123 393 1157 K
419 1135 427 1141 ,
463 1120 486 1165 ζ
509 1120 545 1157 2¹
705 1136 731 1144 '¹
772 1123 780 1129 .
840 1123 871 1157 ,ἰ
911 1123 943 1156 t.
1129 1112 1269 1133 memor
1288 1099 1362 1133 eius
1379 1099 1483 1139 dicti,
1512 1102 1610 1146 quod
1627 1100 1777 1145 quilibet
1805 1106 1894 1134 esset
1921 1113 1983 1133 rex
2009 1101 2045 1133 in
2071 1113 2133 1134 sua

307 1147 316 1156 ⁸
391 1134 460 1157 ado
485 1136 506 1168 η
530 1136 570 1157 ια
599 1135 705 1167 ΡΓἪ
723 1138 742 1156 ‘¹
771 1136 848 1156 lml
881 1136 899 1156 a
934 1135 996 1164 ¹⁰³
1128 1153 1259 1192 domo,
1288 1152 1515 1196 obtemperat
1535 1158 1681 1196 postea,
1717 1152 1873 1185 comedit
1889 1153 1931 1185 de
1951 1153 2018 1186 isto
2045 1153 2136 1186 cibo.

443 1173 703 1219 Qljffenspiel.
1127 1205 1159 1237 A
1515 1203 1536 1209 ..
1635 1204 1642 1210 .
1691 1216 1699 1221 ι
1755 1218 1759 1222 ,
1902 1216 1911 1222 1
2012 1204 2031 1223 v.
2110 1205 2118 1210 .

1163 1215 1179 1236 c
1208 1215 1314 1236 mane
1341 1216 1420 1236 cum
1447 1204 1610 1237 redusset
1633 1216 1669 1236 in
1690 1205 1833 1244 aulam,
1861 1206 2049 1237 mandaxit
2065 1217 2137 1238 suis

176 1241 343 1275 EXtincm
370 1240 519 1287 orpheo
553 1243 663 1287 iPSIUS
693 1244 768 1288 151'5'
801 1243 932 1277 diCifflr
957 1244 1072 1277 delati*
1100 1266 1104 1293 ι
1129 1254 1274 1295 aulicis,
1309 1261 1348 1288 ut
1371 1256 1551 1288 adducant
1578 1255 1677 1288 illum
1706 1255 1900 1296 rusticum,
1938 1269 2044 1301 quem
2076 1258 2137 1289 ad-

73 1305 147 1328 esse
167 1293 206 1326 in
223 1293 399 1334 LeSbum³
428 1307 536 1340 qUffln
555 1292 829 1339 aPPssshendenS
848 1296 941 1329 filius
960 1295 1075 1330 CUIUS‘
1100 1296 1104 1346 l
1129 1308 1275 1340 ductum
1309 1307 1423 1339 voluit
1456 1319 1517 1340 rex
1551 1320 1696 1341 mensae
1724 1308 1879 1342 assidere
1913 1314 1946 1340 et
1979 1308 2139 1352 proponi

73 1346 157 1378 dam
180 1345 372 1390 principis,
412 1346 592 1390 cogitabat
617 1358 653 1379 se
675 1347 857 1380 ludentem
885 1346 1074 1392 Orpheum

71 1397 160 1430 fore.
229 1397 386 1430 Putabat
418 1397 526 1441 igitur
550 1410 586 1431 se
611 1397 786 1431 flexurum
822 1405 855 1431 et
890 1406 1074 1432 moturum

72 1459 156 1482 saxa
182 1454 217 1481 et
240 1447 376 1493 sylvas,
408 1449 493 1482 exiit
518 1455 552 1482 et
572 1449 739 1489 ludebat,
776 1462 879 1484 canes
903 1462 989 1483 vero
1013 1463 1075 1484 au-

72 1500 211 1533 dientes
236 1512 318 1533 eum
340 1507 544 1534 cantantem
570 1507 653 1534 sunt
678 1501 811 1535 irritati
836 1509 870 1535 et
898 1502 1076 1536 lacerave-

73 1557 160 1584 runt
187 1551 295 1584 istum
324 1552 477 1586 fatuum.
545 1552 603 1586 Sic
628 1553 732 1586 multi
757 1553 884 1586 volunt
907 1566 980 1588 esse
1005 1553 1077 1588 Lu-

73 1600 168 1636 theri
186 1609 221 1636 et
238 1603 367 1637 volunt
388 1603 530 1637 flectere
555 1604 696 1638 animos
720 1603 910 1639 hominum
924 1633 932 1644 ,
967 1607 1028 1640 sed
1056 1618 1080 1647 a

74 1654 223 1688 canibus
245 1654 500 1689 dilacerantur.
561 1655 628 1688 Hic
654 1656 743 1689 solet
771 1668 844 1691 esse
870 1657 984 1691 exitus
1009 1670 1076 1692 κα-

73 1703 257 1751 κοζηλίας.

67 723 192 756 regem
208 712 297 745 adiit
312 722 538 757 conquerens
559 712 601 744 de
618 711 720 745 istius
745 708 897 756 hospitis
923 710 1072 755 ingrati-

68 763 193 796 tudine
205 790 214 803 ,
249 769 283 796 et
313 775 376 797 sua
409 763 447 796 in
480 774 561 796 eum
593 763 763 796 beneficia
799 768 1073 796 commemorat.

69 814 210 859 Quibus
227 814 358 848 auditis
376 825 439 847 rex
458 814 579 847 vocari
598 815 699 849 iussit
717 816 761 848 ad
779 827 813 848 se
832 814 982 847 militem
995 840 1003 853 ‚
1039 819 1074 846 et

69 866 202 899 rustico
224 865 365 900 restitui
388 878 469 900 suas
495 866 757 911 possessiones,
788 866 895 899 militi
917 877 1003 899 vero
1027 865 1073 898 ob

68 916 364 962 ingratitudinem
385 918 422 950 in
436 918 593 951 frontem
612 918 754 962 signum
773 917 869 951 inuri
887 916 1075 950 mandavit

68 966 124 1002 his
150 969 287 1003 verbis:
324 968 388 1002 Ho
400 982 448 1014 sp
461 982 504 1004 es
532 970 755 1014 ingratus.
815 968 950 1015 Estque
977 969 1073 1002 insa-

68 1031 137 1054 nus
153 1018 222 1054 hoc
238 1021 349 1054 modo
365 1021 490 1054 factus.

1128 1358 1285 1402 plurima
1311 1359 1465 1397 fercula,
1492 1365 1525 1391 et
1549 1359 1623 1402 ipse
1649 1361 1793 1393 adstans
1817 1359 1935 1405 inquit
1961 1361 2006 1392 ad
2033 1360 2139 1393 rusti-

1130 1422 1228 1443 cum:
1260 1409 1418 1443 Comede
1436 1411 1478 1443 de
1497 1410 1683 1449 omnibus;
1713 1423 1777 1455 ego
1796 1423 1874 1444 sum
1894 1423 1955 1444 rex
1973 1411 2009 1443 in
2027 1412 2136 1444 domo

1130 1473 1222 1495 mea.
1278 1461 1445 1495 Rusticus
1466 1462 1636 1495 obediens
1655 1464 1827 1496 mandato
1844 1463 1942 1506 regio
1961 1465 2004 1496 de
2022 1463 2138 1495 omni-

1129 1513 1195 1547 bus
1211 1513 1355 1547 ferculis
1374 1513 1542 1547 comedit.
1598 1513 1692 1547 Tum
1714 1527 1777 1548 rex
1795 1515 1931 1560 inquit:
1970 1514 2027 1548 Tu
2054 1527 2139 1559 pru-

1129 1565 1273 1599 dentius
1292 1565 1394 1609 egisti
1421 1578 1529 1611 quam
1554 1578 1638 1609 ego,
1669 1566 1754 1612 quia
1779 1566 1898 1600 vitasti
1924 1564 2140 1610 colaphum;

1130 1629 1215 1661 ego,
1259 1617 1289 1650 si
1317 1619 1361 1650 de
1391 1618 1559 1651 omnibus
1593 1618 1736 1652 ferculis
1772 1619 1866 1662 apud
1905 1625 1938 1652 te
1976 1618 2139 1657 edissem,

1131 1669 1239 1702 etiam
1268 1667 1460 1713 colaphum
1487 1670 1668 1703 vitassem.

1131 1744 1282 1779 CCXXI.
1330 1746 1392 1778 De
1429 1758 1572 1790 puero
1603 1746 1782 1791 Cygneo
1819 1749 2054 1782 custodito
2089 1750 2138 1781 ab

99 1806 283 1843 CCXVIII.
325 1807 387 1841 De
414 1809 753 1843 concionatore
783 1811 1044 1844 extollente
1536 1798 1738 1842 Angelis·

377 1858 777 1906 Christophorum.
1102 1857 1108 2249 s
1236 1865 1319 1899 Fuit
1343 1867 1519 1911 quaedam
1550 1868 1698 1907 mulier,
1728 1881 1820 1914 quae
1840 1868 1941 1902 iussit
1960 1870 2137 1903 adducere

182 1926 428 1961 concionator
446 1929 491 1961 ad
510 1929 685 1973 populum
704 1929 741 1962 in
757 1930 847 1963 festo
865 1930 900 1964 S⁴
917 1928 1077 1964 Christo,
1132 1917 1243 1951 filium
1273 1930 1377 1951 suum
1406 1919 1516 1952 boves
1543 1926 1728 1963 pascentes
1763 1921 1801 1953 in
1835 1921 2002 1965 proximo
2038 1922 2138 1955 aditu

77 1977 183 2024 phori
211 1979 334 2013 multis
359 1979 476 2013 verbis
497 1980 689 2014 extollebat
706 1981 741 2015 S.
761 1979 1078 2027 Christophorum,
1132 1969 1273 2014 sylvae>
1296 1976 1333 2027 ,et
1350 1982 1428 2028 {Uff'
1446 1983 1536 2014 Puer
1554 1970 1751 2029 aliq}¹‘'¹n‘l⁰
1776 1972 1910 2006 (lintius
1935 1985 2138 2006 ⁶⁰¹¹¹m⁰s²¹·

77 2031 175 2077 quod
205 2031 277 2065 suis
306 2029 467 2065 humeris
499 2032 661 2076 gessisset
689 2031 892 2074 Christum,
937 2034 1078 2078 saepius
1132 2029 1251 2061 retur,
1295 2023 1421 2055 ineidit
1445 2035 1574 2080 magna
1603 2035 1684 2064 nix,
1729 2036 1820 2068 quae
1846 2036 1971 2058 omnes
1997 2032 2138 2059 montes

76 2083 323 2127 interrogans:
366 2081 413 2116 Et
443 2083 522 2129 quis
546 2090 682 2117 tantam
708 2085 745 2118 in
771 2086 875 2120 terris
898 2084 1079 2120 habuisset
1133 2073 1342 2131 0ὓῖθὲῗῦῑῖῐῖ
1371 2080 1404 2107 ‘³¹
1421 2086 1493 2132 ”PX
1511 2075 1799 2119 mgfflvescebffl’
1834 2088 1878 2108 ΠΕ
1904 2088 1992 2120 puer
2019 2083 2139 2122 9⁰⁵⁵&

77 2135 391 2179 praerogativam,
433 2141 474 2168 ut
497 2135 711 2170 salvatorem
741 2137 876 2171 ferret?
929 2137 973 2171 Et
998 2150 1078 2171 cum
1134 2126 1253 2170 egredi
1278 2138 1319 2158 ex
1346 2127 1541 2160 montibus.
1595 2126 1769 2161 Parentes
1797 2128 1970 2171 postridie
1994 2129 2136 2163 solliciti

76 2186 248 2220 molestus
262 2193 507 2230 perseveraret
530 2187 808 2233 interrogando,
837 2202 930 2224 unus
947 2203 989 2223 ex
1013 2190 1080 2222 cir-
1133 2190 1208 2210 ¹¹0⁰
1232 2178 1275 2210 de
1303 2178 1437 2236 l'PbUS’
1466 2179 1527 2211 sed
1549 2178 1592 2211 de
1612 2191 1748 2223 Puero,
1777 2180 1988 2224 SPeCfflbant
2006 2182 2139 2214 adven·

78 2238 339 2272 cumstantibus
373 2235 478 2272 huius
503 2239 798 2284 interrogationis
824 2242 946 2275 crebra
974 2242 1079 2275 itera·
1134 2236 1209 2262 mm
1230 2242 1352 2286 R¹¹es¹⁷
1380 2242 1444 2263 ¹¹8⁰
1470 2237 1638 2288 Pooerfjm
1659 2243 1746 2276 Prae
1771 2231 1864 2265 niVis
1888 2233 2138 2276 magnltffllinss

78 2289 176 2323 tione
197 2296 380 2334 pertaesus
400 2290 533 2336 inquft3
572 2291 723 2331 Asinusv
758 2293 818 2339 quq
845 2300 879 2326 et
904 2294 1015 2327 fffiffl„
1046 2300 1080 2327 et
1135 2282 1254 2338 egred1
1283 2288 1316 2314 et
1344 2294 1518 2327 quaerere
1545 2282 1669 2316 fil1um.
1733 2282 1895 2316 Tandem
1922 2284 2139 2318 invenerunt

78 2348 230 2375 matrem
252 2342 424 2386 portavit.
1135 2345 1215 2366 euin
1234 2345 1272 2364 111
1289 2333 1387 2378 sylva
1408 2334 1446 2366 in
1468 2334 1547 2367 loco
1574 2334 1718 2378 aprico,
1753 2335 1813 2368 ubi
1840 2335 1937 2368 nulla
1961 2336 2022 2369 nix
2051 2343 2138 2375 erat,

1134 2385 1314 2418 sedentem
1342 2392 1375 2418 et
1404 2385 1623 2419 arridentem
1648 2386 1860 2431 parentibus
1883 2387 1967 2421 suis.
2027 2386 2138 2421 Inter-

1134 2442 1280 2480 rogatus
1305 2444 1447 2477 autem,
1490 2450 1601 2483 quare
1625 2450 1699 2471 non
1723 2439 1858 2471 rediret
1880 2439 2050 2479 domum,
2085 2452 2137 2472 re-

1134 2488 1281 2532 spondit
1311 2501 1346 2521 se
1381 2496 1585 2533 expectare,
1637 2491 1751 2523 donec
1784 2502 1910 2535 vesper
1944 2492 2138 2530 accederet,

1134 2540 1294 2573 nesciens
1313 2541 1382 2572 iam
1403 2541 1495 2574 ‹liem
1516 2542 1741 2585 praeteriisse
1755 2568 1764 2581 ‚
1788 2554 1853 2575 nec
1872 2543 2010 2575 viderat
2027 2543 2135 2575 ullam

1133 2591 1252 2624 nivem
1279 2591 1368 2624 circa
1398 2605 1445 2626 se.
1498 2592 1542 2626 Et
1569 2606 1646 2626 cum
1674 2593 1828 2637 amplius
1853 2594 2135 2637 interrogarent,

114 2441 264 2476 CCXIX.
305 2443 572 2488 Expurgate
602 2451 728 2478 vetus
754 2446 1040 2481 fermentum.

183 2508 278 2543 Novi
298 2513 477 2556 quendam
499 2512 724 2545 canonicum.
781 2512 892 2552 Huic,
920 2527 999 2548 cum
1019 2515 1081 2547 ad-

79 2556 150 2592 huc
168 2560 304 2595 iuvenis
324 2569 420 2603 erat,
449 2563 484 2595 in
502 2563 665 2596 examine
689 2564 894 2608 propositus
920 2573 995 2599 erat
1023 2567 1080 2600 ille

115 2684 164 2716 92)
185 2686 356 2717 benigniter]
377 2687 459 2712 cont:
487 2688 677 2719 henenigniter

117 2729 166 2757 9³)
186 2728 259 2762 eum]
282 2730 363 2755 Cod.:
394 2738 507 2762 eumque

1168 2694 1217 2720 94)
1241 2695 1261 2717 1.
1282 2693 1346 2718 Cor.
1366 2694 1393 2723 5,
1413 2694 1438 2718 7.

1171 2737 1220 2764 95)
1245 2737 1332 2765 asini]
1353 2737 1393 2761 sic
1414 2737 1466 2761 iste
1488 2744 1629 2768 perperam
1651 2738 1719 2768 legit
1739 2744 1805 2768 pro:
1832 2738 1936 2767 azymi.

1603 2774 1687 2806 37*

1104 2710 1109 2757 l
