2453 3037
317 125 392 159 203
898 119 1021 154 PHIL.
1057 120 1170 155 MEL.
1207 121 1409 155 SCRIPTA
1443 122 1780 159 PHILOLOGICA.
2234 153 2239 154 κ
2287 134 2363 168 204

315 210 465 244 molestia,
496 217 561 235 cum
591 215 644 243 per
668 205 874 241 Turingiacum
903 206 1009 233 saltum
1039 212 1069 234 et
1092 206 1228 234 Nariscos
1259 213 1323 235 tuos
1353 208 1480 236 eundum
1506 209 1571 237 erit.
1625 209 1688 238 Etsi
1712 217 1740 239 te
1765 211 1883 249 quidem
1908 212 2072 239 habiturum
2097 213 2234 241 comitem
2257 215 2358 244 Ballo-

315 252 438 281 rhodum
469 250 616 284 audimus,
646 257 710 274 cum
741 257 797 284 quo
829 248 867 275 ita
898 254 984 276 erunt
1015 249 1125 285 multa,
1155 258 1229 286 quae
1253 249 1335 278 voles
1358 260 1391 278 ac
1415 252 1512 288 cupies
1538 252 1633 289 loqui,
1665 259 1695 280 et
1717 259 1827 281 tantam
1852 255 1889 282 de
1912 255 1990 282 illius
2014 252 2237 293 συνομιλήσει
2259 260 2358 296 capies

314 295 509 332 voluptatem,
543 298 573 319 ut
604 299 699 327 neque
729 289 947 318 desideraturus
977 291 1063 319 aliam
1094 291 1342 329 sublevationem,
1380 303 1477 331 neque
1506 295 1776 331 interpellationem
1806 297 1894 324 ullam
1924 297 2101 325 admissurus
2125 306 2190 325 esse
2213 300 2356 329 videaris:

314 339 424 365 Verum
452 337 479 362 in
510 333 697 371 praefectura
726 332 801 359 bunc
831 332 954 360 fortasse
986 334 1169 371 relinquetis.
1227 335 1263 361 At
1287 335 1355 363 inde
1379 337 1465 364 etiam
1489 337 1537 374 qui
1562 344 1614 364 vos
1637 345 1852 376 prosequantur
1877 340 2018 367 habebitis
2043 345 2125 368 notos
2150 339 2296 379 homines,
2325 349 2356 371 et

314 382 355 409 tui
377 378 508 415 inprimis
532 382 671 403 amantes.
720 374 826 402 Venies
849 377 954 412 etiam,
977 382 1009 403 ut
1031 377 1151 414 opinor,
1175 376 1212 403 ad
1236 378 1419 414 praesectum
1436 379 1530 417 Regio
1554 380 1661 416 monti,
1685 381 1766 408 cuius
1789 381 1954 410 humanitas
1978 389 2007 410 et
2032 383 2157 410 suavitas
2180 388 2268 421 atque
2282 394 2354 422 pro-

313 424 389 450 fecto
413 422 500 447 etiam
523 418 680 455 sapientia,
710 427 768 444 non
792 418 931 456 relinquit
955 419 1050 446 locum
1072 419 1175 447 alienis
1198 419 1454 457 disputationibus.
1498 423 1573 450 Nam
1597 423 1674 456 illie,
1705 432 1761 460 quo
1785 424 1899 461 tendis,
1923 427 1978 452 scio
2004 425 2055 452 tibi
2079 425 2153 453 tales
2176 435 2276 463 curas,
2299 436 2354 454 ne-

313 466 453 502 gotiorum
484 468 597 489 tuorum
630 461 862 497 occupationibus
891 468 921 489 et
950 462 1087 489 carissimi
1117 462 1167 489 tibi
1195 463 1278 489 amici
1309 464 1459 501 colloquiis
1491 465 1608 502 penitus
1633 475 1790 493 excussum
1818 466 1864 493 iri.
1917 467 1978 495 Sed
2002 474 2032 495 tu
2058 468 2148 495 habes
2171 468 2353 506 Sadoletum,

313 516 398 544 quem
429 504 553 531 voluisti.
604 503 674 530 Mihi
704 503 822 540 quidem
848 512 942 540 nuper
964 504 1048 532 istinc
1072 513 1191 532 reverso
1215 505 1349 542 domum,
1380 508 1543 544 regustanti
1566 508 1723 544 scriptum,
1752 508 1861 546 placuit
1888 510 2038 537 consilium
2062 511 2158 547 operis
2182 515 2211 537 et
2232 511 2352 539 imitatio

312 548 500 586 antiquitatis.
553 548 592 573 Ac
622 545 659 572 de
690 552 814 582 utraque
837 554 870 573 re
894 546 940 573 vel
966 547 1062 583 potius
1087 548 1124 575 de
1148 552 1206 574 toto
1230 556 1322 583 opere
1345 553 1426 576 tuum
1450 550 1586 577 iudicium
1610 550 1646 577 ad
1670 560 1720 578 nos
1744 551 1916 588 perscribes.
1959 552 2118 589 Casparem
2141 552 2194 581 hoc
2218 559 2352 591 tempore

311 593 377 620 hinc
402 590 563 627 expatiari,
593 588 716 615 moleste
740 588 888 623 ferebam,
918 599 982 616 euin
1006 589 1125 617 instaret
1150 582 1370 627 ἆρχαιρεσία,
1403 592 1431 618 in
1455 602 1512 629 qua
1535 592 1725 631 χειροτονία
1749 594 1837 630 ipsius
1861 599 1977 630 poterat
2000 603 2046 622 me
2071 604 2144 622 nova
2167 595 2352 623 solicitudine

312 635 449 662 liberare.
500 632 581 659 Hanc
613 630 767 667 epistolam
797 631 820 657 si
848 632 974 668 accipies
1004 639 1072 659 ante
1106 633 1163 659 iter
1195 638 1293 666 tuum,
1323 633 1370 661 fac
1400 635 1540 663 rescribas
1564 635 1661 672 nobis,
1692 636 1860 673 priusquam
1884 635 2093 673 proficiscaris,
2127 637 2180 665 hoc
2202 637 2271 665 mihi
2294 638 2351 665 erit

311 676 514 715 gratissimum.
558 674 653 702 Etiam
679 682 716 700 ex
739 673 845 700 itinere
870 674 957 701 velim
981 671 1107 712 φοιτᾶν
1129 671 1214 713 πρὸς
1237 668 1321 712 ἢμᾶς
1346 677 1446 704 literas
1471 684 1549 713 tuas,
1579 687 1636 705 non
1659 679 1753 706 solum
1775 678 1811 705 ad
1837 679 1991 706 levandam
2015 679 2228 708 solicitudinem
2243 688 2349 716 meam,

311 729 395 757 quam
420 718 559 755 relinquit
584 716 663 744 nobis
678 721 735 786 (tJua
759 717 972 753 peregrinatio,
1002 717 1054 744 sed
1076 713 1135 745 ἵνα
1159 711 1302 755 ‹pondo-³
1326 713 1368 746 ἂν
1392 714 1621 758 εὖφραίνοιεν.
1662 721 1745 749 Bene
1769 727 1799 748 et
1821 720 1950 749 feliciter
1973 721 2040 749 vale
2063 731 2129 749 cum
2151 721 2260 750 familia
2282 722 2348 749 uni-

311 771 405 789 versa.
450 761 528 788 Prid.
551 760 653 787 Iduum
706 759 821 787 ctobris.

668 840 854 871 lonchimus
878 841 1092 872 Camerarius
1117 842 1279 883 Philippo
1300 842 1557 875 Melcmchthoni
1583 844 1622 875 V.
1647 845 1858 881 Clarissimo,
1893 845 1926 876 S.
1949 845 1994 876 D.

438 905 517 932 Haec
548 903 668 940 scripsi,
705 911 767 929 cum
798 903 852 929 iam
884 909 960 930 esset
989 903 1166 940 deponenda
1193 905 1358 942 provincia,
1394 906 1459 942 vel,
1491 907 1514 934 si
1544 907 1650 942 mavis,
1678 906 1845 934 abeundum
1877 907 2047 943 magistratu
2078 908 2212 935 semestri
2240 912 2349 936 nostro.

308 950 409 987 accepi
431 953 528 974 autem
553 945 652 973 literas
676 954 732 972 uua
755 954 819 971 cuin
845 945 915 972 libro
939 955 954 972 a
975 946 1104 983 Caspai-e
1128 953 1225 975 nostro
1249 953 1311 975 tuas
1335 947 1373 975 ad
1397 957 1548 985 vesperam
1573 949 1704 976 hesterni
1727 949 1803 985 diei,
1832 958 1889 986 quo
1914 954 2046 985 tempore
2070 949 2181 987 Caspar
2204 959 2260 977 una
2284 959 2349 977 cum

308 994 428 1020 Erasmo
452 989 488 1017 ad
513 998 563 1016 nos
587 987 677 1015 venit.
721 997 754 1014 ac
778 993 837 1014 tum
861 988 979 1025 quidem
1006 989 1108 1016 librum
1133 990 1263 1028 inspexi,
1292 989 1344 1017 sed
1367 991 1445 1028 quod
1469 1000 1534 1019 cum
1557 992 1726 1029 gratissimis
1749 991 1909 1028 hospitibus
1933 991 2060 1028 colloqui
2081 992 2120 1019 de
2143 991 2275 1028 pluribus
2298 1002 2351 1020 cu-

308 1044 426 1072 perem,
456 1037 484 1058 et
515 1031 643 1058 omnibus
671 1038 767 1067 paene
798 1031 952 1058 momentis
975 1031 1184 1068 interpellat-er
1214 1033 1250 1060 ab
1274 1033 1323 1067 iis,
1354 1033 1457 1069 quibus
1480 1035 1588 1071 negotii
1610 1034 1720 1071 aliquid
1744 1043 1840 1061 coram
1863 1043 1910 1061 me
1934 1039 2013 1069 erat,
2036 1033 2139 1071 legere
2161 1033 2233 1062 nihil
2255 1035 2350 1072 potui.

306 1080 375 1107 Post
398 1084 518 1103 coenam
541 1079 637 1101 autem
661 1073 697 1100 ad
722 1073 873 1100 lucernam
896 1082 967 1101 sane
990 1074 1096 1101 multas
1121 1073 1254 1111 pagellas
1277 1074 1407 1114 confeci,
1431 1085 1463 1103 ac
1486 1077 1670 1115 praeclarum
1694 1076 1762 1103 mihi
1785 1077 1924 1113 scriptum
1947 1076 2040 1103 visum
2064 1081 2124 1111 est,
2148 1082 2178 1105 et
2199 1077 2349 1105 consimile

307 1122 428 1149 alim-um
460 1118 544 1144 huius
573 1116 681 1143 autoris
712 1115 835 1142 hominis
857 1116 1028 1152 politissitni.
1074 1118 1128 1144 etsi
1149 1118 1292 1154 quaedam
1316 1118 1345 1144 in
1366 1127 1477 1146 summa
1500 1120 1652 1156 diligentia
1675 1119 1847 1147 eruditionis
1870 1118 1948 1146 illius
1971 1119 2118 1146 desidero.
2164 1119 2348 1147 concedatur

307 1164 384 1192 enim
416 1162 470 1189 hoc
501 1167 529 1187 et
562 1158 642 1186 nobis
673 1163 704 1185 ut
727 1156 863 1185 iudicium
888 1157 1028 1186 faciainus
1058 1166 1088 1187 et
1112 1160 1150 1187 de
1173 1160 1319 1187 bominum
1344 1165 1374 1187 et
1397 1161 1435 1188 de
1459 1162 1645 1198 scriptionum
1669 1170 1781 1198 genere
1803 1162 1873 1197 isto,
1904 1161 1952 1188 vel
1975 1162 1998 1188 si
2020 1161 2071 1189 illa
2100 1162 2182 1198 quasi
2211 1162 2346 1189 divinitas

307 1203 491 1243 suspicienda
515 1208 628 1230 tantum
652 1206 696 1228 est
718 1201 815 1236 nobis,
849 1201 939 1229 veluti
965 1198 1178 1239 ἐπιχθονίοις
1201 1202 1361 1230 laudentur
1383 1212 1455 1231 sane
1479 1210 1509 1232 et
1530 1205 1707 1241 pulcerrima
1730 1212 1795 1231 esse
1817 1202 2030 1241 perhibeantur
2052 1204 2203 1239 universa,
2233 1204 2285 1232 sed
2309 1204 2347 1231 de

305 1249 351 1277 his
374 1256 468 1275 coram
491 1244 658 1282 aliquando.
703 1243 804 1270 Meum
826 1244 883 1271 iter
906 1243 1001 1271 adhuc
1024 1244 1177 1279 differtur,
1199 1250 1366 1272 remorante
1388 1255 1441 1274 nos
1457 1247 1653 1282 Ballorhodo,
1677 1247 1726 1284 qui
1750 1246 1876 1282 primum
1899 1251 2014 1273 terrore
2031 1246 2156 1283 quodam
2174 1247 2348 1274 narrationis

306 1292 379 1319 illud
411 1288 537 1324 retudit,
568 1295 645 1315 nunc
674 1287 835 1313 cessatione
858 1295 909 1313 sua
933 1288 1074 1315 retardat.
1127 1287 1336 1315 constituimus
1360 1295 1458 1317 tamen
1480 1289 1517 1317 ad
1541 1289 1619 1316 diem
1640 1289 1805 1326 proximum
1829 1288 1921 1316 Xllll.
1945 1288 2009 1316 Cal.
2031 1288 2174 1317 Novemb.
2199 1289 2272 1316 illud
2295 1298 2348 1316 nos

304 1336 485 1370 ingressuros
509 1339 581 1358 esse.
626 1330 672 1356 Te
696 1329 742 1355 vix
766 1334 871 1365 putant
893 1328 948 1356 huc
973 1336 1128 1358 venturum
1152 1330 1188 1358 ad
1211 1331 1345 1367 nuptias,
1367 1330 1498 1359 futurum
1521 1332 1600 1359 enim
1621 1332 1686 1359 istic
1708 1332 1897 1366 dictatorem,
1921 1336 1951 1358 ut
1972 1336 2002 1358 tu
2020 1331 2166 1368 appellas.
2210 1331 2257 1359 De
2268 1331 2346 1359 libro

304 1377 378 1405 scire
402 1375 504 1412 cupio,
526 1373 605 1400 cuius
629 1372 679 1399 ille
702 1371 752 1407 sit,
777 1377 807 1399 ut
831 1371 956 1408 pretinm
981 1373 1124 1410 solvatur,
1153 1382 1220 1400 nam
1241 1373 1305 1400 volo
1329 1382 1394 1401 eum
1421 1375 1559 1403 retinere.
1604 1374 1689 1402 Nunc
1712 1373 1750 1401 ad
1773 1379 1801 1401 te
1825 1374 1909 1401 venio
1933 1382 1997 1400 cum
2021 1374 2163 1410 petitione
2185 1382 2275 1411 parva
2295 1374 2346 1401 illa

304 1419 422 1457 quidem
455 1423 483 1444 et
513 1416 609 1451 sacili,
640 1415 691 1442 sed
724 1423 809 1451 quam
840 1414 962 1442 obtineri
992 1416 1148 1452 plurimum
1180 1417 1305 1444 interest
1327 1416 1405 1452 eius,
1436 1418 1480 1445 cui
1504 1427 1555 1444 nos
1578 1418 1653 1444 lianc
1676 1425 1795 1453 operam
1820 1416 1930 1443 damus.
1987 1415 2047 1442 Res
2071 1421 2170 1443 autem
2193 1416 2266 1444 haec
2290 1421 2344 1443 est.

304 1462 411 1489 Noster
434 1460 530 1496 Papa,
559 1459 581 1485 is
606 1459 648 1484 vir
674 1466 760 1494 quem
785 1456 822 1483 de
845 1458 1026 1485 sermonibus
1051 1460 1155 1486 nostris
1181 1459 1356 1495 cognovisti,
1388 1459 1417 1486 id
1440 1466 1501 1496 est,
1531 1461 1613 1496 pius,
1643 1459 1765 1496 probus,
1789 1458 1932 1495 diligens,
1963 1452 2167 1496 ἀχρήματος,
2190 1464 2256 1497 post
2280 1458 2344 1485 edi-

304 1512 364 1533 tum
389 1512 404 1530 a
429 1511 473 1529 me
497 1501 639 1539 permissu
664 1505 712 1527 tuo
735 1499 952 1526 Gratnmaticae
976 1500 1110 1528 Graecae
1133 1501 1282 1535 libellum,
1312 1501 1399 1527 etiam
1423 1502 1557 1529 Latinum
1583 1502 1718 1529 emittere
1744 1507 1844 1538 parat,
1875 1510 1942 1528 eum
1965 1509 2051 1537 quem
2076 1500 2214 1537 Micyllus
2244 1506 2345 1528 noster

303 1545 458 1575 verissimis
480 1554 496 1571 a
520 1550 548 1571 te
571 1548 690 1571 ornatus
715 1541 861 1578 laudibus,
886 1542 1031 1579 quondam
1054 1543 1135 1571 dedit
1159 1544 1239 1570 nobis
1262 1543 1411 1581 aliquanto
1433 1545 1606 1581 pleniorerm
1651 1544 1711 1570 Hoc
1734 1543 1798 1570 fieri
1822 1548 1851 1570 te
1874 1543 1984 1570 sciente
2008 1548 2039 1570 et
2061 1542 2265 1571 consentiente
2288 1543 2343 1570 mi-

303 1590 384 1617 rifice
416 1588 476 1614 vult
507 1593 533 1613 et
564 1587 689 1620 laborat,
720 1589 749 1611 et
780 1584 806 1611 in
832 1584 885 1611 hoc
911 1594 966 1611 non
991 1590 1050 1613 tam
1072 1595 1237 1613 successum
1261 1594 1374 1613 omnem
1400 1587 1534 1614 editionis
1559 1587 1645 1615 situm
1668 1594 1747 1617 esse,
1785 1595 1870 1623 quam
1894 1586 2139 1613 existimationem
2162 1595 2245 1614 suam
2269 1585 2343 1613 verti

303 1632 469 1660 arbitratur.
515 1625 653 1665 (onfugit
676 1627 763 1665 igitur
786 1626 823 1654 ad
848 1636 894 1654 me
919 1633 949 1655 et
972 1627 1194 1656 intercessorem
1219 1638 1265 1656 ine
1287 1628 1341 1655 sibi
1364 1638 1429 1656 esse
1452 1630 1576 1666 expetit.
1622 1630 1811 1665 Quapropter
1834 1634 1879 1664 te,
1909 1629 1948 1655 mi
1970 1626 2124 1665 Philippe,
2148 1629 2342 1656 veliementer

303 1676 390 1703 etiam
418 1678 506 1709 atque
538 1673 622 1699 etiam
653 1680 721 1707 rogo
735 1669 781 1706 *)‚
813 1670 937 1707 primum
969 1676 997 1697 ut
1029 1671 1056 1697 in
1088 1671 1140 1699 bac
1164 1680 1196 1698 rc
1220 1672 1316 1708 Papae
1340 1671 1485 1699 desiderio
1509 1673 1693 1709 obsequaris,
1728 1676 1757 1697 et
1780 1670 1848 1697 mihi
1871 1670 2059 1707 gratificeris,
2091 1672 2139 1708 qui
2162 1671 2206 1698 illi
2233 1671 2341 1708 optime

303 1717 406 1755 cupio,
429 1716 475 1742 vel
500 1716 522 1741 si
547 1720 575 1742 tu
600 1714 684 1741 aliter
709 1721 847 1748 censeaS,
870 1713 908 1740 de
931 1712 986 1739 hoc
1009 1713 1097 1741 etiam
1125 1723 1170 1741 me
1194 1715 1299 1741 reddas
1324 1715 1488 1743 certiorem.
1536 1712 1607 1742 Vale
1632 1714 1700 1741 mihi
1723 1713 1889 1740 suavissime
1913 1713 2061 1750 Philippo.
2102 1713 2207 1741 Nostra
2230 1712 2341 1740 familia

302 1764 492 1797 peramanter
512 1765 541 1785 te
565 1764 593 1784 et
618 1762 681 1783 tuos
705 1764 805 1782 omnes
828 1755 952 1791 salutat,
975 1756 1020 1782 Te
1045 1766 1114 1783 vero
1138 1756 1296 1784 officiosis&
1316 1756 1354 1785 G.
1371 1757 1474 1784 Comes
1498 1763 1606 1785 noster.
1654 1757 1761 1784 lterum
1781 1756 1863 1789 vale,
1887 1755 2140 1783 XV11.‹Jatendas
2157 1755 2337 1784 Novembris.

490 1839 670 1879 Philippus
693 1837 929 1868 Melanchthon
953 1838 1124 1869 Ioacltz'mo
1150 1840 1340 1870 Comei-ario
1364 1838 1507 1879 Puberg.
1536 1840 1574 1870 Γ.
1599 1846 1666 1879 opt.
1690 1842 1796 1869 arnico
1825 1839 1857 1868 S.
1883 1848 2026 1874 summo,
2058 1837 2092 1868 S.
2116 1838 2160 1869 D.

392 1911 398 1918 ’
430 1906 503 1931 Sunt
527 1901 644 1938 quidem
668 1900 810 1927 scolastici
834 1901 1016 1937 magistratus
1040 1902 1177 1939 opinione
1203 1902 1359 1929 multorum
1383 1911 1480 1939 neque
1504 1903 1645 1937 dignitate
1669 1907 1869 1939 praestantes,
1901 1907 1930 1927 et
1955 1901 2085 1928 laborum
2109 1907 2198 1938 atque
2221 1902 2340 1939 pericu-

302 1950 395 1976 lorum
418 1945 607 1983 singularium
632 1949 788 1979 expertes:
834 1943 934 1980 thue
958 1944 1109 1971 doctorum
1133 1944 1275 1981 sapientia
1297 1943 1398 1983 χολὴν
1432 1938 1490 1972 οὖκ
1521 1941 1608 1982 ἔχειν
1634 1945 1820 1981 perhibetur:
1858 1944 1896 1970 ita
1919 1942 2021 1970 borum
2045 1944 2122 1972 iuter
2147 1944 2223 1981 ipsos
2246 1944 2340 1971 admi-

302 1991 432 2019 nistratio
449 1989 523 2016 lenis
538 1994 567 2015 et
591 1986 705 2024 placida
730 1992 758 2012 et
783 1991 845 2013 tnta
867 1994 932 2013 esse
956 1987 1095 2015 creditur.
1141 1988 1185 2014 'su
1212 1992 1308 2015 tamen
1332 1988 1463 2025 profecto
1487 1994 1517 2015 et
1542 1988 1655 2015 sensisti
1678 1997 1755 2014 nunc
1780 1987 1865 2013 etium
1889 1992 1997 2022 ‹pianta
2021 1987 2154 2013 molestia
2174 1986 2211 2014 sit
2233 1983 2271 2016 ὲν
2293 1985 2340 2025 τῷ

302 2030 434 2072 ἄρχειν,
459 2038 487 2059 et
505 2036 647 2058 semestre
667 2034 746 2056 tuum
765 2028 878 2056 finitum
900 2038 966 2056 esse
990 2030 1074 2057 valde
1099 2030 1224 2057 laetaris.
1270 2032 1367 2068 Atque
1391 2036 1488 2058 essent
1512 2030 1635 2057 sortasse
1660 2031 1687 2056 in
1712 2030 1817 2057 nostris
1842 2025 2091 2065 πολιτεύμασιν
2113 2028 2210 2058 facilia
2234 2027 2340 2066 omnia,

302 2078 324 2104 si
357 2086 412 2102 non
444 2073 610 2103 scolasticus
641 2071 711 2098 ordo
738 2071 889 2108 iniquitate
912 2072 1036 2108 quadam
1062 2073 1108 2100 vel
1133 2072 1283 2100 bominum
1306 2074 1352 2101 vel
1378 2079 1541 2111 temporum
1567 2073 1695 2109 graviter
1718 2072 1873 2099 laboraret.
1924 2071 2101 2108 Experimin-
2124 2073 2201 2100 enim
2226 2073 2255 2100 in
2277 2072 2339 2101 dies

302 2128 419 2152 magnas
442 2123 471 2145 et
493 2115 630 2143 difficiles
651 2113 884 2150 adversationes,
909 2124 974 2142 cum
997 2115 1098 2152 quibus
1123 2116 1203 2142 nobis
1227 2121 1269 2143 est
1296 2116 1481 2151 luctandum,
1505 2115 1607 2153 impari
1630 2115 1746 2152 quidem
1770 2120 1932 2151 apparatu,
1958 2122 1986 2142 et
2011 2115 2166 2143 admodum
2192 2115 2339 2142 dissimili-

302 2163 353 2189 bus
377 2161 475 2196 copiis.
521 2159 594 2185 lN'am
620 2158 722 2193 quibus
746 2166 796 2183 nos
819 2157 905 2184 rebus
928 2158 1061 2186 instructi
1085 2168 1200 2191 sumus,
1225 2158 1253 2185 id
1277 2165 1339 2195 est,
1370 2159 1548 2186 humanitate
1571 2164 1599 2185 et
1626 2158 1716 2185 literis
1739 2163 1767 2184 ot
1793 2157 1929 2184 mediocri
1954 2158 2116 2186 eruditione
2139 2167 2172 2185 ac
2197 2157 2338 2194 doctrina,

302 2213 355 2231 eae
381 2212 476 2239 neque
500 2201 600 2228 firmae
623 2200 691 2227 satis
713 2199 749 2226 ad
774 2200 1004 2239 protegendum,
1029 2211 1125 2238 neque
1150 2201 1263 2228 validae
1286 2201 1322 2228 ad
1347 2202 1568 2229 defendendum
1593 2201 1781 2237 reperiuntur
1806 2200 1856 2227 boc
1882 2207 2033 2238 tompore,
2055 2210 2111 2238 quo
2133 2201 2221 2227 animi
2244 2200 2338 2227 homi-

302 2256 369 2273 num
395 2245 558 2271 divitiarum
585 2249 612 2270 et
638 2242 784 2279 potentiae
809 2243 967 2279 splendore
992 2244 1085 2281 capti,
1119 2243 1225 2270 favoris
1249 2250 1278 2271 et
1302 2244 1522 2272 existimationis
1547 2243 1628 2280 quasi
1654 2243 1760 2269 viribus
1783 2243 1936 2271 destitutas
1960 2244 2024 2271 illas
2049 2242 2209 2271 imbecilles
2232 2248 2262 2270 et
2283 2240 2337 2272 ὲν-

302 2285 451 2325 νικὴτονς
483 2286 643 2321 relinqunt.
693 2284 767 2311 Nam
799 2285 875 2321 quod
900 2286 936 2313 sit
959 2286 1189 2313 adversariorum
1212 2287 1314 2323 robur,
1344 2296 1418 2325 quae
1442 2293 1470 2315 et
1494 2296 1579 2323 <piam
1605 2286 1694 2312 densa
1718 2287 1850 2323 agmina,
1881 2296 1955 2323 quae
1980 2287 2103 2313 virorum
2128 2294 2336 2322 armorumque

302 2331 468 2365 instructio,
499 2327 567 2355 nibil
599 2333 642 2354 est
673 2336 793 2353 necesse
825 2329 980 2364 perscribi,
1012 2329 1183 2366 praesertim
1209 2329 1243 2356 ad
1270 2336 1316 2365 te,
1350 2340 1435 2366 quem
1460 2329 1566 2357 certius
1588 2329 1683 2355 onmia
1706 2338 1791 2366 quam
1816 2329 1925 2364 velles,
1957 2338 2011 2355 uon
2036 2328 2182 2355 audiendo
2205 2327 2257 2355 sed
2281 2336 2335 2354 ex-

301 2372 443 2411 periundo
473 2371 649 2407 comperisse
680 2370 747 2397 scio.
799 2372 892 2407 Atque
922 2371 1029 2398 utinam
1061 2377 1137 2399 esset
1166 2371 1243 2399 inter
1274 2381 1323 2399 eos
1356 2373 1440 2400 modo
1473 2371 1625 2399 concordia
1655 2376 1683 2398 ct
1715 2372 1876 2399 animorum
1908 2372 2147 2407 voluntatumque
2171 2370 2335 2406 consensio,

301 2424 422 2453 quorum
447 2424 520 2442 nnus
542 2413 612 2440 ordo
636 2418 679 2439 est
704 2412 758 2439 καὶ
781 2412 844 2449 μία
864 2413 914 2446 τὶς
937 2409 1010 2441 οἷον
1034 2413 1222 2453 συμμορία,
1247 2423 1344 2452 neque
1368 2416 1394 2442 in
1418 2415 1600 2452 professione
1626 2414 1799 2451 pulcerrima
1823 2415 1995 2452 optimarum
2020 2414 2169 2441 literarum
2185 2421 2213 2440 et
2229 2412 2334 2440 artium

300 2464 514 2495 usurparentur
540 2455 714 2482 alienissima
744 2456 838 2482 studia
868 2457 1046 2493 pertinaciae
1069 2464 1097 2485 et
1122 2458 1366 2494 malevolentiae,
1400 2458 1438 2485 ita
1469 2458 1545 2485 euim
1577 2457 1679 2484 melius
1705 2457 1748 2483 vel
1775 2457 1905 2485 cedendo
1930 2457 1975 2483 vel
1999 2455 2180 2491 dimicando,
2215 2455 2238 2482 si
2262 2463 2334 2492 opus

300 2507 395 2536 esset,
425 2501 548 2527 salutern
580 2506 728 2534 possemus
760 2499 851 2534 tueri,
888 2508 954 2526 nam
986 2500 1156 2534 dignitatem
1188 2501 1264 2538 «prod
1296 2509 1448 2538 speremus
1480 2500 1549 2527 nibil
1581 2506 1642 2535 est,
1676 2510 1761 2536 quani
1793 2509 1908 2537 prorsus
1930 2499 2083 2526 ainisiums.
2134 2498 2209 2525 Dicit
2235 2503 2334 2525 noster

301 2545 369 2571 civis
392 2541 605 2570 Demosthenes
637 2539 812 2576 locupletem
846 2550 908 2567 esse
940 2543 1146 2579 rempublicam
1178 2553 1260 2579 esun,
1293 2552 1368 2580 qnae
1390 2544 1528 2570 sociemu—
1554 2548 1583 2569 et
1607 2542 1664 2569 sule
1689 2548 1714 2569 vt
1743 2542 1945 2570 benevolentia
1968 2548 2124 2577 augeatur,
2156 2541 2257 2578 quibus
2281 2550 2333 2567 no-

300 2593 376 2613 strae
408 2586 470 2612 scre
502 2584 723 2610 coiunutuitutvs
757 2592 939 2620 nequaquam
969 2586 1126 2615 abundant.
1178 2586 1237 2612 Sed
1269 2586 1340 2612 baec
1370 2585 1407 2612 de
1439 2586 1561 2622 quodam
1594 2594 1678 2612 sensu
1714 2585 1846 2612 miseriae
1877 2590 1993 2611 nostrae
2023 2583 2164 2620 copiosius
2187 2582 2332 2620 disputavi

301 2639 385 2665 cpiam
411 2628 506 2655 debui.
554 2626 588 2653 1⁴31
614 2624 797 2657 cogitandum
827 2627 906 2653 nobis
931 2633 989 2662 est,
1015 2638 1078 2655 cuni
1103 2634 1200 2656 nostra
1224 2628 1331 2656 delicta
1356 2634 1411 2655 tam
1437 2629 1539 2664 prioris
1563 2638 1646 2665 quain
1671 2628 1854 2664 quotidianae
1878 2627 1952 2654 vilae
1977 2627 2083 2654 mereri
2106 2626 2332 2654 animadversio-

341 2754 363 2781 ἦ)
384 2750 480 2782 rogos]
507 2752 553 2774 Ed.
576 2752 648 2775 1550.
670 2754 778 2782 typogr,
801 2759 910 2776 errore:
938 2759 1015 2781 roga,
