2389 3037
81 128 130 164 61
615 125 738 162 XCIV.
792 124 1125 162 GRAMMATICA
1159 126 1354 164 GRAECA
1388 128 1618 166 1NTEGRA.

523 214 644 250 ΛΥΣ.

185 271 227 307 In
253 288 322 316 αυς
346 276 441 309 inter
466 275 636 308 anomala
665 282 917 317 recensentur,
962 286 1088 320 quam-

82 335 192 371 quam
224 328 401 372 regularis
432 326 477 362 sit
510 325 717 362 declinatio.
785 327 941 362 Variant
965 332 1088 360 autem

81 388 184 412 casus
201 380 469 425 multipliciter,
505 384 646 412 tantum
673 386 824 425 propter
851 385 1086 426 cognatarum

79 426 270 462 literarum
290 442 334 475 α,
360 443 403 476 η,
433 442 449 464 ε
474 427 738 470 mutationem,
764 437 805 463 ut

93 477 130 512 S·
158 477 181 525 ἢ
198 483 293 521 ναῦς
307 479 371 516 καὶ
388 481 481 527 νηῦς
535 479 592 513 Sic
608 484 741 529 γραῦς.

158 533 225 576 τῆς
239 530 331 572 ναὸς
349 531 413 568 καὶ
428 527 538 577 νηός,
566 538 601 565 et
616 532 708 573 νεώς
724 532 840 566 Attice

157 584 205 628 τῇ
218 582 287 619 ναῒ
299 582 364 619 καὶ
380 583 448 630 νηΐ

158 632 230 679 τὴν
245 634 322 670 νάα
341 634 405 671 καὶ
424 637 497 680 νῆα

159 680 191 719 ὦ
206 689 318 729 ναῦς,
344 685 409 722 καὶ
423 688 519 728 ναῦ,
548 683 612 721 καὶ
629 687 732 732 νηῦς.

80 733 127 769 D.
154 733 202 771 τὰ
219 737 286 773 νάε
303 736 367 772 καὶ
382 740 448 773 νῒε

159 790 248 824 ταῖν
261 790 373 824 ναοῒν
386 787 450 823 καὶ
466 788 588 834 νηοῖν.

92 837 135 873 Ρ.
163 838 203 874 αἱ
222 843 327 882 νᾶες,
354 841 460 886 νῆες,
486 838 565 879 νέες

156 893 236 927 τῶν
253 894 383 937 ναῶν,
409 893 534 938 νηῶν,
562 892 661 926 νεῶν

156 944 241 983 ταῖς
258 942 392 985 ναυσί,
420 941 556 990 νηυσί,
583 940 711 987 νήεσσι

157 992 226 1034 τὰς
240 996 354 1041 νῆας,
381 993 487 1035 νέας,
513 996 627 1035 ναῦς,
656 995 748 1039 νηῦς

158 1041 190 1082 ὦ
206 1048 314 1088 νᾶες,
342 1048 445 1092 νῆες,
470 1044 549 1085 νέες
561 1045 621 1091 5¹⁵).

526 1123 560 1156 Ε
566 1123 643 1156 ΥΣ.

183 1190 225 1225 In
241 1204 303 1231 ευς
319 1191 469 1226 nomina
485 1192 531 1224 ad
549 1191 693 1224 tertiam
709 1196 979 1224 contractorum
999 1189 1087 1222 clas—

79 1255 154 1279 sem
183 1244 389 1288 pertinent,
432 1249 576 1288 praeter
599 1255 712 1276 unum
738 1241 954 1282 anomalon,
988 1241 1087 1286 quod

78 1296 236 1328 formam
255 1295 394 1329 ordinis
408 1301 592 1340 utcunque
609 1300 749 1335 tuetur,
777 1292 883 1332 Ζεύς.

95 1347 132 1381 S.
161 1344 181 1382 ὃ
197 1343 293 1386 Ζεύς

156 1399 227 1433 τοῦ
243 1394 367 1443 Ζηνός

154 1450 210 1496 τῷ
224 1447 322 1495 Ζηνί

113 1530 116 1531 ⁷
155 1499 225 1536 τὸν
243 1502 350 1546 Ζῆνα

157 1548 188 1587 ὦ
207 1554 297 1587 Ζεῦ.

182 1603 354 1638 Admittit
379 1609 414 1636 et
440 1603 546 1636 aliam
571 1602 748 1642 formam,
790 1599 812 1644 ζ
834 1601 871 1633 in
897 1598 922 1635 δ
944 1605 1084 1633 mutato

77 1667 146 1701 pro
163 1662 294 1689 natura
311 1655 436 1688 literae
454 1652 485 1698 ζ.

91 1707 127 1742 S.
155 1705 175 1742 ὃ
193 1703 289 1746 Ζεύς

156 1761 226 1793 τοῦ
243 1755 333 1795 Διός

156 1810 212 1856 ’τῷ
228 1807 297 1842 Διΐ

156 1859 225 1895 τὸν
243 1856 318 1894 Δία

156 1907 188 1947 ὦ
207 1912 284 1946 Ζεῦ

79 1962 180 2004 υἱεύς
196 1963 277 1996 vide
296 1961 389 1995 infra
407 1961 451 1994 de
467 1961 657 1996 anomalis.

527 2039 642 2075 ΟΥΣ.

182 2109 374 2154 Multiplex
405 2107 522 2140 forma
556 2113 608 2140 est
638 2105 827 2139 nominum
862 2117 926 2144 ους
954 2103 1081 2138 finien-

77 2162 181 2196 tium.
216 2161 406 2207 Quaedam
425 2158 521 2192 enim
538 2158 715 2203 genitivos
733 2170 797 2203 per
817 2170 944 2198 οντος,
973 2168 1082 2202 quae-

42 2254 45 2259 (
76 2215 160 2248 dam
188 2225 254 2258 per
280 2210 387 2253 οδος,
429 2211 606 2257 quaedam
643 2223 708 2255 per
743 2222 856 2254 ωτος,
901 2210 1079 2254 quaedam

76 2265 288 2311 simpliciter
305 2265 343 2297 in
358 2276 419 2307 ος,
441 2269 579 2297 mutata
596 2276 640 2303 υς
656 2260 873 2308 diphthongi
891 2267 1013 2306 parte,
1041 2267 1082 2295 ut

90 2319 126 2353 S.
156 2315 176 2353 ὃ
193 2313 306 2355 ὀδούς
316 2315 362 2361 5¹³)

152 2372 222 2405 τοῦ
241 2364 397 2407 ὀδόντος

154 2423 209 2468 τῷ
228 2418 357 2455 ὀδόντι

155 2471 223 2508 τὸν
239 2469 379 2507 ὀδόντα

155 2520 186 2560 ὦ
203 2521 327 2562 ὀδούς.

114 2643 163 2671 55)
183 2644 270 2666 ΛΥΣ.
289 2653 323 2658 —
343 2639 422 2672 νέες]
448 2641 515 2664 haec
540 2638 567 2663 in
587 2638 672 2662 Editt.
690 2638 881 2663 1522—1541.
902 2637 1082 2662 declinationi

149 2677 290 2701 nominum
309 2677 337 2700 in
357 2684 399 2703 αις
418 2676 444 2699 et
462 2682 498 2702 εις
517 2675 692 2705 praecedunt.

112 2730 161 2757 56)
183 2727 196 2752 ὃ
216 2726 286 2755 πούς
306 2730 355 2752 etc.
376 2729 402 2751 et
422 2724 435 2750 ὁ
456 2724 536 2755 ὀδούς
556 2729 606 2752 etc.
628 2726 654 2751 in
669 2726 964 2752 Editt.1522-1541.
984 2726 1082 2751 ordine

149 2765 263 2788 inverso
282 2763 426 2794 proposita
444 2764 516 2787 sunt.

2101 132 2151 168 62

1142 214 1188 250 D.
1223 215 1277 252 τα)
1297 214 1430 253 ὀδόντε

1219 270 1302 302 τοῖν
1319 267 1505 304 ὀδόντων.

1142 317 1183 352 Ρ.
1221 317 1256 353 οἱ
1272 316 1424 356 ὀδόντες

1220 372 1297 404 τῶν
1312 365 1484 404 ὀδόντων

1221 422 1299 460 τοῖς
1317 419 1449 456 ὀδοῦσι

1220 470 1308 511 τοῦς
1329 468 1488 511 ὀδόντας

1219 518 1251 558 ὦ
1267 521 1430 562 ὀδόντες.

1159 573 1192 608 8.
1222 574 1242 611 ὅ
1262 574 1354 615 πούς
1370 573 1418 621 ⁵⁶)

1220 630 1290 663 τοῦ
1307 623 1423 664 ποδός

1220 681 1276 726 τῷ
1292 677 1382 714 ποδί

1220 729 1289 766 τὸν
1305 728 1406 766 πόδα

1222 778 1251 816 οἶ
1269 781 1380 821 πούς.

1143 831 1187 866 Ι).
1222 831 1277 868 τα)
1297 830 1394 868 ποδέ

1219 886 1303 920 τοῖν
1321 882 1467 920 ποδοῖν.

1154 935 1196 970 Ρ.
1226 936 1260 971 οἱ
1278 934 1387 975 πόδες

1221 990 1298 1022 τῶν
1317 985 1448 1022 ποδῶν

1221 1040 1298 1078 τοῖς
1314 1037 1403 1074 ποσί

1220 1088 1309 1129 τοῦς
1323 1087 1443 1129 πόδας

1219 1138 1250 1177 ὦ
1265 1139 1387 1181 πόδες.

1158 1192 1193 1228 S.
1221 1192 1264 1228 τὸ
1281 1189 1348 1232 οὖς

1219 1247 1289 1280 τοῦ
1306 1241 1399 1284 ὠτός

1219 1298 1275 1344 τῷ
1291 1294 1359 1331 ὠτί

1219 1346 1263 1382 τὸ
1283 1344 1348 1387 οῦς

1218 1395 1249 1434 ὦ
1266 1396 1342 1438 οῦς.

1139 1449 1184 1484 D.
1221 1448 1274 1485 τώ
1288 1446 1359 1485 εὖτε

1217 1502 1300 1537 τοῖν
1318 1500 1442 1537 ώτοῖν.

1152 1553 1194 1587 Ρ.
1223 1549 1270 1588 τὰ
1288 1549 1367 1588 ὦτα

1217 1605 1296 1641 τῶν
1314 1604 1425 1640 ὠτιῦν

1217 1658 1295 1696 τοῖς
1310 1656 1401 1702 ὠσί,
1429 1656 1539 1692 οὔασι

1218 1708 1264 1744 τά
1283 1705 1381 1751 ὦτα,
1412 1708 1542 1744 οὔατα.

1504 1191 1543 1225 Id
1570 1203 1655 1225 vero
1684 1193 1833 1238 quidam
1869 1200 2015 1227 censent
2048 1195 2148 1229 inde-

1452 1243 1638 1285 clinabile,
1669 1251 1702 1278 et
1726 1245 1771 1278 ab
1802 1257 1843 1278 eo
1862 1246 2031 1291 usurpari
2048 1259 2148 1282 casus

1450 1297 1494 1329 ab
1513 1295 1604 1336 οὖας
1622 1295 1776 1341 οὔατος,
1806 1303 1840 1331 et
1855 1295 1959 1338 ὠτός.

1527 1559 1563 1586 et
1580 1553 1750 1600 frequens
1770 1552 1890 1589 οὔατα

1243 1768 1398 1814 Reliqua
1429 1769 1466 1801 in
1496 1781 1560 1808 ους
1586 1768 1687 1802 varie
1715 1768 1926 1809 flectuntur,
1973 1781 2016 1808 υς
2045 1767 2081 1800 in
2107 1781 2145 1807 ος

1138 1821 1331 1854 mutantia.

1152 1872 1186 1906 S.
1216 1870 1235 1908 ὃ
1254 1875 1345 1912 νοῦς
1451 1871 1507 1905 Sic
1529 1878 1563 1905 et
1579 1871 1674 1919 βοῦς
1690 1872 1896 1907 declinabis.

1268 1927 1283 1933 ιν
1359 1920 1367 1932 Ι

1214 1937 1282 1959 του
1303 1936 1388 1962 νοος

1215 1978 1270 2021 τῷ
1287 1975 1352 2010 νοΐ

1212 2026 1282 2062 τὸν
1298 2026 1388 2071 νόα,
1414 2030 1508 2062 νοῦν

1214 2075 1245 2114 ὦ
1263 2082 1343 2114 νοῦ.

1136 2129 1181 2163 D.
1212 2129 1266 2165 wi
1284 2127 1347 2165 νόε

1213 2184 1297 2217 τοῖν
1314 2179 1431 2217 νόοιν.

1147 2233 1188 2267 Ρ.
1217 2234 1251 2269 οἱ
1269 2231 1370 2277 νόες,
1398 2236 1487 2273 νοῦς

1212 2288 1289 2320 τῶν
1309 2288 1409 2320 νοῶν

1212 2338 1291 2376 τοῖς
1306 2334 1418 2372 νουσί

1211 2387 1300 2427 τοὺς
1318 2386 1421 2429 νόας,
1449 2389 1538 2426 νοῦς

1213 2437 1244 2474 ὦ
1262 2437 1360 2485 νόες,
1389 2442 1490 2478 νοῦς.

1240 2490 1410 2537 Idemque
1430 2502 1564 2525 nomen
1582 2491 1673 2525 sicut
1690 2497 1724 2524 et
1742 2491 1914 2536 pleraque
1938 2489 2007 2523 alia
2031 2488 2136 2523 huius

1135 2545 1294 2584 formae,
1325 2544 1431 2577 etiam
1461 2544 1497 2577 in
1527 2544 1632 2577 tertio
1657 2544 1783 2577 ordine
1812 2543 2013 2577 declinatur
2026 2541 2071 2587 ⁵⁷)
2097 2546 2135 2574 ut

1134 2595 1265 2643 πλόος2
1290 2594 1385 2642 ῥόος.

1168 2724 1217 2753 57)
1236 2723 1314 2747 huius
1341 2737 1375 2740 -
1399 2722 1570 2752 declinatur]
1605 2722 1646 2747 sic
1678 2723 1763 2748 Editt.
1790 2721 1863 2746 1542.
1882 2727 1957 2751 sqq.;
1993 2719 2021 2744 in
2049 2719 2132 2743 Editt.

1204 2759 1312 2784 1522-
1323 2759 1398 2785 1541,
1418 2760 1526 2784 desunt.
