2389 3037
79 114 156 152 573
261 113 305 149 V.

79 200 226 238 Moloch
264 201 428 235 omnium
465 207 543 234 erat
577 199 858 245 speciosissimus
894 206 930 234 et
963 206 1086 233 tamen

79 267 260 291 summum
280 253 509 288 mendacium
521 280 530 293 ,
556 253 639 299 quia
657 251 822 287 homines
839 254 884 286 ad
903 251 1086 287 lustratio-

78 320 161 341 nem
179 307 495 341 dilectissimorum
516 305 673 339 filiorum
693 306 860 350 adigebat
877 311 911 338 et
935 302 1086 337 horren-

78 361 124 394 da
149 358 268 399 Idola,
303 361 363 395 bag
396 359 448 393 ein
476 356 598 402 menfcb
622 356 688 399 scin
715 358 806 404 cigen
832 358 922 393 finnt
948 357 1086 401 miitgen

77 412 150 456 5011,
178 412 269 446 sicut
288 411 325 444 in
341 418 489 456 papatu,
519 424 590 456 quo
609 413 689 456 quis
705 411 825 455 plures
844 410 889 443 ad
907 415 1087 442 monaste-

78 465 173 498 rium
193 463 422 503 detrusisset,
452 476 493 496 eo
513 463 672 497 sanctior
688 461 900 496 habebatur.
945 460 1088 494 Deinde

79 516 179 562 quod
204 515 381 549 Diabolus
407 513 608 549 homicidas
631 515 793 562 quotidie
817 520 950 552 tentet,
985 525 1089 558 expe-

78 567 208 601 rientia
234 568 320 602 satis
344 568 578 613 comprobat,
621 579 734 613 quare
767 566 835 601 sibi
863 565 1014 613 quilibet
1044 565 1088 598 ab

79 632 121 654 eo
139 626 281 661 caveat,
311 626 487 666 quantum
505 626 635 665 potest.
691 618 921 653 Mendacium
947 624 999 652 est
1017 617 1090 651 Pa-

77 684 169 718 pae,
196 670 434 706 homicidium
457 678 508 706 est
525 671 686 713 Turcae,
716 683 802 705 crux·
828 677 860 704 et
888 669 1089 714 persecutio

79 724 184 769 tebtet
201 735 266 760 nur
285 725 334 760 bie
353 725 473 770 gfilben
492 722 595 764 fiinst.

106 809 309 845 CLXXXV.
349 810 637 844 Mendacium
665 817 729 843 est
758 810 1065 855 quadruplex.

184 871 310 905 Primo
329 877 381 905 est
398 871 560 905 iocosum
573 898 582 911 ,
613 872 662 907 ein
683 876 779 917 gutet·
800 869 998 915 [etbeth'cber
1015 872 1091 915 bofit

79 936 152 971 quo
169 923 395 957 delectantur
412 921 578 957 homines
596 925 652 957 vel
673 924 805 968 gaudio
827 925 987 970 quodam
1016 923 1091 956 affi-

81 976 236 1010 ciuntur.

81 1087 153 1114 tate
178 1079 276 1119 fluit,
314 1086 353 1114 ut
378 1081 566 1125 proximus
594 1093 636 1113 co
661 1087 844 1117 serxetur,
893 1079 1006 1126 quale,
1024 1079 1092 1113 fuit

80 1129 263 1172 Abrahae,
281 1144 362 1166 cum
382 1132 516 1166 diceret
525 1133 652 1167 Saram
671 1145 834 1166 sororem
853 1145 954 1167 suam
972 1132 1092 1172 fuisse,

81 1192 117 1219 et
147 1196 241 1231 quae
276 1191 329 1219 est
352 1183 485 1219 Elisaei
511 1184 546 1219 4.
570 1184 710 1229 Regum
743 1197 819 1230 cap.
836 1185 891 1219 6.:
928 1184 1013 1219 Non
1041 1191 1093 1218 est
1118 1216 1120 1226 ζ

561 1236 726 1271 Tertium
758 1243 808 1272 est
833 1236 1093 1282 perniciosum,
1117 1227 1121 1281 I

81 1238 139 1270 via
165 1235 254 1271 haec
276 1249 342 1270 nec
368 1236 505 1271 civitas.

81 1288 162 1333 aad)
181 1287 372 1334 mettlidyem
388 1288 466 1329 [auf
481 1290 587 1335 tiegen
612 1292 676 1325 »nb
702 1291 828 1336 tricgen
857 1292 921 1325 nub
947 1288 1090 1335 schemen.

80 1343 263 1388 Quartum
290 1347 343 1376 est
365 1343 540 1387 impium,
585 1355 657 1388 quo
685 1342 782 1377 Deus
807 1340 1092 1387 blasphematur.

80 1394 165 1429 Duo
202 1394 325 1438 priora
362 1400 446 1427 sunt
473 1394 679 1435 laudanda,
722 1395 804 1441 quia
841 1407 916 1428 non
941 1395 1091 1431 obsuntz

81 1446 286 1492 posteriora
320 1457 396 1480 non
428 1453 512 1480 sunt
535 1446 706 1487 ferenda,
741 1446 824 1493 quia
853 1452 888 1480 et
912 1445 1032 1481 Deum
1058 1453 1092 1480 et

81 1497 250 1533 homines
275 1498 437 1533 laedunt.
498 1497 561 1533 Est
585 1505 704 1533 autem
731 1499 831 1533 aliud
857 1511 969 1543 genus
992 1511 1091 1532 men-

82 1550 176 1586 dacii
193 1550 458 1591 necessarium,
487 1563 696 1597 quanquam
714 1563 790 1584 non
814 1551 969 1585 multum
996 1563 1015 1584 a
1040 1563 1093 1585 se-

83 1604 202 1638 cundo
231 1602 396 1643 differat,
439 1609 474 1636 et
497 1600 566 1636 hoc
590 1603 667 1637 fieri
688 1604 764 1637 sine
789 1610 935 1648 peccato
961 1610 1093 1648 potest,
1118 1601 1121 1635 i

82 1657 113 1691 si
134 1667 211 1689 non
235 1654 423 1690 accesserit
451 1655 697 1689 iuramentum
711 1683 720 1693 ,

84 1710 160 1744 obet
179 1709 239 1751 bei>
257 1706 342 1744 (Soc

267 1783 486 1818 CLXXXVI.
528 1784 906 1830 Propositiones.

138 1845 162 1880 I.
190 1845 297 1880 Fides
318 1857 508 1891 nunquam
531 1845 668 1885 deficit,
713 1845 741 1879 si
769 1852 879 1880 cessat
905 1846 939 1879 in
969 1846 1093 1887 Petro,
1119 1840 1122 1873 f

188 1904 317 1941 regnat
334 1898 373 1930 in
393 1898 547 1931 latrone.

138 1948 179 1984 II.
216 1949 436 1983 Recordatio
469 1956 700 1995 peccatorum
725 1957 908 1993 gestorum
932 1958 983 1985 est
1011 1963 1093 1984 con-

190 2002 320 2036 solatio
340 2009 375 2036 et
391 2002 604 2036 alimentum
624 2002 718 2036 fidei.

136 2053 195 2090 III.
231 2054 427 2100 Nunquam
457 2054 580 2089 audivi
607 2060 769 2088 autorem
796 2053 985 2089 haereseos
1011 2068 1094 2088 con-

190 2119 333 2141 versum
354 2119 441 2141 esse.

139 2157 212 2193 IIII.
245 2158 375 2193 Omnis
394 2159 586 2192 idololatra
597 2158 645 2205 ⁷⁹)
664 2166 716 2194 est
735 2171 865 2193 axarus
883 2166 914 2192 et
941 2172 1012 2205 quo
1042 2172 1094 2192 re-

193 2211 378 2255 ligiosior,
408 2224 449 2244 eo
471 2211 660 2245 avaritior.

138 2262 182 2297 V.
216 2262 312 2296 Vera
346 2263 479 2297 iustitia
514 2261 623 2297 habet
654 2264 964 2308 compassionem,
1007 2265 1091 2297 salsa

193 2315 494 2360 indignationem.

137 2366 197 2401 Vl.
232 2367 362 2402 Omnis
381 2368 593 2402 iustitiarius
612 2374 663 2401 est
681 2381 824 2402 severus
840 2375 874 2402 et
894 2368 1015 2403 tristis.

140 2419 213 2453 Vll.
250 2420 365 2465 Zutd)
391 2422 439 2456 bic
465 2421 561 2456 merc?
584 2422 683 2467 geben
710 2423 781 2456 miir
816 2421 970 2468 5ud>gut,
1018 2426 1093 2457 uber
1120 2445 1122 2448 -

191 2472 285 2517 hurd)
303 2476 361 2508 hen
379 2475 523 2519 glauben
544 2473 741 2519 emnfangen
758 2476 830 2509 miir
849 2478 910 2510 ῠαέ
930 2476 1058 2519 etbgut.

208 2557 443 2593 CLXXXVII.
486 2559 602 2603 QOtf
631 2562 749 2592 unde
779 2560 976 2594 dicatur.

192 2618 371 2653 Osiander
396 2634 412 2653 a
439 2621 576 2664 butfen,
617 2634 657 2654 ρο
688 2623 783 2667 quod
813 2621 971 2666 indigeat
998 2622 1095 2655 urbi-

88 2671 173 2711 bus,
201 2671 519 2707 Brentiusdictum
541 2681 643 2719 putat
661 2675 762 2719 quasi
790 2674 866 2719 tbot
892 2672 969 2716 auf,
997 2676 1093 2720 quod
1123 2698 1125 2703 .

123 2772 172 2803 79)
193 2774 357 2802 idololatra]
377 2775 460 2801 Cod.:
484 2776 603 2800 ldotatra

357 111 621 148 HISTORIAE
650 111 893 159 QUAEDAM
922 110 1202 146 RECITATAE
1231 111 1380 148 INTER
1410 110 1646 148 PUBLICAS
1673 111 1958 149 LECTIONES.

290 975 495 1010 Secundum
521 982 572 1010 est
595 975 816 1015 officiosum,
845 975 942 1021 quod
970 974 1093 1020 proxi-

79 1041 141 1062 mo
159 1028 381 1069 commodat,
398 1029 449 1063 ein
470 1033 546 1074 gute
564 1026 712 1072 ηᾶξῑίῴε
732 1028 838 1074 liegen
860 1034 894 1061 et
912 1040 954 1061 ex
973 1025 1093 1061 chari-

1123 2766 1127 2795 1.
1151 2760 1313 2803 leprosus
1325 2785 1333 2798 ‚

2073 113 2150 150 574

1146 207 1266 233 careat
1283 199 1417 246 portis,
1444 198 1626 236 Lutherus
1646 213 1732 235 vero
1760 201 1862 248 quasi
1883 200 2025 247 vorans,
2053 202 2152 248 quod

1143 251 1187 286 sit
1205 252 1431 286 suburbium.

1270 337 1521 374 CLXXXVIII.
1564 338 1823 385 Prophetia
1853 342 2033 387 duplex.

1248 408 1480 449 Communis,
1524 420 1616 455 quae
1649 410 1692 443 de
1728 410 1849 444 futuro
1882 410 2046 456 loquitur
2077 409 2153 444 sine

1144 467 1239 494 certa
1257 473 1425 506 persona,
1451 461 1545 501 loco,
1574 468 1758 507 tempore,
1786 464 1909 497 modo.
1960 462 2017 496 Sic
2035 461 2154 496 omnis

1145 510 1370 548 Christianus
1388 511 1582 559 prophetat
1600 514 1797 559 impiorum
1816 514 2074 559 perditionem,
2101 514 2155 548 iu-

1143 572 1282 600 storum
1309 566 1483 605 salutem,
1521 566 1760 600 mutationem
1786 579 2005 612 regnorum,
2040 578 2155 611 popu-

1145 618 1263 652 lorum
1279 646 1288 659 ,
1316 630 1461 652 morum
1475 646 1483 659 ,
1511 631 1646 653 rerum.
1683 619 1757 654 Nec
1773 617 1867 653 hanc
1882 617 2020 653 habent
2038 617 2156 663 impii,

1145 672 1206 705 sed
1233 670 1399 704 divinant
1425 671 1491 716 ipsi
1516 671 1712 706 contraria.
1773 671 1964 716 specialis,
1994 683 2087 718 quae
2111 671 2156 704 de

1145 724 1268 758 futuro
1293 723 1475 770 loquitur,
1505 736 1584 758 cum
1611 730 1707 757 certa
1735 735 1910 769 persona,
1938 724 2039 765 loco,
2067 730 2157 757 tem-

1147 788 1256 821 pore,
1292 777 1416 810 modo.
1485 776 1543 810 Sic
1566 774 1768 821 prophetae
1791 777 1834 810 de
1861 775 2004 811 Christo
2031 775 2156 809 vatici-

1147 828 1222 862 nati
1249 835 1343 863 sunt.

1341 913 1559 948 CLXXXIX.
1599 914 1657 948 lm
1671 926 1689 948 a
1703 927 1754 960 go
1784 928 1820 948 in
1837 928 1856 948 o
1868 914 1967 949 rtis.

1254 985 1371 1019 Homo
1399 986 1586 1020 dormiens
1606 985 1734 1020 similis
1760 992 1811 1020 est
1843 991 2003 1019 mortuo.

1146 1049 1222 1071 non
1242 1038 1317 1072 sine
1337 1050 1442 1073 causa
1460 1039 1643 1073 finxerunt
1658 1051 1827 1073 somnum
1846 1039 1996 1072 fratrem
2017 1036 2158 1070 mortis.

1146 1088 1234 1124 Item
1268 1103 1367 1125 mors
1390 1098 1423 1124 et
1450 1091 1522 1124 vita
1554 1092 1717 1136 depictae
1742 1097 1825 1125 sunt
1848 1090 1886 1123 in
1913 1089 2157 1124 vicissitudine

1148 1143 1218 1176 diei
1239 1149 1273 1176 et
1294 1144 1422 1178 noctis.

2071 982 2156 1017 Ideo

1318 1229 1419 1264 CXC.
1458 1228 1519 1263 De
1549 1236 1811 1264 monstroso
1839 1235 1987 1274 partu.

1251 1300 1439 1345 Quaedam
1455 1299 1587 1333 mulier
1605 1299 1708 1333 enixa
1728 1306 1780 1334 est
1798 1305 1943 1344 partum
1963 1297 2043 1343 gliri
2059 1297 2158 1332 simi-

1147 1352 1237 1392 lem,
1276 1358 1311 1385 et
1337 1352 1456 1386 statim
1483 1351 1599 1385 voluit
1625 1364 1770 1386 currere
1797 1352 1843 1385 ad
1872 1357 2017 1384 antrum
2044 1350 2158 1384 muris

1147 1404 1211 1438 sub
1229 1416 1429 1439 scamnum.
1482 1403 1634 1437 Dicebat
1652 1404 1823 1438 dominus
1837 1402 1882 1437 D.
1897 1402 2004 1437 Mart.
2021 1400 2159 1436 Luthe-

1148 1469 1208 1490 rus
1234 1456 1270 1490 id
1296 1470 1369 1491 esse
1396 1462 1672 1501 argumentum,
1717 1457 1816 1502 quod
1842 1456 1993 1490 virtutes
2016 1455 2158 1489 animo-

1147 1521 1228 1543 rum
1248 1515 1321 1542 tam
1341 1521 1493 1554 magnae
1515 1508 1607 1549 sint,
1634 1515 1673 1542 ut
1701 1509 1810 1542 etiam
1838 1520 1992 1553 corpora
2019 1507 2159 1553 possint

1148 1562 1363 1601 immutare,
1388 1568 1422 1595 et
1438 1574 1519 1595 cum
1536 1561 1840 1606 interrogaretur,
1867 1573 1913 1594 an
1932 1566 2023 1594 esset
2041 1560 2158 1605 bapti-

1149 1615 1305 1655 zandus,
1344 1613 1549 1659 respondit:
1588 1626 1681 1654 non,
1716 1615 1775 1650 ben
1803 1612 1847 1659 id)
1873 1613 1967 1658 halt&
1996 1623 2061 1649 nur
2090 1624 2156 1657 pro

760 1655 915 1699 ωαΐῖῗῴι
951 1660 1093 1697 ‘tament
1118 1671 1121 1701 i
1149 1667 1268 1699 anima
1294 1666 1508 1712 vegetativa.

1241 1752 1359 1787 CXCI.
1403 1753 1519 1787 Tres
1548 1752 1907 1798 persecutiones
1937 1750 2070 1786 Chri-

1515 1806 1789 1839 stianorum.

1202 1874 1224 1908 Ι.
1262 1874 1350 1908 Mali
1370 1882 1472 1915 sunt,
1506 1875 1568 1921 qui
1593 1887 1659 1909 nos
1684 1880 1951 1921 persequuntur
1976 1872 2096 1918 gladio
2125 1879 2160 1906 et

1253 1927 1437 1972 potentia,
1464 1928 1561 1973 quod
1581 1934 1631 1961 est
1648 1933 1834 1972 peccatum
1856 1932 1980 1959 contra
2004 1932 2159 1971 patrem.

1203 1979 1241 2014 II.
1278 1979 1426 2013 Peiores
1444 1986 1528 2013 sunt
1544 1980 1708 2020 sectarii,
1745 1979 1807 2025 qui
1827 1974 1977 2024 peccant
1999 1976 2157 2012 humana

1254 2032 1430 2078 sapientia
1451 2038 1576 2066 contra
1595 2032 1722 2066 filium.

1204 2083 1259 2118 Ill.
1295 2084 1445 2119 Pessimi
1480 2091 1563 2119 sunt
1592 2085 1673 2118 falsi
1704 2085 1852 2123 fratres,
1891 2083 1952 2129 qui
1988 2095 2030 2116 ex
2059 2093 2157 2115 mera

1257 2144 1404 2182 peccant
1422 2137 1557 2170 malitia
1580 2143 1703 2170 contra
1725 2136 1891 2182 spiritum
1911 2141 2087 2169 sanctum.

1334 2222 1466 2259 CXCII.
1513 2223 1831 2257 Praedicator
1860 2223 1975 2268 pius.

1257 2294 1490 2328 Praedicator
1516 2292 1595 2338 pius
1628 2292 1753 2327 similis
1780 2298 1832 2326 est
1866 2291 2005 2336 apibus,
2071 2289 2159 2335 Apis

1151 2360 1302 2392 parvum
1323 2347 1458 2380 aninnd
1478 2345 1547 2378 mel
1566 2346 1774 2383 conferens,
1811 2345 1871 2388 bat
1894 2342 2035 2388 bennod)
2062 2343 2156 2378 einen

1149 2399 1275 2446 stocbel.
1344 2398 1393 2432 lta
1427 2398 1656 2444 praedicator
1685 2398 1765 2442 pius
1793 2397 2024 2431 suavissimas
2050 2393 2160 2428 habet

1126 2464 1135 2476 Ὺ
1150 2452 1427 2489 consolationes,
1452 2452 1612 2484 irritatus
1629 2457 1749 2483 tamen
1770 2450 1812 2482 ad
1833 2449 1922 2483 iram
1942 2449 2032 2483 alios
2049 2447 2155 2482 etiam

1121 2519 1123 2540 :
1150 2506 1303 2539 mordet.

1235 2582 1385 2618 CXCIII.
1425 2582 1632 2617 Collatio
1662 2581 1814 2615 cuculi
1847 2586 1886 2613 et
1915 2590 2073 2624 papae.

1253 2654 1409 2688 Cuculus
1435 2652 1543 2685 ebibit
1570 2664 1741 2685 corrucae
1766 2663 1832 2684 ova
1856 2656 1889 2683 et
1908 2661 1969 2683 sua
1990 2646 2159 2691 imponit,

1151 2712 1273 2751 postea
1294 2706 1453 2740 exclusus
1472 2717 1546 2738 non
1564 2710 1682 2749 potest
1700 2703 1814 2737 foveri
1828 2729 1837 2743 ‚
1866 2701 1927 2748 qui
1946 2711 2089 2745 semper
2107 2705 2159 2733 est

1380 2759 1523 2791 tandem
1560 2763 1662 2789 vorat
1696 2757 1874 2789 minorem
1889 2780 1897 2793 ,
1941 2765 2007 2787 nec
2040 2757 2159 2797 potest
