2389 3037
75 99 150 136 569
730 96 868 132 XCVII.

76 187 200 222 Refert
223 198 300 226 me,
335 182 425 219 mihi
449 191 556 231 atque
577 185 679 219 vobis
706 186 846 220 timere.
906 184 1087 228 Principis

75 240 235 279 interest,
260 237 491 272 autoritatem
512 237 739 281 publicarum
758 238 878 283 legum
897 237 1034 271 salvam
1053 242 1087 269 et

72 291 291 325 incolumem
311 301 537 325 conservare.

459 374 692 420 Exceptio.

175 444 217 479 In
251 445 392 491 aliquot
423 444 705 490 pronominibus
740 456 758 477 a
784 444 906 489 regula
935 444 1086 478 discedi-

72 510 164 532 mus.
217 496 311 532 Nam
334 509 433 538 mea,
462 503 543 537 tua,
571 509 656 537 sua,
683 502 829 537 nostra,
857 501 995 537 vestra,
1024 497 1085 529 ab-

70 549 173 584 lativi
200 549 420 583 adiiciuntur
446 549 566 582 verbis
589 549 701 582 refert
728 555 761 581 et
788 548 948 583 interest.
1002 548 1083 582 Tua

71 603 181 636 refert
207 602 343 636 adesse.
404 600 450 634 Et
475 601 617 635 Cicero:
654 600 849 645 Permagni
865 600 913 647 ⁸²4)
938 600 1085 635 interest

70 660 130 688 tua
143 681 153 695 ‚
182 665 230 686 an
247 653 409 687 redditae
426 653 498 687 sint
515 653 651 687 literae.

175 705 249 739 Ubi
275 705 483 740 observabis
507 711 541 738 et
555 703 602 750 26)
628 704 827 749 genitivum
849 704 976 746 adiici,
1005 717 1085 750 per-

70 758 206 803 magni.
267 757 509 792 Grammatici
541 757 731 801 adfingunt
756 757 946 790 ridiculam
974 757 1085 790 ratio-

69 823 174 851 nem,
203 821 267 843 cur
290 808 422 843 horum
447 809 710 854 pronominum
736 809 903 849 ablativis
926 815 1084 844 utamur.

70 861 162 897 Nam
196 873 275 895 cum
310 859 398 894 haec
425 861 535 894 verba
561 861 766 906 significant
793 862 994 906 pertinere,
1030 874 1084 895 re-

69 920 122 948 cte
132 913 180 960 ⁹⁶)
199 913 270 947 dici
288 919 434 958 putant:
471 913 553 947 Mea
574 914 742 954 interest,
772 914 874 960 quasi
893 914 931 947 in
947 926 985 947 re
1004 927 1082 947 mea

69 972 141 1007 est,
171 971 207 999 et
223 966 353 1005 refert,
383 965 486 1011 quasi
504 978 560 1000 res
581 978 657 999 mea
674 967 755 999 sert.

172 1017 295 1051 Verbo
325 1022 377 1052 est
409 1017 598 1052 adiicimus
628 1030 770 1058 meum,
806 1024 930 1058 tuum,
964 1030 1083 1058 suum,

66 1075 256 1110 nostrum,
284 1075 340 1103 ut:
379 1068 501 1103 Meum
529 1076 601 1111 est,
634 1069 807 1104 iniuriam
835 1082 911 1104 non
929 1071 1082 1104 adferre.

67 1121 189 1156 Tuum
209 1128 262 1156 est
275 1121 414 1155 illatam
433 1122 636 1157 mussitare.

368 1207 575 1242 Secunda
604 1208 782 1252 regula.

171 1276 296 1310 Dativi
313 1289 506 1321 personam
529 1275 585 1311 his
603 1276 722 1311 verbis
738 1278 898 1318 addunt,
925 1290 1082 1324 sequun-

67 1336 127 1363 tur
161 1329 236 1363 fere
272 1328 464 1369 infinitivi,
499 1328 624 1370 Libet,
663 1329 762 1370 licet,
800 1336 919 1374 patet,
955 1331 1081 1376 liquet,

67 1387 229 1422 constat,
257 1381 395 1425 placet,
424 1382 587 1425 expedit,
616 1382 785 1426 prodest,
812 1382 934 1423 obest,
964 1389 1081 1423 nocet,

66 1433 217 1474 sufficit,
251 1439 375 1474 vacat,
410 1433 540 1467 accidit
554 1433 622 1480 27),
659 1434 850 1474 convenit,
887 1440 921 1467 et
948 1435 1078 1468 similia

68 1486 271 1533 quaedam,
309 1496 403 1532 quae
426 1497 637 1532 quanquam
656 1486 860 1530 personalia
881 1493 984 1528 sunt,
1028 1494 1081 1521 ta-

65 1550 150 1572 men
169 1537 440 1572 constructione
458 1537 618 1583 migrant
635 1538 673 1571 in
690 1535 787 1572 hunc
806 1539 972 1572 ordinem
986 1538 1046 1586 28).

387 1623 552 1657 Tertia
581 1624 760 1668 regula.

169 1691 374 1727 Accusativi
396 1704 589 1737 personam
618 1690 674 1727 his
699 1693 816 1728 verbis
839 1695 999 1735 addunt,
1027 1708 1080 1729 se-

67 1750 230 1791 quuntur
253 1744 435 1779 infinitivi.
490 1743 611 1785 Iuvat,
648 1752 813 1789 oportet,
847 1753 903 1779 ut:
940 1747 1080 1780 Princi-

65 1809 146 1841 pem
173 1802 317 1841 oportet
337 1796 413 1841 pati
431 1797 566 1841 legem,
596 1809 704 1842 quam
725 1798 900 1832 condidit.
955 1798 1079 1840 Decet,

65 1849 126 1884 sed
144 1846 212 1881 hoc
230 1848 373 1893 saepius
387 1849 502 1882 active
519 1855 734 1893 usurpatur,
756 1856 811 1883 ut:
839 1850 1079 1899 Secundasffl)

64 1913 122 1935 res
151 1901 280 1934 decent
312 1900 514 1946 superbiae.
585 1901 631 1934 Et
660 1913 740 1934 cum
768 1903 892 1935 dativo
917 1904 1078 1949 antique.

64 1952 117 1987 Ita
133 1952 239 1987 nobis
257 1953 370 1987 decet.
428 1952 622 1987 Terentius
652 1951 827 2002 [Adelph.
849 1952 885 1996 5,
903 1956 938 1996 8,
956 1953 1026 2004 5.].

378 2037 555 2083 Quarta
585 2039 762 2084 regula.

169 2105 210 2141 In
235 2113 366 2153 quarto
394 2107 522 2140 ordine
549 2108 849 2153 impersonalium
883 2109 1078 2157 παθητικὰ

64 2165 168 2200 sunt,
195 2171 288 2205 quae
314 2160 535 2203 praecedunt
555 2161 768 2201 accusativi,
796 2170 998 2208 sequuntur
1019 2176 1076 2208 ge-

63 2210 181 2246 nitivi.
229 2210 410 2245 Poenitet.
455 2211 599 2246 Cicero:
630 2213 798 2247 Poenitet
817 2227 896 2248 euin
915 2222 1076 2249 senectu-

63 2262 165 2310 tism)
186 2275 284 2297 suae.
332 2263 512 2310 Piget‘ss),
540 2266 671 2300 taedet.
722 2265 916 2302 Salustius:
947 2268 1006 2301 Me
1029 2269 1076 2301 ci-

97 2400 145 2433 24)
165 2401 330 2433 Permagni]
350 2402 390 2426 sic
410 2403 460 2428 Ed.
482 2403 574 2433 1539.;
599 2404 685 2428 Editt.
708 2406 783 2430 1526.
801 2407 876 2431 1529.
895 2413 1057 2438 permagna.

98 2444 148 2476 25)
169 2445 333 2470 observabis
354 2444 393 2478 et]
414 2446 463 2470 Ed.
487 2446 562 2470 1539.
582 2448 609 2470 et
629 2449 793 2474 observabis

97 2488 145 2519 26)
166 2490 258 2518 recte]
279 2489 322 2513 sic
345 2490 395 2513 Ed.
414 2490 508 2519 1526.;
534 2490 583 2513 Ed.
608 2491 682 2516 1529.
703 2495 797 2524 recta,
823 2494 872 2518 Ed.
895 2495 969 2519 15:39.
988 2496 1058 2519 recti

98 2529 147 2561 27)
166 2532 266 2555 accidit
275 2530 295 2565 ,]
316 2533 365 2557 Ed.
389 2533 463 2559 1539.
482 2534 591 2563 accipit,

98 2573 146 2605 28)
168 2574 217 2600 Ed.
240 2576 315 2600 1539.
342 2577 418 2600 addit
445 2578 613 2608 exemplum:
647 2578 724 2602 Tolle
749 2586 861 2611 moraS‚

135 2608 191 2632 cuit
210 2609 321 2634 differre
341 2613 453 2641 paratis,

99 2652 147 2683 29)
168 2653 324 2686 secundas]
345 2656 393 2681 Ed.
417 2657 491 2682 1529,
514 2656 657 2680 Secundae

99 2695 147 2727 30)
168 2696 332 2730 senectutis]
355 2700 403 2723 Ed.
427 2701 502 2725 1539.
522 2707 619 2724 errore
639 2702 715 2730 typ.:
740 2702 861 2726 senectis

891 2588 1002 2613 semper
1022 2588 1074 2606 no-

98 2738 147 2770 31)
167 2739 246 2770 Piget
256 2741 278 2769 .]
299 2742 345 2766 Ed.
369 2743 461 2768 1539.:
493 2744 589 2768 Nostri
609 2747 716 2768 nosmet
735 2746 868 2775 poenitet.

66 2781 250 2812 Μιςιᾼκϊιι.
277 2785 384 2814 (lunii.
412 2786 497 2816 Vm..
521 2786 594 2815 XX.

906 2746 1002 2774 Pudet.

930 95 1055 132 PHIL.
1091 95 1205 131 MEL.
1242 96 1490 135 SYNTAXIS.

2079 99 2156 134 370
2191 71 2200 80 ’

1143 183 1263 218 vitatis
1283 186 1420 223 taedet,
1449 197 1670 230 morumque
1689 184 1798 230 piget.
1841 185 1971 225 Pudet,
1998 185 2154 220 miseret.

1138 235 1257 269 Pudet
1275 249 1330 269 me
1346 236 1591 281 negligentiae
1609 237 1780 284 1neae32).
1832 238 1981 273 Miseret
1998 238 2153 271 amicum

1139 288 1370 322 calamitatis.

1244 339 1841 384 Adnuinerantimpersonalibus,
1870 343 1995 382 debet,
2024 342 2155 387 coepit,

1140 391 1286 436 incipit,
1322 398 1379 425 ut:
1422 390 1539 424 Debet
1568 393 1832 428 adulescentem
1861 396 2048 440 poenitere
2075 406 2155 439 pec-

1140 443 1222 478 cati.
1278 443 1412 484 Aiunt,
1441 443 1627 487 solentssss).

1468 520 1523 545 DE
1550 520 1828 548 PARTICIPIIS.

1246 572 1444 618 Participia
1472 574 1663 608 imitantur
1686 577 1879 610 verborum
1902 590 2049 612 suorum
2070 591 2154 612 con-

1140 626 1400 666 structionem,
1430 631 1485 659 ut:
1524 627 1646 670 legens
1664 626 1869 673 Virgilium.
1923 630 2155 675 Degenerant

1141 684 1260 712 autem
1280 678 1318 710 in
1335 678 1485 711 nomina
1499 705 1508 718 ‚
1536 691 1615 712 cum
1636 681 1830 722 verborum
1849 694 1950 717 casus
1969 684 2153 726 amittunt,

1140 736 1197 764 ut:
1225 730 1382 773 fugitans
1401 730 1532 765 litium.

1245 782 1329 816 Duo
1354 783 1502 816 ablativi
1528 782 1800 828 coniunguntur
1826 786 2052 831 designantes
2069 801 2153 822 con-

1138 835 1364 880 sequentiam
1378 862 1387 875 ,
1416 835 1507 869 alter
1524 835 1727 880 participii,
1754 837 1844 871 alter
1860 840 2030 874 nominis.
2083 840 2153 874 Ex-

1139 888 1266 931 plicari
1293 893 1412 920 autem
1443 894 1595 932 possunt
1618 901 1683 933 per
1703 889 1938 933 particulam,
1967 904 2068 933 cum,
2095 900 2152 928 ut:

1137 938 1343 984 Imperante
1373 940 1648 981 Maximiliam),
1682 940 1812 975 Veneti
1837 944 1997 987 graviter
2020 946 2153 980 adflicti

1138 999 1240 1032 sunt,
1269 992 1304 1025 id
1330 998 1400 1032 est,
1426 1004 1505 1025 cuin
1533 993 1732 1037 imperaret
1752 994 2034 1031 Maximilianus.
2090 997 2152 1031 Di-

1138 1044 1252 1078 cimus
1269 1045 1314 1077 ad
1333 1043 1429 1077 huuc
1450 1045 1617 1078 modurn:
1646 1045 1869 1091 Imperatore
1886 1048 2152 1092 Maximiliano,

1137 1094 1361 1141 Imperatore
1380 1096 1534 1137 Carolo,
1564 1097 1659 1131 Galli
1686 1100 1730 1131 ad
1750 1099 1998 1135 Mediolanum
2020 1116 2149 1147 magna

1137 1161 1256 1194 pugna
1276 1149 1360 1182 victi
1377 1155 1461 1183 sunt
1479 1162 1497 1182 a
1516 1149 1722 1185 Germanis.

1241 1200 1288 1234 Et
1313 1208 1537 1246 usurpantur
1554 1201 1602 1250 34)
1633 1203 1822 1249 participia
1856 1217 1922 1250 pro
1951 1206 2152 1249 infinitivis,

1137 1259 1195 1287 ut:
1227 1265 1317 1298 opus
1342 1260 1393 1287 est
1418 1254 1679 1303 maturato35)‚
1708 1268 1775 1301 pro
1799 1264 1996 1294 maturare.
2049 1259 2151 1305 Opus

1137 1311 1188 1339 est
1207 1305 1322 1346 facto,
1350 1318 1418 1351 pro
1437 1307 1553 1340 facere
1563 1306 1623 1354 ³⁶).

1477 1382 1531 1406 DE
1557 1382 1811 1412 ADVERBHS.

1240 1435 1509 1469 Adverbiorum
1539 1443 1708 1470 naturam
1743 1439 1974 1483 exposuimus
1999 1441 2037 1475 in
2063 1441 2149 1489 Ety-

1136 1487 1308 1531 mologia.
1361 1487 1613 1523 Subiiciuntur
1631 1490 1748 1524 verbis
1768 1493 1812 1524 ad
1830 1493 2059 1537 explicandas
2083 1496 2149 1529 cir-

1136 1540 1369 1574 cumstantias
1385 1540 1548 1574 locorum
1564 1568 1572 1582 ,
1602 1548 1808 1587 temporum
1829 1550 1863 1577 et
1880 1545 2026 1581 similes.

1239 1591 1398 1626 Nomina
1420 1594 1641 1637 degenerant
1659 1594 1696 1628 in
1717 1596 1907 1637 adverbia,
1937 1600 2033 1643 apud
2050 1598 2149 1633 Lati—

1136 1658 1201 1679 nos
1231 1644 1406 1689 singulari
1440 1658 1616 1687 numero,
1652 1653 1709 1681 ut:
1747 1645 1969 1683 horrendum
1998 1652 2149 1689 clamat;

1135 1699 1230 1741 apud
1250 1697 1409 1731 Graecos
1436 1699 1569 1742 plurali
1591 1711 1765 1741 numero,
1795 1702 1904 1747 idque
1921 1702 2044 1737 Latini
2068 1705 2147 1738 imi-

1134 1749 1199 1782 tati
1217 1756 1321 1790 sunt,
1350 1756 1389 1783 ut
1405 1749 1579 1794 Virgilius
1606 1750 1760 1800 [Georg.
1780 1751 1840 1793 IV,
1859 1755 1932 1791 122
1948 1757 2036 1802 sq.]:
2074 1757 2148 1792 Nec

1133 1814 1210 1835 sera
1238 1808 1442 1834 comantem
1468 1801 1699 1844 Narcissum,
1728 1817 1795 1850 pro
1821 1818 1901 1840 sero
1927 1815 2146 1851 comantem,

1133 1866 1195 1887 seu
1211 1853 1414 1888 florentem.
1443 1853 1630 1890 Narcissus
1647 1856 1740 1890 enim
1759 1865 1964 1902 postremus
1980 1862 2145 1896 omnium

1132 1906 1263 1939 florum
1301 1905 1442 1939 circiter
1470 1907 1717 1952 Septembrem
1757 1910 1914 1954 primum
1945 1913 2069 1955 ssoret,
2107 1922 2147 1949 ut

1132 1958 1256 1992 scribit
1274 1956 1562 2003 Theophrastus.
1616 1960 1740 1995 Nostri
1759 1970 1907 1997 vocant:
1936 1965 2118 2002 zeitlosen.

1402 2036 1608 2071 Secunda
1636 2040 1796 2084 regula
1815 2040 1874 2087 ³⁷).

1236 2096 1319 2131 Non
1346 2097 1588 2131 subiiciuntur
1612 2112 1712 2134 casus
1735 2102 1925 2136 nominum
1951 2105 2144 2148 adverbiis,

1132 2155 1277 2193 praeter
1301 2161 1435 2193 pauca,
1464 2149 1606 2191 Pridie,
1636 2153 1827 2196 postridie,
1856 2157 1899 2188 de
1922 2157 2052 2202 quibus
2070 2159 2143 2192 dixi

1131 2203 1167 2234 in
1184 2201 1428 2247 Etymologia.

1164 2320 1213 2353 32)
1235 2321 1358 2344 miseret.
1379 2320 1467 2344 Pudet
1481 2327 1523 2344 me
1536 2331 1571 2339 ·—
1584 2324 1686 2352 meae]
1702 2323 1786 2349 Editt.
1801 2325 1888 2355 1526„
1910 2327 1984 2352 1539.
2000 2327 2086 2353 Pudet
2099 2336 2142 2354 me

1199 2369 1234 2372 —
1253 2362 1340 2380 meae.
1378 2356 1505 2379 Miseret.

1164 2400 1211 2430 33)
1233 2401 1333 2429 Aiunt,
1361 2400 1478 2428 solent]
1502 2401 1549 2424 Ed.
1574 2401 1664 2426 1539.:
1698 2402 1731 2425 Et
1752 2403 1844 2433 aiunt,
1864 2405 1973 2435 solent,
1993 2407 2055 2431 sine
2074 2414 2140 2437 per-

1201 2435 1280 2458 sonis
1315 2435 1484 2463 efferuntur,
1521 2441 1589 2464 quae
1617 2438 1707 2460 tamen
1736 2438 1810 2462 inter
1836 2439 2032 2468 impersonalia
2057 2443 2140 2466 nolim

1199 2470 1359 2497 numerari,
1393 2475 1454 2492 nam
1487 2471 1603 2494 omissio
1637 2478 1776 2500 personae
1798 2474 1918 2505 figurata
1946 2478 1987 2499 est
2014 2477 2086 2500 sicut
2113 2478 2137 2500 in

1200 2505 1312 2528 verbis:
1340 2505 1424 2534 pluit,
1451 2506 1546 2534 tonat,
1573 2503 1643 2529 κατά
1662 2506 1785 2539 ἔκλειψιν
1803 2510 1994 2534 dissimulatur
2012 2512 2139 2536 nomina-

1200 2540 1291 2563 tivus:
1318 2545 1368 2562 aer
1389 2541 1482 2567 tonat,
1510 2541 1633 2564 lioinines
1652 2542 1737 2568 aiunt,

1163 2581 1210 2612 34)
1231 2581 1414 2614 usurpantur]
1436 2584 1476 2606 sic
1491 2584 1540 2608 led.
1559 2584 1650 2612 1539.;
1671 2586 1753 2610 Editt.
1772 2586 1857 2618 1526,
1876 2588 1950 2611 1529.
1964 2590 2139 2617 exponuntur

1162 2626 1209 2655 35)
1231 2625 1400 2658 maturato,]
1421 2627 1461 2650 sic
1482 2628 1530 2651 Ed.
1554 2628 1645 2659 1539.;
1676 2630 1760 2655 Editt.
1784 2631 1870 2657 1526..
1893 2632 1966 2655 1529.
1988 2633 2137 2663 maturata,

1160 2669 1208 2699 36)
1229 2670 1278 2693 Ed.
1303 2670 1377 2695 1539.
1401 2671 1424 2694 li.
1442 2672 1459 2695 Ι.
1481 2671 1572 2695 addit:
1602 2674 1684 2702 atque
1702 2674 1753 2697 hae
1772 2674 1878 2705 figurae
1897 2681 1930 2697 ex
1950 2675 2067 2698 Graecis
2085 2681 2136 2700 ao-

1198 2705 1277 2727 ristis
1298 2708 1380 2729 natae
1401 2713 1464 2729 esse
1486 2707 1623 2730 videntur.

1164 2748 1211 2779 37)
1232 2747 1342 2781 regula]
1366 2751 1432 2774 haec
1451 2756 1506 2774 vox
1528 2750 1553 2773 in
1574 2751 1661 2775 Editt.
1684 2751 1768 2777 1526..
1791 2752 1864 2777 1529.
1884 2753 1972 2776 deest.

1562 2786 1612 2820 24
