2421 3037
247 89 324 127 555

247 178 322 222 Ego
340 191 418 212 sum
437 179 629 211 damnatus
649 176 816 220 spiritus,
851 182 883 207 et
910 181 961 208 est
981 172 1069 206 mihi
1097 172 1164 206 hoc
1188 174 1251 206 do-

245 230 419 263 micilium
438 230 654 263 destinatum
675 240 787 272 usque
811 228 855 259 ad
881 226 1118 259 novissimum
1143 225 1251 259 diem.

244 283 372 316 Postea
394 281 551 314 avolavit
574 286 607 312 ct
626 280 811 312 clamavit:
842 279 940 324 (Smig
959 279 1056 323 &mig
1074 279 1171 323 (Smig
1190 278 1251 313 mie

246 336 325 378 lang
343 332 379 377 ist
398 333 475 368 ῠαῧέ
531 331 591 364 Isti
611 331 859 376 perterrefacti
884 331 1023 363 domini
1051 331 1195 363 iverunt
1218 336 1252 362 et

245 390 442 429 coeperunt
460 389 646 427 aegrotare
666 396 707 416 ex
725 383 1040 423 consternatione,
1078 389 1112 415 et
1139 381 1252 427 aliqui

244 438 351 470 etiam
375 436 508 468 mortui
533 442 627 469 sunt.
681 435 783 468 Hanc
807 433 995 469 historiam
1019 434 1184 467 recitavit
1206 433 1251 467 D.

243 487 432 532 Philippus
442 487 489 533 63)
507 488 598 520 facta
619 488 802 521 mentione
827 487 921 521 illins
946 487 1015 520 loci
1036 487 1071 519 in
1088 486 1250 530 Epistola

242 540 372 580 Iudae,
407 540 469 573 uhi
494 540 666 584 scriptum
698 546 768 580 est,
803 540 980 584 Angelos,
1015 539 1075 584 qui
1102 551 1175 571 non
1203 544 1252 570 te-

242 598 401 626 nuerunt
419 592 562 625 initium
580 604 683 625 suum
699 619 708 631 ,
735 592 796 625 sed
821 592 905 625 elati
929 597 1110 637 quaerunt
1133 589 1250 623 ‹lomi-

243 645 363 678 cilium
391 644 601 688 proprium,
646 644 822 677 reservari
852 644 889 677 in
923 643 1095 676 iudicium
1130 641 1253 686 magni

243 697 314 730 diei
340 696 490 730 vinculis
516 696 671 730 aeternis
683 695 742 741 6’*).
811 695 857 729 Et
880 695 1064 729 subiunxit
1088 695 1164 727 sore
1190 693 1252 725 ali-

243 761 350 795 quem
368 754 502 781 tetrmn
521 754 556 781 et
571 755 707 782 certum
727 749 845 781 locum
866 749 1124 781 damnatorum
1149 745 1253 790 spiri-

243 808 344 834 tuum
370 807 451 845 post
476 799 569 833 hanc
597 801 730 839 vitam,
773 806 805 832 et
831 799 993 833 fortassis
1017 810 1114 832 nunc
1144 798 1252 831 etiam

243 866 317 887 esse
346 859 482 886 certum
512 853 653 893 locum,
691 852 727 884 in
755 865 827 898 quo
853 857 1042 886 serventur
1067 863 1181 896 usque
1208 850 1253 882 ad

243 905 430 939 iudicium.
500 905 569 938 Sed
605 911 655 938 est
684 916 767 936 vera
794 910 829 937 et
851 904 963 936 relata
988 916 1007 935 a
1036 903 1158 936 inultis
1184 903 1253 935 fide

243 957 361 1002 dignis
378 956 477 990 viris.

349 1006 516 1042 CXthII.
544 1007 621 1052 Ego
638 1020 744 1052 saepe
761 1007 885 1040 audivi
902 1006 947 1040 D.
963 1006 1164 1040 Martinum
1181 1005 1254 1039 Lu-

244 1059 388 1095 therum
417 1061 648 1100 recitantem,
678 1059 740 1106 qui
767 1060 908 1093 dicebat
931 1071 966 1093 se
990 1058 1097 1092 fuisse
1123 1059 1159 1091 in
1179 1058 1255 1091 Du-

243 1112 408 1159 bionffl)
425 1125 537 1158 pago3
566 1124 652 1145 nam
673 1124 714 1145 co
734 1124 840 1156 saepe
857 1113 1039 1156 profectus
1055 1117 1125 1151 est,
1150 1117 1188 1144 ut
1204 1110 1254 1143 ibi

245 1165 542 1205 concionaretur,
570 1164 655 1210 quia
678 1165 826 1197 fuerunt
850 1164 899 1197 ibi
927 1163 1066 1197 nobiles
1091 1164 1133 1196 de
1152 1162 1255 1196 Stau-

243 1218 336 1258 bitz,
365 1217 427 1263 qui
450 1215 567 1250 adhuc
592 1222 676 1250 sunt
700 1217 736 1249 in
762 1216 906 1250 vicinia.
966 1215 1018 1248 Ibi
1042 1216 1154 1248 frater
1182 1215 1255 1256 ille,

245 1269 307 1316 qui
327 1270 506 1303 cecinerat
529 1269 673 1302 missam
687 1296 695 1307 ,
725 1269 884 1301 cantavit
908 1268 996 1301 illud
1015 1267 1253 1311 Evangelium

243 1321 364 1355 Lucae
387 1320 467 1361 19.,
500 1321 537 1353 in
559 1334 630 1367 quo
648 1327 715 1354 est:
746 1320 856 1354 Dedit
874 1318 965 1353 mihi
983 1322 1105 1353 decem
1124 1319 1254 1360 minas,

245 1380 280 1407 et
296 1374 380 1420 quia
397 1380 513 1407 textus
530 1373 565 1406 in
583 1373 701 1406 bibliis
718 1373 880 1407 scribunt
894 1385 993 1418 μνας
1005 1379 1039 1405 et
1054 1369 1255 1406 monachus

244 1438 321 1459 non
339 1432 485 1471 poterat
501 1426 639 1470 legere,
666 1438 733 1458 nec
759 1431 863 1458 antea
889 1424 1055 1458 audierat
1078 1424 1167 1458 illud
1190 1436 1256 1457 no-

244 1490 348 1519 men,
377 1478 461 1523 legit
484 1479 607 1511 decem
632 1477 919 1517 misericordias,
948 1483 1072 1521 postea
1097 1489 1178 1510 cum
1202 1476 1256 1509 iu-

246 1531 384 1564 dicaret
408 1542 483 1563 non
508 1529 702 1563 convenire
733 1530 854 1563 decem
881 1528 1170 1568 misericordias,
1205 1528 1257 1561 le-

247 1582 315 1628 git:
359 1588 394 1615 et
423 1582 522 1615 dedit
550 1581 581 1614 ei
609 1583 730 1614 decern
757 1581 937 1614 minimas.
1005 1577 1257 1624 Reprehendit

245 1647 311 1668 nec
336 1633 404 1668 hoc
430 1646 532 1679 posse
555 1646 774 1677 congruere,
810 1640 844 1666 et
866 1632 967 1677 legit:
1005 1632 1115 1665 Dedit
1138 1632 1170 1665 ei
1196 1633 1256 1665 de-

247 1700 321 1721 cem
344 1687 475 1720 Meras.
528 1685 606 1719 Hoc
626 1686 706 1719 dico
724 1691 865 1719 tantum
884 1684 1038 1729 exempli
1055 1696 1159 1718 causa
1184 1690 1257 1718 sto-

245 1740 405 1773 lidorum
432 1737 644 1778 hominum,
680 1738 742 1784 qni
765 1743 1003 1770 contemnunt
1030 1749 1155 1770 omnes
1178 1736 1257 1769 lite-

246 1804 326 1831 ras,
371 1791 401 1825 si
426 1788 617 1835 pulchrum
643 1796 714 1830 est,
757 1790 809 1823 nil
842 1789 952 1829 scire,
987 1789 1033 1822 sit
1057 1801 1162 1829 sane,
1195 1789 1257 1822 sed

246 1845 372 1877 literae
393 1850 427 1876 et
449 1843 591 1887 linguae
617 1849 700 1876 sunt
722 1842 890 1876 fasciolae
908 1839 1060 1881 Christi,
1090 1840 1256 1874 doctrina

248 1894 382 1930 Christi
410 1902 459 1928 est
487 1895 648 1927 involuta
674 1895 870 1934 fasciculis,
916 1893 1028 1928 literis
1055 1900 1089 1926 et
1113 1893 1257 1938 linguis,

247 1959 326 1984 man
351 1950 430 1993 mu&
455 1946 601 1993 bannod)
625 1946 765 1991 linguas
782 1947 924 1982 funum.

354 1999 491 2034 CXLV.
530 1999 659 2033 Comes
677 1999 824 2045 quidam
844 1997 1153 2041 XVirtebergensis
1177 1995 1258 2042 (an-

249 2060 395 2099 tequam
413 2053 496 2085 facti
515 2058 599 2085 snnt
615 2052 722 2085 duces
749 2057 832 2084 ante
857 2063 971 2084 annos
993 2050 1082 2097 100)
1110 2049 1146 2082 in
1173 2061 1258 2082 con-

248 2111 359 2138 ventu
386 2103 643 2138 Ratisbonensi
668 2116 746 2137 cum
772 2103 896 2137 fnisset
920 2102 1090 2142 caeteris,
1126 2100 1188 2147 qni
1220 2101 1258 2134 in

250 2163 430 2190 conventu
455 2163 578 2196 erant,
612 2156 846 2195 insolentior,
876 2154 1082 2188 FriderIcus
1100 2152 1258 2198 Impera-

249 2216 308 2243 tor
324 2209 441 2241 voluit
459 2206 724 2252 reprehendere
752 2208 982 2241 insolentiam
1011 2206 1141 2251 ipsius,
1169 2205 1259 2238 dixit

250 2263 296 2294 ad
316 2273 415 2294 eum:
453 2261 538 2296 §men
561 2263 624 2296 ba&
649 2263 706 2296 enb
730 2263 788 2306 giit
815 2258 870 2303 ist,
898 2259 930 2303 fo
956 2258 993 2302 ist
1017 2263 1052 2294 ee
1076 2258 1158 2294 aues
1186 2259 1258 2304 giit‘

250 2312 454 2358 significans
473 2313 583 2358 ipsius
606 2313 835 2347 insolentiam
857 2312 925 2347 sibi
941 2312 1139 2357 aliquando
1159 2311 1258 2343 noci-

250 2372 370 2400 turam
398 2377 483 2399 esse.
536 2364 630 2400 Nam
648 2365 853 2399 Fridericus
873 2365 940 2399 fuit
961 2362 1258 2404 modestissimus,

250 2418 299 2451 ita
319 2423 359 2451 ut
378 2417 530 2462 ignavus
548 2417 727 2451 diceretur
745 2423 896 2462 propter
912 2429 1013 2451 suam
1030 2415 1257 2449 modestiam.

249 2468 288 2503 Id
306 2482 386 2503 cum
403 2469 599 2503 audivisset
615 2482 733 2504 comes
747 2497 756 2511 ,
786 2469 926 2503 curavit
950 2469 1018 2503 sibi
1044 2468 1120 2502 fieri
1146 2480 1258 2512 penu-

250 2522 323 2555 lam
340 2522 384 2555 de
402 2534 524 2566 panno
544 2522 708 2555 crassiori
728 2523 853 2563 laneo,
880 2523 925 2568 [ἱῇ
944 2523 988 2557 im
1008 2522 1101 2557 einen
1117 2520 1258 2567 &magen

252 2574 337 2610 {titel
354 2574 504 2620 macheu,
540 2580 573 2607 et
591 2574 769 2607 fimbriam
788 2575 893 2619 plane
913 2575 995 2608 fecit
1014 2586 1161 2608 auream
1182 2586 1258 2606 ma-

286 2677 336 2706 63)
355 2678 387 2702 D.
408 2677 567 2707 Philippus]
587 2676 671 2701 Cod.:
699 2676 730 2700 D.
752 2683 781 2708 φ.

287 2713 335 2740 64)
356 2713 442 2742 Epist,
463 2713 545 2736 Iudae
565 2719 607 2735 vs.
623 2712 649 2736 6.

287 2746 355 2777 64¹)
378 2747 499 2776 Dubion]
521 2748 537 2772 i.
554 2754 578 2778 q.
600 2747 730 2778 Dunena,
754 2746 859 2771 Diiben.

878 87 1002 122 PHIL.
1032 87 1145 121 MEL.
1175 85 1379 120 SCRIPTA
1413 84 1683 120 HISTORICA.

2237 88 2315 126 556

1306 186 1377 218 gno
1393 179 1538 217 sumptu
1555 173 1597 206 de
1614 174 1710 207 bono
1731 173 1864 207 lamine
1879 173 1970 214 auri,
1986 175 2083 219 quod
2099 182 2175 209 erat
2191 177 2313 220 magni

1306 225 1425 270 pretii.
1480 224 1639 259 Veniens
1657 226 1785 259 deinde
1805 226 1841 258 in
1859 232 2021 259 senatum
2034 253 2043 266 ,
2072 228 2314 270 interrogatus

1307 278 1392 323 qnid
1411 277 1477 311 sibi
1498 277 1583 309 velit
1606 277 1670 311 iste
1698 278 1866 317 vestitus,
1895 278 2101 322 respondit:
2140 280 2226 316 §Issen
2252 283 2314 316 ῦαῧ

1308 330 1381 366 OEnb
1399 331 1458 374 giit
1476 328 1530 373 ists
1559 328 1591 372 ft)
1612 329 1649 374 ist
1668 333 1702 365 εὖ
1719 330 1801 365 asse&
1819 332 1889 376 gfit.
1944 329 1994 363 Ita
2015 330 2140 365 derisit
2156 329 2315 376 Impera-

1307 388 1444 421 torem,
1477 382 1538 415 sed
1562 382 1629 414 fuit
1654 382 1852 416 Sardonius
1875 382 1986 423 risus,
2024 383 2107 428 quia
2135 395 2210 416 non
2234 389 2317 428 post

1307 434 1455 478 longum
1472 440 1614 478 tempus
1635 433 1670 466 in
1688 434 1781 467 bello
1800 434 2007 468 interfectus
2030 442 2102 475 est,
2131 441 2167 468 et
2184 435 2230 468 ita
2251 447 2318 479 pu·

1306 486 1399 518 nivit
1419 498 1499 519 eum
1518 485 1615 519 Deus
1634 492 1784 530 propter
1805 498 1906 519 suam
1927 487 2169 522 insolentiam.
2221 487 2317 521 Nam

1306 537 1404 571 Deus
1425 544 1544 571 servat
1567 538 1746 582 regulam:
1792 537 1866 583 Qui
1890 550 1927 572 se
1959 539 2112 580 exultat,
2146 537 2317 573 humilia-

1306 589 1415 623 bitur.

1414 647 1569 683 CXLVI.
1613 649 1703 683 Cum
1729 661 1791 682 rex
1811 647 2020 694 Alphonsns
2042 649 2317 695 Neapolitanus,

1308 700 1388 746 (qui
1407 700 1497 734 vixit
1519 707 1683 746 tempore
1707 708 1851 746 patrum
1879 709 2087 736 nostrorum
2101 729 2111 744 ,
2139 702 2223 748 quia
2238 702 2318 736 Fri-

1308 753 1448 786 dericus
1473 753 1540 786 suit
1564 755 1660 797 apud
1687 766 1769 786 eum
1794 754 1949 798 Neapoli
1976 761 2010 787 et
2034 755 2175 799 magnis
2202 755 2246 789 ab
2274 767 2317 789 eo

1308 802 1509 838 honoribus
1527 805 1674 839 affectus
1700 806 1768 853 est)
1793 806 1973 840 obsideret
1996 808 2122 840 urbem
2141 806 2318 848 Caietam,

1309 863 1344 890 et
1366 857 1559 890 multitudo
1578 869 1654 890 non
1673 863 1792 901 posset
1810 858 1857 890 ali
1877 858 1915 891 in
1933 859 2091 903 oppido,
2121 859 2318 893 emiserunt

1309 909 1361 941 illi
1378 921 1420 942 ex
1438 909 1573 954 oppido
1592 909 1862 943 multitudinem
1888 922 2012 944 senum
2026 938 2035 951 ,
2062 923 2260 955 puerorum
2284 917 2320 945 et

1309 961 1515 995 mulierum.
1577 959 1631 994 Ibi
1661 974 1741 994 cum
1771 962 1996 996 emitteretur
2022 963 2081 995 illa
2109 963 2319 1003 multitudo,

1309 1014 1487 1046 dederunt
1503 1013 1659 1059 ¹quidam
1687 1013 1877 1047 consilium
1904 1014 1999 1058 regi,
2041 1021 2082 1048 ut
2108 1015 2249 1061 aliquos
2277 1027 2319 1049 ex

1309 1065 1378 1099 illis
1397 1065 1632 1106 interficeret,
1660 1072 1700 1099 ut
1715 1065 1767 1098 illi
1787 1066 1902 1099 coacti
1920 1066 1982 1099 illo
2006 1072 2144 1101 terrore
2161 1073 2196 1100 et
2213 1067 2318 1101 mise-

1308 1117 1465 1151 ricordia
1493 1130 1642 1151 suorum
1668 1118 1828 1150 facerent
1855 1118 2089 1153 deditionem.
2156 1118 2203 1152 Et
2232 1119 2320 1153 dicit

1309 1170 1385 1214 ipse
1409 1170 1582 1214 scriptor:
1619 1169 1751 1203 Pareat
1774 1167 1865 1202 mihi
1883 1169 2001 1210 Deus,
2039 1170 2101 1216 qui
2125 1177 2160 1203 et
2181 1183 2247 1216 ego
2266 1170 2320 1205 sui

1310 1222 1347 1254 in
1379 1222 1439 1254 illa
1464 1221 1664 1262 sententia,
1701 1228 1735 1255 et
1757 1221 1853 1254 idem
1878 1222 2055 1256 consului.
2117 1221 2196 1256 Rex
2222 1223 2320 1257 stetit

1310 1274 1540 1320 aliquantum
1560 1286 1680 1308 secum
1700 1274 1924 1315 deliberans,
1959 1274 2223 1318 cogitabundus
2240 1280 2320 1308 tan-

1310 1328 1392 1359 dem
1418 1325 1555 1372 inquit:
1584 1325 1661 1359 Imo
1687 1324 1775 1359 mihi
1801 1333 1916 1360 totum
1943 1338 2095 1370 regnum
2110 1326 2320 1372 Neapolita-

1310 1391 1397 1412 num
1419 1390 1494 1411 non
1512 1378 1603 1411 tanti
1623 1384 1693 1419 est,
1721 1384 1761 1412 ut
1779 1376 1848 1412 hoc
1871 1379 2020 1417 faciam;
2057 1384 2091 1411 et
2112 1391 2197 1412 mox
2221 1378 2321 1412 dedit

1310 1431 1545 1471 mandatum,
1577 1437 1617 1464 ut
1641 1431 1860 1464 ducerentur
1885 1430 1922 1463 in
1948 1430 2067 1463 vicina
2096 1430 2251 1475 oppida,
2285 1436 2321 1464 et

1311 1481 1725 1529 distril)uere11tur⁶⁵)in
1748 1480 1928 1527 hospitia,
1965 1488 1998 1515 et
2023 1482 2122 1515 dedit
2147 1483 2319 1516 mandata

1310 1534 1602 1578 magistratibus,
1636 1540 1676 1567 ut
1698 1532 1925 1579 hospitaliter
1951 1534 2221 1579 exciperentur,
2254 1546 2321 1568 nec

1311 1587 1561 1626 laederentur,
1597 1598 1663 1619 nec
1691 1586 1958 1630 attingerentur
1977 1585 2136 1631 virgInes
2158 1592 2220 1621 aut
2242 1599 2321 1621 mu·

1311 1638 1427 1672 lieres.
1480 1637 1559 1671 Hoc
1577 1650 1657 1672 cum
1684 1638 1736 1670 illi
1761 1638 1926 1672 viderent
1951 1638 1995 1671 de
2020 1639 2134 1673 muris
2158 1645 2193 1672 et
2217 1638 2320 1672 audi-

1310 1697 1412 1730 rent,
1438 1689 1522 1723 victi
1544 1689 1786 1723 admiratione
1804 1691 1905 1725 istius
1922 1690 2086 1731 virtutis,
2121 1690 2241 1725 statim
2267 1690 2321 1725 ul-

1310 1749 1368 1776 tro
1392 1741 1616 1775 deditionem
1642 1743 1817 1779 fecerunt.
1878 1742 1932 1776 Ibi
1958 1743 2049 1776 bene
2073 1742 2246 1787 cogitavit
2265 1755 2321 1777 sa-

1311 1795 1414 1840 piens
1440 1806 1519 1835 rex,
1555 1794 1669 1828 multo
1691 1795 1804 1839 magis
1830 1794 1926 1828 vinci
1950 1792 2118 1828 homines
2142 1795 2320 1840 sapientia

1311 1859 1352 1880 ac
1370 1846 1504 1880 iustitia
1525 1859 1634 1892 quam
1654 1847 1877 1881 crudelitate.
1939 1845 2016 1879 Imo
2036 1847 2227 1881 crudelitas
2244 1859 2321 1881 sae-

1311 1912 1355 1944 pe
1379 1898 1638 1944 pertinaciores
1657 1898 1752 1933 facit.
1807 1898 1905 1931 Haec
1929 1898 2090 1943 exempla
2117 1905 2201 1933 sunt
2225 1899 2322 1945 cogi-

1311 1952 1436 1985 tanda.

1417 2008 1587 2045 CXLVII.
1622 2009 1740 2043 Faber
1764 2011 1952 2056 episcopus
1969 2010 2186 2046 Viennensis
2209 2011 2323 2045 edidit

1311 2064 1443 2098 librum
1483 2064 1526 2096 de
1558 2062 1737 2096 caelibatu
1769 2070 1893 2096 contra
1921 2063 2129 2108 coniugium
2155 2065 2321 2098 sacerdo-

1312 2123 1401 2150 tum.
1457 2115 1529 2160 Qui
1555 2127 1634 2148 cum
1661 2121 1751 2148 esset
1776 2116 1917 2150 oblatus
1935 2115 2110 2157 Eraffl‘no,
2139 2113 2206 2150 hos
2230 2117 2321 2151 duos

1312 2168 1508 2203 versiculos
1532 2166 1730 2211 inscripsit:

1454 2227 1560 2251 Fronte
1583 2233 1684 2251 carens
1706 2227 1729 2250 si
1748 2234 1797 2251 res
1815 2227 1909 2259 agitur
1928 2227 1974 2251 ubi
1993 2227 2069 2252 seria
2087 2233 2189 2252 rursus

1453 2271 1558 2294 Fronte
1576 2276 1677 2295 carens
1698 2271 1723 2295 si
1743 2271 1784 2296 sic
1803 2272 1873 2295 ludit
1892 2271 1980 2296 amice
1999 2272 2100 2296 Faber.

1312 2316 1379 2349 Hic
1396 2315 1514 2348 Faber
1538 2316 1605 2349 suit
1630 2314 1741 2349 homo
1768 2317 1934 2360 petulans
1958 2323 1991 2349 et
2017 2317 2236 2357 obscoenus,
2272 2315 2320 2352 (St

1311 2368 1371 2414 bat
1391 2376 1437 2413 311³
1457 2368 1555 2404 Qien
1577 2370 1647 2404 bem
1666 2368 1823 2414 &chtistet
1842 2370 1905 2405 bae
1924 2369 2006 2405 meib
2025 2367 2214 2415 abgespcmt.

1419 2428 1603 2463 CXLVIII.
1658 2430 1887 2464 Postremum
1920 2429 2019 2463 Eccii
2047 2429 2221 2474 scriptum
2252 2427 2322 2462 fuit

1313 2481 1472 2515 defensio
1490 2482 1685 2516 caelibatus
1704 2488 1829 2516 contra
1847 2482 2055 2526 coniugium
2078 2482 2319 2516 sacerdotum.

1284 2545 1286 2567 ι
1312 2534 1523 2569 Obscoenus
1546 2547 1631 2568 sane
1658 2535 1749 2568 liber
1779 2541 1813 2568 et
1839 2535 1965 2580 plenus
1988 2533 2202 2579 impietatis;
2243 2544 2320 2566 non

1313 2587 1408 2621 enim
1426 2587 1493 2620 suit
1511 2599 1643 2632 cygnea
1664 2588 1804 2627 cantio,
1838 2588 1900 2622 sed
1926 2586 2055 2621 accidit
2079 2587 2133 2627 ei,
2167 2592 2209 2621 ut
2233 2584 2319 2619 dici-

1312 2646 1387 2673 tur:
1413 2638 1507 2673 Felis
1524 2640 1663 2684 fugiens
1682 2639 1835 2685 pessime
1852 2645 1962 2673 cacat.

1345 2741 1394 2774 65)
1415 2741 1665 2772 distribuerentur]
1686 2741 1772 2767 Cod.:
1800 2740 2002 2765 distribuerent
