2421 3037
254 122 331 161 291

408 208 470 243 De
499 208 731 243 anomalia
748 207 796 255 ⁴¹)
823 208 867 241 in
895 209 1114 244 numeris.

335 269 534 304 Masculina
559 268 754 313 singularia
781 274 921 303 tantum
941 267 1030 303 haec
1047 270 1120 304 sere
1140 282 1264 304 recen-

256 327 396 355 sentur:

460 370 534 404 Aer
762 370 899 406 Aether

461 422 600 466 Vesper
762 422 916 469 Sanguis

460 473 585 508 Pulvis
762 475 836 510 Sol.

355 533 491 567 Verum
518 531 577 566 hic
601 533 711 568 satius
736 541 788 568 est
814 548 918 569 usum
944 535 1131 569 consulere
1151 547 1191 568 ac
1210 547 1265 568 se·

252 585 327 631 qui.
382 585 475 620 Nam
503 585 683 629 permulta
710 585 778 619 alia
797 593 900 627 sunt,
929 599 1020 633 quae
1038 587 1096 619 vix
1115 586 1264 631 plurali-

252 642 307 670 ter
330 643 503 681 usurpata
521 643 615 672 sunt.
670 635 716 670 Et
732 650 774 672 ex
790 637 865 679 his,
895 651 987 684 quae
1005 638 1264 678 recensuimus,

251 688 450 734 aliquando
472 690 626 734 pluralia
646 689 795 732 faciunt,
824 697 864 725 ut
882 691 986 731 soles,
1012 697 1046 724 et
1065 702 1132 735 pro
1150 696 1264 730 aestu,

252 746 286 773 et
301 752 368 785 pro
383 740 521 776 diebus.

355 791 571 826 Foeminina
594 793 790 839 singularia
812 799 973 834 tantum,
1001 799 1085 827 sunt
1100 793 1175 826 sere
1191 792 1263 825 vir-

251 849 368 877 tutum
399 844 644 892 vitiorumque
669 845 839 885 nomina,
867 851 907 878 ut
926 857 1013 889 pax,
1042 844 1264 891 eloquentia,

252 895 428 938 amicitia,
456 897 561 938 fides,
587 897 723 942 gloria,
751 903 786 930 et
801 896 947 931 similia.

460 957 543 990 Vita

460 1007 609 1043 Soboles

354 1067 402 1102 Et
425 1075 547 1102 tamen
568 1069 746 1115 quaedam
765 1068 928 1103 invenias
948 1081 1028 1102 cum
1048 1068 1161 1113 gratia
1182 1068 1261 1113 plu-

250 1119 376 1153 raliter
399 1120 491 1154 elata
504 1148 513 1162 ,
541 1126 582 1154 ut
599 1121 695 1166 apud
711 1121 887 1155 Gellium:
917 1120 1135 1155 Adolescens
1150 1120 1262 1154 flabat

250 1170 376 1206 inanes
394 1172 539 1217 glorias.

760 969 860 990 mors

759 1006 904 1042 humus.

479 1249 616 1284 Neutra
645 1249 841 1294 singularia
870 1255 1023 1284 tantum.

354 1308 490 1353 Vulgus
649 1309 803 1353 Pelagus
962 1309 1088 1344 Solum

353 1360 501 1395 Senium
647 1361 759 1394 Halec
960 1360 1139 1396 Iustitium

351 1413 493 1447 Aurum
645 1414 846 1457 Argentum
962 1413 1124 1448 Coenum
1135 1413 1183 1462 ¹¹²)

352 1464 547 1498 Plumbum
646 1463 693 1498 Et
710 1465 846 1499 fructus
963 1465 1138 1501 Cordum.

302 1524 480 1559 Triticum
492 1552 502 1566 ,
529 1525 581 1559 sal
600 1531 635 1558 et
652 1525 771 1558 oleum
783 1552 793 1565 ,
821 1531 857 1558 et
871 1525 1002 1558 similia
1013 1525 1073 1572 ⁴³).

469 1602 670 1638 Masculina
699 1602 854 1648 pluralia
881 1609 1035 1637 tantum.

352 1664 464 1697 Antes
809 1662 938 1698 Fasces

351 1715 512 1749 Annales
807 1714 907 1749 Fasti

352 1766 509 1801 Cancelli
807 1766 894 1800 Fori
910 1779 975 1811 pro
993 1767 1163 1801 sedilibus

351 1818 443 1853 Cani
806 1817 916 1852 Inferi

351 1870 521 1905 Carceres
536 1882 603 1915 pro
620 1869 730 1916 septis
808 1870 938 1915 Superi

351 1922 476 1957 Casses
806 1922 919 1956 Lares

350 1974 505 2008 Coelites
806 1974 960 2008 Penates

350 2026 523 2060 Proceres
805 2026 923 2066 Sales,
950 2026 1040 2060 salse
1056 2025 1163 2060 dicta.

462 2103 677 2137 Foeminina
706 2103 861 2148 pluralia
887 2109 1042 2136 tantum.

350 2164 530 2209 Ambages
645 2163 827 2198 Excubiae
958 2161 1154 2198 Nundinae

351 2217 467 2251 Aedes
647 2216 809 2250 Exuviae
962 2214 1152 2248 Tenebrae

349 2269 556 2302 Aerumnae
648 2268 834 2314 Exequiae
961 2267 1101 2311 Scopae

350 2320 554 2355 Blanditiae
647 2319 816 2354 Induciae
961 2319 1095 2353 Sordes

350 2372 462 2417 Bigae
648 2371 802 2406 Inseriae
962 2370 1157 2416 Suppetiae

351 2425 551 2470 Compedes
647 2424 803 2459 Insidiae
963 2423 1094 2457 Tricae

352 2477 475 2511 cunae
650 2476 842 2511 Illecebrae
963 2475 1090 2520 Nugae

282 2606 331 2639 4¹)
356 2605 510 2634 anomalia]
539 2604 580 2628 sic
605 2605 654 2628 Ed.
682 2605 775 2635 1526.;

316 2640 453 2666 anomalis

283 2684 331 2716 42)
351 2685 488 2712 Coenum]
506 2682 591 2708 Editt.
612 2682 699 2713 ¹546„
719 2689 743 2708 S.
756 2688 797 2708 a.:
824 2683 923 2706 Lutum

283 2728 330 2760 43)
351 2728 477 2756 similia]
507 2727 589 2750 Editt.
613 2726 705 2757 1546„
730 2733 753 2749 s.
768 2732 811 2750 a.:
842 2727 973 2756 pleraque
1000 2726 1137 2750 vocabula
1161 2731 1256 2750 rerum

318 2765 396 2788 terra
414 2762 594 2787 nascentium.

814 2604 900 2628 Editt.
927 2604 1021 2636 1529„
1048 2604 1143 2635 1546„
1171 2610 1193 2629 s.
1213 2608 1254 2628 a.:

841 121 965 156 PHIL.
1004 123 1119 159 MEL.
1153 123 1360 159 SCRIPTA
1396 124 1738 162 PHILOLOGICA.

2251 130 2329 168 292

1426 210 1548 257 Dapes
2166 250 2169 254 ,

1423 263 1579 297 Delitiae
1725 264 1870 298 Literae
1900 277 1967 309 pro
1997 265 2147 310 epistola

1422 314 1582 349 Divitiae
1727 316 1851 350 Minae

1423 366 1534 400 Dirae
1728 367 1826 412 Opes

1425 418 1586 452 Clitellae
1726 419 1776 452 La
1783 425 1854 453 ctes

1425 470 1550 505 Crates
1726 470 1915 504 Primitiae

1422 521 1551 555 Feriae
1724 522 1915 568 Reliquiae

1422 573 1535 608 Fores

1423 625 1553 659 Grates

1424 677 1559 711 Genae.

1423 736 1604 770 Calendae
1630 748 1648 769 a
1674 737 1841 769 vocando
1859 735 1975 769 dictae
1992 742 2095 777 sunt,
2122 748 2208 770 nam
2224 737 2327 771 novi-

1317 787 1418 821 lunio
1446 788 1715 822 convocabatur
1740 788 1859 833 plebs,
1887 794 1923 821 et
1938 787 2246 833 pronuntiabatur
2261 802 2328 824 nu-

1317 851 1439 874 merus
1460 840 1600 873 dierum
1613 866 1623 879 ,
1652 839 1715 885 qui
1736 841 1781 873 ad
1798 840 1923 875 Nonas
1939 847 2179 885 superessent.
2232 841 2328 876 Nam

1317 890 1432 926 Nonis
1460 891 1725 925 conveniebant
1746 892 1941 937 populares
1964 905 2007 926 ex
2022 892 2116 938 agris
2133 892 2172 926 in
2186 894 2327 928 urbem.

1317 943 1455 977 Graece
1473 946 1577 979 καλῶ
1594 949 1769 977 est'voco.

1421 995 1562 1036 Nonae,
1590 993 1807 1030 Plutarchus
1827 995 1939 1030 dictas
1956 995 2095 1037 Nonas,
2120 996 2224 1042 quasi
2240 1008 2327 1030 neo-

1317 1047 1454 1081 menias
1477 1053 1603 1093 putat,
1631 1053 1707 1081 tum
1734 1047 1830 1080 enim
1848 1047 1971 1092 prodit
1987 1060 2006 1080 a
2025 1047 2123 1082 coitu
2139 1046 2266 1089 Luna,
2293 1054 2328 1082 et

1316 1099 1410 1132 clare
1432 1099 1665 1144 conspicitur.

1418 1149 1500 1185 Idus
1519 1164 1538 1185 a
1558 1151 1754 1184 dividendo
1773 1150 1954 1185 dicuntur.
1992 1150 2086 1186 Nam
2108 1150 2147 1184 in
2165 1151 2326 1185 medium

1316 1214 1476 1236 mensem
1503 1203 1680 1237 incidunt.
1733 1201 1863 1236 Iduare
1889 1203 2050 1237 dividere
2075 1203 2258 1238 veteribus
2280 1203 2327 1238 si-

1316 1254 1520 1298 gnificabat.

1569 1337 1708 1374 Neutra
1738 1337 1891 1383 pluralia
1922 1343 2077 1373 tantum.

1419 1399 1553 1439 Arma,
1588 1404 1725 1438 castra,
1761 1397 1978 1442 crepundia,
2007 1397 2204 1438 cunabula,
2233 1404 2326 1439 exta,

1314 1449 1395 1490 ilia,
1424 1450 1537 1491 iusta,
1562 1449 1721 1483 moenia.

1418 1501 1465 1535 Et
1487 1502 1637 1535 nomina
1662 1502 1858 1541 festorum,
1893 1506 1933 1534 ut
1953 1497 2208 1534 Bacchanalia.

1418 1553 1465 1587 Et
1506 1553 1656 1599 pluralis
1689 1564 1863 1586 numerus
1896 1551 1934 1585 in
1969 1551 2083 1587 titulis
2117 1553 2325 1599 frequenter

1315 1612 1523 1652 usurpatur.

1520 1660 1736 1701 Βουκολικά
1824 1666 1862 1699 Γ
1860 1662 2034 1713 εωργικά.

1417 1726 1608 1772 Quaedam
1634 1725 1742 1759 etiam
1765 1730 1910 1758 mutant
1926 1736 2038 1767 genus
2054 1724 2093 1754 in
2107 1724 2241 1766 plurali
2257 1736 2324 1757 nu-

1315 1791 1428 1813 mero.

1523 1851 1724 1886 Masculina
1753 1850 1791 1883 in
1815 1849 1950 1895 plurali
1974 1855 2116 1884 neutra.

1520 1913 1687 1946 Avernus
1822 1911 1969 1944 Averna

1519 1964 1667 1998 Balteus
1822 1961 1940 1995 baltea

1518 2016 1697 2050 Carbasus
1821 2013 1981 2047 carbasa.

1415 2076 1575 2110 Eventus
1601 2081 1753 2121 quartae
1776 2072 2051 2114 declinationis,
2082 2072 2121 2106 in
2145 2073 2320 2120 singulari

1311 2128 1477 2163 usitatius
1501 2134 1563 2162 est.
1617 2126 1770 2160 Ovidius
1799 2123 1934 2174 [Epist.
1946 2127 1984 2166 2,
2001 2122 2052 2159 85
2069 2122 2165 2172 sq.]:

1572 2178 1704 2213 Careat
1728 2177 1947 2212 successibus
1974 2183 2074 2222 opto,

1414 2231 1586 2277 Quisquis
1605 2231 1650 2264 ab
1668 2236 1799 2264 eventu
1816 2231 1907 2263 facta
1926 2230 2087 2263 notanda
2105 2235 2220 2274 putat.

1414 2283 1574 2317 Eventus
1600 2283 1637 2315 in
1660 2282 1804 2326 plurali.
1857 2281 2000 2316 Livius:
2040 2280 2228 2328 Nusquam
2252 2281 2320 2314 mi-

1310 2348 1377 2370 nus
1393 2336 1614 2380 respondent
1632 2340 1780 2368 eventus
1797 2346 1905 2380 quarn
1923 2334 1961 2366 in
1979 2333 2093 2368 hellis.

1414 2387 1553 2421 Eventa
1583 2388 1678 2431 apud
1701 2386 1913 2420 Ciceronem
1939 2397 2046 2430 saepe
2070 2384 2227 2429 reperies
2249 2396 2319 2429 pro

1310 2439 1416 2473 rebus
1434 2452 1526 2485 quae
1546 2438 1705 2472 accidere
1715 2438 1762 2485 Μ)
1787 2437 1878 2481 [Cic.
1895 2438 1940 2471 ad
1954 2438 2028 2471 Att.
2044 2435 2104 2477 IX,
2120 2435 2191 2479 5.]:
2224 2435 2316 2471 Cau-

1309 2504 1368 2526 sae
1386 2498 1598 2525 eventorum
1618 2491 1732 2535 magis
1752 2496 1900 2523 movent
1918 2501 2027 2535 quam
2044 2488 2121 2534 ipsa
2140 2494 2279 2523 eventa.

1816 2549 1912 2584 Iussa

1815 2601 1911 2635 Loca
1936 2607 1971 2635 et
1995 2601 2066 2634 loci

1517 2550 1635 2586 Iussus

1516 2603 1634 2638 Locus

1343 2756 1392 2790 44)
1412 2755 1561 2789 accidere]
1581 2757 1629 2781 Ede
1654 2757 1727 2781 1546.
1746 2756 1923 2788 acciderunt,
1947 2756 1996 2780 Ed.
2016 2762 2039 2780 s.
2054 2760 2097 2780 a.:
2121 2754 2260 2780 accidunt.
