<?xml version="1.0" encoding="UTF-8"?>
<!DOCTYPE html PUBLIC "-//W3C//DTD XHTML 1.0 Transitional//EN"
    "http://www.w3.org/TR/xhtml1/DTD/xhtml1-transitional.dtd">
<html xmlns="http://www.w3.org/1999/xhtml" xml:lang="en" lang="en">
 <head>
  <title>
</title>
<meta http-equiv="Content-Type" content="text/html;charset=utf-8" />
  <meta name='ocr-system' content='tesseract 3.04.00' />
  <meta name='ocr-capabilities' content='ocr_page ocr_carea ocr_par ocr_line ocrx_word'/>
</head>
<body>
  <div class='ocr_page' id='page_1' title='image "./operaquaesupersu20melauoft/operaquaesupersu20melauoft_0172.png"; bbox 0 0 2421 3037; ppageno 0'>
   <div class='ocr_carea' id='block_1_1' title="bbox 294 152 994 192">
    <p class='ocr_par' dir='ltr' id='par_1_1' title="bbox 294 152 994 192">
     <span class='ocr_line' id='line_1_1' title="bbox 294 152 994 192; baseline -0.009 0"><span class='ocrx_word' id='word_1_1' title='bbox 294 157 367 192; x_wconf 84' lang='lat'><strong>319</strong></span> <span class='ocrx_word' id='word_1_2' title='bbox 870 152 994 187; x_wconf 93' lang='lat' dir='ltr'><strong>PHIL.</strong></span> 
     </span>
    </p>
   </div>
   <div class='ocr_carea' id='block_1_2' title="bbox 293 238 1290 424">
    <p class='ocr_par' dir='ltr' id='par_1_2' title="bbox 293 238 1290 424">
     <span class='ocr_line' id='line_1_2' title="bbox 395 238 1290 284; baseline -0.006 -8"><span class='ocrx_word' id='word_1_3' title='bbox 395 242 441 276; x_wconf 90' lang='lat' dir='ltr'><strong>Et</strong></span> <span class='ocrx_word' id='word_1_4' title='bbox 463 255 615 281; x_wconf 72' lang='lat' dir='ltr'><strong>nomen,</strong></span> <span class='ocrx_word' id='word_1_5' title='bbox 659 239 856 284; x_wconf 88' lang='lat' dir='ltr'><strong>penultima</strong></span> <span class='ocrx_word' id='word_1_6' title='bbox 884 239 997 272; x_wconf 89' lang='lat' dir='ltr'><strong>brevi.</strong></span> <span class='ocrx_word' id='word_1_7' title='bbox 1058 238 1224 273; x_wconf 90' lang='lat' dir='ltr'><strong>Lucanus</strong></span> <span class='ocrx_word' id='word_1_8' title='bbox 1253 239 1290 271; x_wconf 89' lang='lat' dir='ltr'><strong>in</strong></span> 
     </span>
     <span class='ocr_line' id='line_1_3' title="bbox 293 289 709 341; baseline -0.01 -14"><span class='ocrx_word' id='word_1_9' title='bbox 293 294 411 339; x_wconf 88' lang='lat' dir='ltr'><strong>primo</strong></span> <span class='ocrx_word' id='word_1_10' title='bbox 434 293 504 341; x_wconf 76' lang='lat' dir='ltr'><strong>[vs.</strong></span> <span class='ocrx_word' id='word_1_11' title='bbox 525 293 596 327; x_wconf 87' lang='lat'><strong>179</strong></span> <span class='ocrx_word' id='word_1_12' title='bbox 618 289 709 338; x_wconf 90' lang='lat' dir='ltr'><strong>sq.]:</strong></span> 
     </span>
     <span class='ocr_line' id='line_1_4' title="bbox 496 350 888 381; baseline -0.005 -6"><span class='ocrx_word' id='word_1_13' title='bbox 496 351 656 381; x_wconf 83' lang='lat' dir='ltr'><strong>Letalisque</strong></span> <span class='ocrx_word' id='word_1_14' title='bbox 674 350 793 374; x_wconf 82' lang='lat' dir='ltr'><strong>ambitus</strong></span> <span class='ocrx_word' id='word_1_15' title='bbox 812 350 888 381; x_wconf 85' lang='lat' dir='ltr'><strong>urbi,</strong></span> 
     </span>
     <span class='ocr_line' id='line_1_5' title="bbox 430 393 1086 424; baseline -0.003 -6"><span class='ocrx_word' id='word_1_16' title='bbox 430 397 530 419; x_wconf 78' lang='lat' dir='ltr'><strong>Annua</strong></span> <span class='ocrx_word' id='word_1_17' title='bbox 552 394 643 418; x_wconf 83' lang='lat' dir='ltr'><strong>venali</strong></span> <span class='ocrx_word' id='word_1_18' title='bbox 661 393 791 418; x_wconf 82' lang='lat' dir='ltr'><strong>referens</strong></span> <span class='ocrx_word' id='word_1_19' title='bbox 810 393 963 417; x_wconf 81' lang='lat' dir='ltr'><strong>certamina</strong></span> <span class='ocrx_word' id='word_1_20' title='bbox 982 399 1086 424; x_wconf 83' lang='lat' dir='ltr'><strong>campo.</strong></span> 
     </span>
    </p>
   </div>
   <div class='ocr_carea' id='block_1_3' title="bbox 391 438 1289 482">
    <p class='ocr_par' dir='ltr' id='par_1_3' title="bbox 391 438 1289 482">
     <span class='ocr_line' id='line_1_6' title="bbox 391 438 1289 482; baseline -0.003 -10"><span class='ocrx_word' id='word_1_21' title='bbox 391 438 433 472; x_wconf 89' lang='lat' dir='ltr'><strong>In</strong></span> <span class='ocrx_word' id='word_1_22' title='bbox 450 439 549 479; x_wconf 89' lang='lat' dir='ltr'><strong>aliis,</strong></span> <span class='ocrx_word' id='word_1_23' title='bbox 574 438 674 472; x_wconf 75' lang='lat' dir='ltr'><strong>verbi</strong></span> <span class='ocrx_word' id='word_1_24' title='bbox 693 451 754 479; x_wconf 91' lang='lat' dir='ltr'><strong>eo,</strong></span> <span class='ocrx_word' id='word_1_25' title='bbox 781 438 950 482; x_wconf 86' lang='lat' dir='ltr'><strong>supinum</strong></span> <span class='ocrx_word' id='word_1_26' title='bbox 970 438 1058 471; x_wconf 88' lang='lat' dir='ltr'><strong>itum</strong></span> <span class='ocrx_word' id='word_1_27' title='bbox 1071 465 1080 478; x_wconf 92' lang='lat'><strong>,</strong></span> <span class='ocrx_word' id='word_1_28' title='bbox 1102 438 1210 471; x_wconf 86' lang='lat' dir='ltr'><strong>breve</strong></span> <span class='ocrx_word' id='word_1_29' title='bbox 1227 443 1289 470; x_wconf 85' lang='lat' dir='ltr'><strong>est.</strong></span> 
     </span>
    </p>
   </div>
   <div class='ocr_carea' id='block_1_4' title="bbox 291 497 1290 645">
    <p class='ocr_par' dir='ltr' id='par_1_4' title="bbox 291 497 1290 645">
     <span class='ocr_line' id='line_1_7' title="bbox 392 497 1289 543; baseline -0.003 -12"><span class='ocrx_word' id='word_1_30' title='bbox 392 499 459 531; x_wconf 90' lang='lat' dir='ltr'><strong>Hic</strong></span> <span class='ocrx_word' id='word_1_31' title='bbox 475 499 582 532; x_wconf 91' lang='lat' dir='ltr'><strong>etiam</strong></span> <span class='ocrx_word' id='word_1_32' title='bbox 600 499 773 531; x_wconf 85' lang='lat' dir='ltr'><strong>monendi</strong></span> <span class='ocrx_word' id='word_1_33' title='bbox 791 505 873 531; x_wconf 89' lang='lat' dir='ltr'><strong>sunt</strong></span> <span class='ocrx_word' id='word_1_34' title='bbox 890 498 1012 543; x_wconf 88' lang='lat' dir='ltr'><strong>pueri,</strong></span> <span class='ocrx_word' id='word_1_35' title='bbox 1040 498 1076 530; x_wconf 92' lang='lat' dir='ltr'><strong>in</strong></span> <span class='ocrx_word' id='word_1_36' title='bbox 1094 497 1289 542; x_wconf 87' lang='lat' dir='ltr'><strong>praeterito</strong></span> 
     </span>
     <span class='ocr_line' id='line_1_8' title="bbox 293 549 1290 595; baseline -0.003 -11"><span class='ocrx_word' id='word_1_37' title='bbox 293 551 501 595; x_wconf 87' lang='lat' dir='ltr'><strong>imperfecto</strong></span> <span class='ocrx_word' id='word_1_38' title='bbox 521 551 620 583; x_wconf 68' lang='lat' dir='ltr'><strong>verbi</strong></span> <span class='ocrx_word' id='word_1_39' title='bbox 637 563 678 583; x_wconf 89' lang='lat' dir='ltr'><strong>eo</strong></span> <span class='ocrx_word' id='word_1_40' title='bbox 691 577 699 589; x_wconf 95' lang='lat'><strong>,</strong></span> <span class='ocrx_word' id='word_1_41' title='bbox 721 550 817 583; x_wconf 84' lang='lat' dir='ltr'><strong>ibam</strong></span> <span class='ocrx_word' id='word_1_42' title='bbox 835 549 925 590; x_wconf 85' lang='lat' dir='ltr'><strong>dici,</strong></span> <span class='ocrx_word' id='word_1_43' title='bbox 949 562 1024 583; x_wconf 88' lang='lat' dir='ltr'><strong>nou</strong></span> <span class='ocrx_word' id='word_1_44' title='bbox 1043 550 1173 590; x_wconf 88' lang='lat' dir='ltr'><strong>iebam‚</strong></span> <span class='ocrx_word' id='word_1_45' title='bbox 1200 549 1290 582; x_wconf 89' lang='lat' dir='ltr'><strong>sicut</strong></span> 
     </span>
     <span class='ocr_line' id='line_1_9' title="bbox 291 600 1288 645; baseline -0.002 -10"><span class='ocrx_word' id='word_1_46' title='bbox 291 602 492 636; x_wconf 87' lang='lat' dir='ltr'><strong>audiebam.</strong></span> <span class='ocrx_word' id='word_1_47' title='bbox 534 601 577 635; x_wconf 81' lang='lat' dir='ltr'><strong>Et</strong></span> <span class='ocrx_word' id='word_1_48' title='bbox 596 602 755 635; x_wconf 81' lang='lat' dir='ltr'><strong>futurum</strong></span> <span class='ocrx_word' id='word_1_49' title='bbox 775 601 957 645; x_wconf 86' lang='lat' dir='ltr'><strong>geminum</strong></span> <span class='ocrx_word' id='word_1_50' title='bbox 975 608 1037 641; x_wconf 84' lang='lat' dir='ltr'><strong>est,</strong></span> <span class='ocrx_word' id='word_1_51' title='bbox 1066 613 1144 634; x_wconf 87' lang='lat' dir='ltr'><strong>eam</strong></span> <span class='ocrx_word' id='word_1_52' title='bbox 1165 607 1198 634; x_wconf 92' lang='lat' dir='ltr'><strong>et</strong></span> <span class='ocrx_word' id='word_1_53' title='bbox 1219 600 1288 633; x_wconf 89' lang='lat' dir='ltr'><strong>ibo.</strong></span> 
     </span>
    </p>
   </div>
   <div class='ocr_carea' id='block_1_5' title="bbox 293 660 1289 877">
    <p class='ocr_par' dir='ltr' id='par_1_5' title="bbox 394 660 1288 706">
     <span class='ocr_line' id='line_1_10' title="bbox 394 660 1288 706; baseline -0.004 -11"><span class='ocrx_word' id='word_1_54' title='bbox 394 662 564 695; x_wconf 87' lang='lat' dir='ltr'><strong>Formula</strong></span> <span class='ocrx_word' id='word_1_55' title='bbox 584 661 848 706; x_wconf 88' lang='lat' dir='ltr'><strong>coniugationis</strong></span> <span class='ocrx_word' id='word_1_56' title='bbox 867 667 963 694; x_wconf 87' lang='lat' dir='ltr'><strong>extat</strong></span> <span class='ocrx_word' id='word_1_57' title='bbox 977 662 1071 705; x_wconf 83' lang='lat' dir='ltr'><strong>apud</strong></span> <span class='ocrx_word' id='word_1_58' title='bbox 1090 660 1288 693; x_wconf 79' lang='lat' dir='ltr'><strong>Donatum.</strong></span> 
     </span>
    </p>

    <p class='ocr_par' dir='ltr' id='par_1_6' title="bbox 293 721 1289 818">
     <span class='ocr_line' id='line_1_11' title="bbox 393 721 1289 766; baseline -0.003 -11"><span class='ocrx_word' id='word_1_59' title='bbox 393 722 540 756; x_wconf 76' lang='lat' dir='ltr'><strong>Passiva</strong></span> <span class='ocrx_word' id='word_1_60' title='bbox 573 729 785 756; x_wconf 77' lang='lat' dir='ltr'><strong>mutuantur</strong></span> <span class='ocrx_word' id='word_1_61' title='bbox 816 721 1008 766; x_wconf 83' lang='lat' dir='ltr'><strong>praeterita</strong></span> <span class='ocrx_word' id='word_1_62' title='bbox 1034 721 1209 764; x_wconf 84' lang='lat' dir='ltr'><strong>perfecta,</strong></span> <span class='ocrx_word' id='word_1_63' title='bbox 1250 726 1289 752; x_wconf 91' lang='lat' dir='ltr'><strong>ut</strong></span> 
     </span>
     <span class='ocr_line' id='line_1_12' title="bbox 293 773 1065 818; baseline -0.001 -13"><span class='ocrx_word' id='word_1_64' title='bbox 293 774 328 806; x_wconf 92' lang='lat' dir='ltr'><strong>in</strong></span> <span class='ocrx_word' id='word_1_65' title='bbox 347 774 445 813; x_wconf 89' lang='lat' dir='ltr'><strong>aliis,</strong></span> <span class='ocrx_word' id='word_1_66' title='bbox 474 787 492 806; x_wconf 92' lang='lat' dir='ltr'><strong>a</strong></span> <span class='ocrx_word' id='word_1_67' title='bbox 512 774 732 818; x_wconf 76' lang='lat' dir='ltr'>participiis,</span> <span class='ocrx_word' id='word_1_68' title='bbox 759 780 799 807; x_wconf 89' lang='lat' dir='ltr'><strong>ut</strong></span> <span class='ocrx_word' id='word_1_69' title='bbox 816 773 958 806; x_wconf 89' lang='lat' dir='ltr'><strong>auditus</strong></span> <span class='ocrx_word' id='word_1_70' title='bbox 975 784 1065 805; x_wconf 87' lang='lat' dir='ltr'><strong>sum.</strong></span> 
     </span>
    </p>

    <p class='ocr_par' dir='ltr' id='par_1_7' title="bbox 394 831 1288 877">
     <span class='ocr_line' id='line_1_13' title="bbox 394 831 1288 877; baseline -0.004 -10"><span class='ocrx_word' id='word_1_71' title='bbox 394 833 439 867; x_wconf 85' lang='lat' dir='ltr'><strong>Et</strong></span> <span class='ocrx_word' id='word_1_72' title='bbox 465 846 544 866; x_wconf 87' lang='lat' dir='ltr'><strong>cum</strong></span> <span class='ocrx_word' id='word_1_73' title='bbox 572 845 590 866; x_wconf 87' lang='lat' dir='ltr'><strong>a</strong></span> <span class='ocrx_word' id='word_1_74' title='bbox 619 833 756 877; x_wconf 82' lang='lat' dir='ltr'><strong>supinis</strong></span> <span class='ocrx_word' id='word_1_75' title='bbox 780 833 839 865; x_wconf 88' lang='lat' dir='ltr'><strong>illa</strong></span> <span class='ocrx_word' id='word_1_76' title='bbox 864 831 1053 876; x_wconf 87' lang='lat' dir='ltr'><strong>participia</strong></span> <span class='ocrx_word' id='word_1_77' title='bbox 1084 837 1288 871; x_wconf 86' lang='lat' dir='ltr'><strong>nascantur,</strong></span> 
     </span>
    </p>
   </div>
   <div class='ocr_carea' id='block_1_6' title="bbox 291 883 1288 980">
    <p class='ocr_par' dir='ltr' id='par_1_8' title="bbox 291 883 1288 980">
     <span class='ocr_line' id='line_1_14' title="bbox 292 883 1288 929; baseline -0.003 -11"><span class='ocrx_word' id='word_1_78' title='bbox 292 885 499 919; x_wconf 88' lang='lat' dir='ltr'><strong>memineris</strong></span> <span class='ocrx_word' id='word_1_79' title='bbox 519 883 577 917; x_wconf 92' lang='lat' dir='ltr'><strong>hic</strong></span> <span class='ocrx_word' id='word_1_80' title='bbox 593 885 713 929; x_wconf 87' lang='lat' dir='ltr'><strong>supini</strong></span> <span class='ocrx_word' id='word_1_81' title='bbox 730 884 931 928; x_wconf 78' lang='lat' dir='ltr'><strong>regularem</strong></span> <span class='ocrx_word' id='word_1_82' title='bbox 953 895 1076 916; x_wconf 85' lang='lat' dir='ltr'><strong>vocem</strong></span> <span class='ocrx_word' id='word_1_83' title='bbox 1095 884 1185 916; x_wconf 90' lang='lat' dir='ltr'><strong>itum</strong></span> <span class='ocrx_word' id='word_1_84' title='bbox 1202 895 1288 922; x_wconf 89' lang='lat' dir='ltr'><strong>esse,</strong></span> 
     </span>
     <span class='ocr_line' id='line_1_15' title="bbox 291 934 1133 980; baseline -0.004 -10"><span class='ocrx_word' id='word_1_85' title='bbox 291 944 325 970; x_wconf 90' lang='lat' dir='ltr'><strong>et</strong></span> <span class='ocrx_word' id='word_1_86' title='bbox 342 938 385 970; x_wconf 88' lang='lat' dir='ltr'><strong>ad</strong></span> <span class='ocrx_word' id='word_1_87' title='bbox 404 935 497 970; x_wconf 87' lang='lat' dir='ltr'><strong>hanc</strong></span> <span class='ocrx_word' id='word_1_88' title='bbox 515 937 669 969; x_wconf 87' lang='lat' dir='ltr'><strong>formam</strong></span> <span class='ocrx_word' id='word_1_89' title='bbox 689 934 907 980; x_wconf 75' lang='lat' dir='ltr'>deponentia</span> <span class='ocrx_word' id='word_1_90' title='bbox 929 934 1133 979; x_wconf 85' lang='lat' dir='ltr'><strong>coniugato.</strong></span> 
     </span>
    </p>
   </div>
   <div class='ocr_carea' id='block_1_7' title="bbox 443 995 1017 1261">
    <p class='ocr_par' dir='ltr' id='par_1_9' title="bbox 443 995 1017 1261">
     <span class='ocr_line' id='line_1_16' title="bbox 446 995 1017 1040; baseline 0 -11"><span class='ocrx_word' id='word_1_91' title='bbox 446 996 601 1040; x_wconf 78' lang='lat' dir='ltr'><strong>Largior</strong></span> <span class='ocrx_word' id='word_1_92' title='bbox 759 995 908 1039; x_wconf 86' lang='lat' dir='ltr'><strong>largitus</strong></span> <span class='ocrx_word' id='word_1_93' title='bbox 926 1007 1017 1029; x_wconf 77' lang='lat' dir='ltr'><strong>sum.</strong></span> 
     </span>
     <span class='ocr_line' id='line_1_17' title="bbox 714 1063 863 1107; baseline -0.013 -10"><span class='ocrx_word' id='word_1_94' title='bbox 714 1063 863 1107; x_wconf 83' lang='lat' dir='ltr'><strong>Excipe:</strong></span> 
     </span>
     <span class='ocr_line' id='line_1_18' title="bbox 446 1124 994 1157; baseline -0.004 0"><span class='ocrx_word' id='word_1_95' title='bbox 446 1124 579 1157; x_wconf 87' lang='lat' dir='ltr'><strong>Metior</strong></span> <span class='ocrx_word' id='word_1_96' title='bbox 747 1134 892 1156; x_wconf 89' lang='lat' dir='ltr'><strong>mensus</strong></span> <span class='ocrx_word' id='word_1_97' title='bbox 917 1134 994 1156; x_wconf 87' lang='lat' dir='ltr'><strong>sum</strong></span> 
     </span>
     <span class='ocr_line' id='line_1_19' title="bbox 443 1176 954 1209; baseline -0.006 0"><span class='ocrx_word' id='word_1_98' title='bbox 443 1176 580 1209; x_wconf 88' lang='lat' dir='ltr'><strong>Ordior</strong></span> <span class='ocrx_word' id='word_1_99' title='bbox 751 1187 852 1208; x_wconf 91' lang='lat' dir='ltr'><strong>orsus</strong></span> <span class='ocrx_word' id='word_1_100' title='bbox 876 1186 954 1208; x_wconf 89' lang='lat' dir='ltr'><strong>sum</strong></span> 
     </span>
     <span class='ocr_line' id='line_1_20' title="bbox 446 1227 964 1261; baseline -0.002 -1"><span class='ocrx_word' id='word_1_101' title='bbox 446 1227 557 1261; x_wconf 89' lang='lat' dir='ltr'><strong>Orior</strong></span> <span class='ocrx_word' id='word_1_102' title='bbox 752 1232 851 1259; x_wconf 87' lang='lat' dir='ltr'><strong>ortus</strong></span> <span class='ocrx_word' id='word_1_103' title='bbox 874 1238 964 1259; x_wconf 89' lang='lat' dir='ltr'><strong>sum.</strong></span> 
     </span>
    </p>
   </div>
   <div class='ocr_carea' id='block_1_8' title="bbox 290 1270 1289 1428">
    <p class='ocr_par' dir='ltr' id='par_1_10' title="bbox 290 1270 1289 1428">
     <span class='ocr_line' id='line_1_21' title="bbox 290 1270 1288 1320; baseline -0.005 -6"><span class='ocrx_word' id='word_1_104' title='bbox 290 1281 358 1315; x_wconf 88' lang='lat' dir='ltr'><strong>Sed</strong></span> <span class='ocrx_word' id='word_1_105' title='bbox 377 1286 428 1313; x_wconf 88' lang='lat' dir='ltr'><strong>est</strong></span> <span class='ocrx_word' id='word_1_106' title='bbox 454 1280 536 1311; x_wconf 89' lang='lat' dir='ltr'><strong>inde</strong></span> <span class='ocrx_word' id='word_1_107' title='bbox 561 1278 668 1311; x_wconf 82' lang='lat' dir='ltr'><strong>etiam</strong></span> <span class='ocrx_word' id='word_1_108' title='bbox 694 1277 852 1310; x_wconf 89' lang='lat' dir='ltr'><strong>oriturus</strong></span> <span class='ocrx_word' id='word_1_109' title='bbox 877 1275 1108 1320; x_wconf 78' lang='lat' dir='ltr'><strong>participium</strong></span> <span class='ocrx_word' id='word_1_110' title='bbox 1131 1270 1288 1319; x_wconf 82' lang='grc' dir='ltr'>ἀνώμα-</span> 
     </span>
     <span class='ocr_line' id='line_1_22' title="bbox 290 1326 1289 1375; baseline -0.009 -8"><span class='ocrx_word' id='word_1_111' title='bbox 290 1335 379 1375; x_wconf 73' lang='grc' dir='ltr'>λον,</span> <span class='ocrx_word' id='word_1_112' title='bbox 406 1332 668 1375; x_wconf 76' lang='lat' dir='ltr'><strong>degeneratque</strong></span> <span class='ocrx_word' id='word_1_113' title='bbox 685 1327 753 1362; x_wconf 88' lang='lat' dir='ltr'><strong>hoc</strong></span> <span class='ocrx_word' id='word_1_114' title='bbox 770 1329 918 1362; x_wconf 81' lang='lat' dir='ltr'><strong>verbum</strong></span> <span class='ocrx_word' id='word_1_115' title='bbox 939 1328 977 1360; x_wconf 91' lang='lat' dir='ltr'><strong>in</strong></span> <span class='ocrx_word' id='word_1_116' title='bbox 1000 1327 1142 1360; x_wconf 78' lang='lat' dir='ltr'><strong>tertiam</strong></span> <span class='ocrx_word' id='word_1_117' title='bbox 1166 1326 1289 1359; x_wconf 89' lang='lat' dir='ltr'><strong>coniu-</strong></span> 
     </span>
     <span class='ocr_line' id='line_1_23' title="bbox 291 1377 1287 1428; baseline -0.005 -12"><span class='ocrx_word' id='word_1_118' title='bbox 291 1384 472 1428; x_wconf 83' lang='lat' dir='ltr'><strong>gationem</strong></span> <span class='ocrx_word' id='word_1_119' title='bbox 504 1382 582 1415; x_wconf 91' lang='lat' dir='ltr'><strong>aliis</strong></span> <span class='ocrx_word' id='word_1_120' title='bbox 619 1381 777 1419; x_wconf 83' lang='lat' dir='ltr'><strong>casibus,</strong></span> <span class='ocrx_word' id='word_1_121' title='bbox 818 1386 963 1424; x_wconf 86' lang='lat' dir='ltr'><strong>praeter</strong></span> <span class='ocrx_word' id='word_1_122' title='bbox 991 1378 1080 1411; x_wconf 86' lang='lat' dir='ltr'><strong>oriri</strong></span> <span class='ocrx_word' id='word_1_123' title='bbox 1108 1384 1142 1411; x_wconf 89' lang='lat' dir='ltr'><strong>et</strong></span> <span class='ocrx_word' id='word_1_124' title='bbox 1170 1377 1287 1411; x_wconf 89' lang='lat' dir='ltr'><strong>oriris.</strong></span> 
     </span>
    </p>
   </div>
   <div class='ocr_carea' id='block_1_9' title="bbox 290 1429 1287 1540">
    <p class='ocr_par' dir='ltr' id='par_1_11' title="bbox 290 1429 1287 1540">
     <span class='ocr_line' id='line_1_24' title="bbox 290 1429 1287 1480; baseline -0.006 -13"><span class='ocrx_word' id='word_1_125' title='bbox 290 1435 424 1469; x_wconf 83' lang='lat' dir='ltr'><strong>Verum</strong></span> <span class='ocrx_word' id='word_1_126' title='bbox 443 1433 595 1468; x_wconf 76' lang='lat' dir='ltr'><strong>Ovidius</strong></span> <span class='ocrx_word' id='word_1_127' title='bbox 613 1431 719 1480; x_wconf 82' lang='lat' dir='ltr'><strong>[Met.</strong></span> <span class='ocrx_word' id='word_1_128' title='bbox 737 1432 780 1472; x_wconf 87' lang='grc' dir='ltr'><strong>Χ,</strong></span> <span class='ocrx_word' id='word_1_129' title='bbox 799 1429 904 1478; x_wconf 84' lang='grc'>166.]</span> <span class='ocrx_word' id='word_1_130' title='bbox 930 1430 1037 1464; x_wconf 81' lang='lat' dir='ltr'><strong>etiam</strong></span> <span class='ocrx_word' id='word_1_131' title='bbox 1059 1430 1172 1463; x_wconf 90' lang='lat' dir='ltr'><strong>oreris</strong></span> <span class='ocrx_word' id='word_1_132' title='bbox 1189 1429 1287 1462; x_wconf 85' lang='lat' dir='ltr'><strong>fecit:</strong></span> 
     </span>
     <span class='ocr_line' id='line_1_25' title="bbox 340 1489 1253 1540; baseline -0.009 -11"><span class='ocrx_word' id='word_1_133' title='bbox 340 1496 399 1529; x_wconf 91' lang='lat' dir='ltr'><strong>Tu</strong></span> <span class='ocrx_word' id='word_1_134' title='bbox 414 1494 554 1540; x_wconf 89' lang='lat' dir='ltr'><strong>quoties</strong></span> <span class='ocrx_word' id='word_1_135' title='bbox 574 1493 686 1526; x_wconf 89' lang='lat' dir='ltr'><strong>oreris</strong></span> <span class='ocrx_word' id='word_1_136' title='bbox 699 1519 707 1531; x_wconf 91' lang='lat'><strong>,</strong></span> <span class='ocrx_word' id='word_1_137' title='bbox 736 1492 915 1536; x_wconf 78' lang='lat' dir='ltr'><strong>viridique</strong></span> <span class='ocrx_word' id='word_1_138' title='bbox 935 1491 971 1522; x_wconf 91' lang='lat' dir='ltr'><strong>in</strong></span> <span class='ocrx_word' id='word_1_139' title='bbox 990 1489 1119 1534; x_wconf 86' lang='lat' dir='ltr'><strong>cespite</strong></span> <span class='ocrx_word' id='word_1_140' title='bbox 1136 1489 1253 1522; x_wconf 86' lang='lat' dir='ltr'><strong>flores.</strong></span> 
     </span>
    </p>
   </div>
   <div class='ocr_carea' id='block_1_10' title="bbox 290 1557 1295 2379">
    <p class='ocr_par' dir='ltr' id='par_1_12' title="bbox 290 1557 1295 2379">
     <span class='ocr_line' id='line_1_26' title="bbox 397 1557 1289 1608; baseline -0.008 -12"><span class='ocrx_word' id='word_1_141' title='bbox 397 1562 516 1608; x_wconf 87' lang='lat' dir='ltr'><strong>Quam</strong></span> <span class='ocrx_word' id='word_1_142' title='bbox 545 1560 749 1606; x_wconf 86' lang='lat' dir='ltr'><strong>potuimus,</strong></span> <span class='ocrx_word' id='word_1_143' title='bbox 792 1559 1002 1592; x_wconf 79' lang='lat' dir='ltr'><strong>brevissime</strong></span> <span class='ocrx_word' id='word_1_144' title='bbox 1029 1557 1206 1601; x_wconf 89' lang='lat' dir='ltr'><strong>complexi</strong></span> <span class='ocrx_word' id='word_1_145' title='bbox 1232 1569 1289 1590; x_wconf 88' lang='lat' dir='ltr'><strong>su-</strong></span> 
     </span>
     <span class='ocr_line' id='line_1_27' title="bbox 290 1608 1290 1657; baseline -0.008 -8"><span class='ocrx_word' id='word_1_146' title='bbox 290 1627 370 1649; x_wconf 88' lang='lat' dir='ltr'><strong>mus</strong></span> <span class='ocrx_word' id='word_1_147' title='bbox 386 1614 561 1647; x_wconf 85' lang='lat' dir='ltr'><strong>formulas</strong></span> <span class='ocrx_word' id='word_1_148' title='bbox 584 1611 864 1657; x_wconf 84' lang='lat' dir='ltr'><strong>praeteritorum</strong></span> <span class='ocrx_word' id='word_1_149' title='bbox 892 1616 926 1642; x_wconf 88' lang='lat' dir='ltr'><strong>et</strong></span> <span class='ocrx_word' id='word_1_150' title='bbox 947 1609 1173 1654; x_wconf 88' lang='lat' dir='ltr'><strong>supinorum.</strong></span> <span class='ocrx_word' id='word_1_151' title='bbox 1225 1608 1290 1641; x_wconf 88' lang='lat' dir='ltr'><strong>Su-</strong></span> 
     </span>
     <span class='ocr_line' id='line_1_28' title="bbox 290 1660 1289 1713; baseline -0.008 -13"><span class='ocrx_word' id='word_1_152' title='bbox 290 1672 409 1713; x_wconf 87' lang='lat' dir='ltr'><strong>perest</strong></span> <span class='ocrx_word' id='word_1_153' title='bbox 438 1677 554 1704; x_wconf 82' lang='lat' dir='ltr'><strong>nune,</strong></span> <span class='ocrx_word' id='word_1_154' title='bbox 596 1671 635 1697; x_wconf 92' lang='lat' dir='ltr'><strong>ut</strong></span> <span class='ocrx_word' id='word_1_155' title='bbox 669 1676 735 1697; x_wconf 91' lang='lat' dir='ltr'><strong>usu</strong></span> <span class='ocrx_word' id='word_1_156' title='bbox 771 1661 944 1708; x_wconf 91' lang='lat' dir='ltr'><strong>loquendi</strong></span> <span class='ocrx_word' id='word_1_157' title='bbox 974 1661 1107 1694; x_wconf 85' lang='lat' dir='ltr'><strong>faciant</strong></span> <span class='ocrx_word' id='word_1_158' title='bbox 1142 1672 1199 1693; x_wconf 92' lang='lat' dir='ltr'><strong>eas</strong></span> <span class='ocrx_word' id='word_1_159' title='bbox 1222 1660 1289 1693; x_wconf 89' lang='lat' dir='ltr'><strong>sibi</strong></span> 
     </span>
     <span class='ocr_line' id='line_1_29' title="bbox 290 1714 1290 1764; baseline -0.007 -13"><span class='ocrx_word' id='word_1_160' title='bbox 290 1718 395 1764; x_wconf 91' lang='lat' dir='ltr'><strong>pueri</strong></span> <span class='ocrx_word' id='word_1_161' title='bbox 409 1717 615 1750; x_wconf 72' lang='lat' dir='ltr'><strong>familiares.</strong></span> <span class='ocrx_word' id='word_1_162' title='bbox 667 1715 759 1749; x_wconf 86' lang='lat' dir='ltr'><strong>Nam</strong></span> <span class='ocrx_word' id='word_1_163' title='bbox 781 1714 817 1746; x_wconf 92' lang='lat' dir='ltr'><strong>in</strong></span> <span class='ocrx_word' id='word_1_164' title='bbox 835 1725 1001 1747; x_wconf 90' lang='lat' dir='ltr'><strong>sermone</strong></span> <span class='ocrx_word' id='word_1_165' title='bbox 1026 1718 1127 1756; x_wconf 86' lang='lat' dir='ltr'><strong>coget</strong></span> <span class='ocrx_word' id='word_1_166' title='bbox 1150 1724 1210 1744; x_wconf 92' lang='lat' dir='ltr'><strong>eos</strong></span> <span class='ocrx_word' id='word_1_167' title='bbox 1235 1724 1290 1744; x_wconf 88' lang='lat' dir='ltr'><strong>res</strong></span> 
     </span>
     <span class='ocr_line' id='line_1_30' title="bbox 291 1767 1290 1815; baseline -0.009 -11"><span class='ocrx_word' id='word_1_168' title='bbox 291 1771 367 1815; x_wconf 90' lang='lat' dir='ltr'><strong>ipsa</strong></span> <span class='ocrx_word' id='word_1_169' title='bbox 387 1770 577 1803; x_wconf 79' lang='lat' dir='ltr'><strong>observare</strong></span> <span class='ocrx_word' id='word_1_170' title='bbox 605 1767 815 1800; x_wconf 77' lang='lat' dir='ltr'><strong>varietatem</strong></span> <span class='ocrx_word' id='word_1_171' title='bbox 840 1771 1045 1809; x_wconf 87' lang='lat' dir='ltr'><strong>temporum</strong></span> <span class='ocrx_word' id='word_1_172' title='bbox 1072 1770 1107 1796; x_wconf 92' lang='lat' dir='ltr'><strong>et</strong></span> <span class='ocrx_word' id='word_1_173' title='bbox 1132 1775 1290 1803; x_wconf 86' lang='lat' dir='ltr'><strong>casuum,</strong></span> 
     </span>
     <span class='ocr_line' id='line_1_31' title="bbox 292 1814 1290 1868; baseline -0.009 -13"><span class='ocrx_word' id='word_1_174' title='bbox 292 1834 400 1868; x_wconf 90' lang='lat' dir='ltr'><strong>quam</strong></span> <span class='ocrx_word' id='word_1_175' title='bbox 432 1818 704 1865; x_wconf 87' lang='lat' dir='ltr'><strong>deprehendent</strong></span> <span class='ocrx_word' id='word_1_176' title='bbox 738 1816 896 1856; x_wconf 81' lang='lat' dir='ltr'><strong>facilius,</strong></span> <span class='ocrx_word' id='word_1_177' title='bbox 938 1816 966 1850; x_wconf 88' lang='lat' dir='ltr'><strong>si</strong></span> <span class='ocrx_word' id='word_1_178' title='bbox 1000 1816 1037 1848; x_wconf 90' lang='lat' dir='ltr'><strong>in</strong></span> <span class='ocrx_word' id='word_1_179' title='bbox 1071 1814 1290 1849; x_wconf 88' lang='lat' dir='ltr'><strong>Germanico</strong></span> 
     </span>
     <span class='ocr_line' id='line_1_32' title="bbox 293 1866 1291 1912; baseline -0.009 -5"><span class='ocrx_word' id='word_1_180' title='bbox 293 1885 458 1908; x_wconf 88' lang='lat' dir='ltr'><strong>sermone</strong></span> <span class='ocrx_word' id='word_1_181' title='bbox 477 1873 627 1905; x_wconf 87' lang='lat' dir='ltr'><strong>eandem</strong></span> <span class='ocrx_word' id='word_1_182' title='bbox 648 1869 859 1902; x_wconf 76' lang='lat' dir='ltr'><strong>varietatem</strong></span> <span class='ocrx_word' id='word_1_183' title='bbox 877 1874 1082 1912; x_wconf 88' lang='lat' dir='ltr'><strong>temporum</strong></span> <span class='ocrx_word' id='word_1_184' title='bbox 1110 1867 1147 1899; x_wconf 92' lang='lat' dir='ltr'><strong>in</strong></span> <span class='ocrx_word' id='word_1_185' title='bbox 1173 1866 1291 1899; x_wconf 71' lang='lat' dir='ltr'><strong>verbis</strong></span> 
     </span>
     <span class='ocr_line' id='line_1_33' title="bbox 293 1918 1290 1961; baseline -0.008 -3"><span class='ocrx_word' id='word_1_186' title='bbox 293 1923 627 1958; x_wconf 81' lang='lat' dir='ltr'><strong>animadverterint.</strong></span> <span class='ocrx_word' id='word_1_187' title='bbox 666 1921 757 1954; x_wconf 90' lang='lat' dir='ltr'><strong>Sunt</strong></span> <span class='ocrx_word' id='word_1_188' title='bbox 776 1926 917 1960; x_wconf 77' lang='lat' dir='ltr'><strong>autem,</strong></span> <span class='ocrx_word' id='word_1_189' title='bbox 945 1926 984 1952; x_wconf 88' lang='lat' dir='ltr'><strong>ut</strong></span> <span class='ocrx_word' id='word_1_190' title='bbox 1001 1918 1290 1961; x_wconf 13' lang='lat' dir='ltr'><strong>Donatusbetiam</strong></span> 
     </span>
     <span class='ocr_line' id='line_1_34' title="bbox 293 1970 1291 2017; baseline -0.008 -7"><span class='ocrx_word' id='word_1_191' title='bbox 293 1978 416 2016; x_wconf 90' lang='lat' dir='ltr'><strong>docet,</strong></span> <span class='ocrx_word' id='word_1_192' title='bbox 445 1976 535 2009; x_wconf 86' lang='lat' dir='ltr'><strong>duae</strong></span> <span class='ocrx_word' id='word_1_193' title='bbox 555 1986 659 2007; x_wconf 81' lang='lat' dir='ltr'><strong>voces</strong></span> <span class='ocrx_word' id='word_1_194' title='bbox 677 1973 910 2017; x_wconf 82' lang='lat' dir='ltr'><strong>supinorum,</strong></span> <span class='ocrx_word' id='word_1_195' title='bbox 944 1984 1004 2003; x_wconf 91' lang='lat' dir='ltr'><strong>um</strong></span> <span class='ocrx_word' id='word_1_196' title='bbox 1031 1977 1065 2003; x_wconf 91' lang='lat' dir='ltr'><strong>et</strong></span> <span class='ocrx_word' id='word_1_197' title='bbox 1090 1983 1134 2010; x_wconf 87' lang='lat' dir='ltr'><strong>u,</strong></span> <span class='ocrx_word' id='word_1_198' title='bbox 1161 1970 1291 2003; x_wconf 89' lang='lat' dir='ltr'><strong>lectum</strong></span> 
     </span>
     <span class='ocr_line' id='line_1_35' title="bbox 293 2021 1293 2067; baseline -0.01 -5"><span class='ocrx_word' id='word_1_199' title='bbox 293 2035 327 2062; x_wconf 92' lang='lat' dir='ltr'><strong>et</strong></span> <span class='ocrx_word' id='word_1_200' title='bbox 359 2029 464 2061; x_wconf 86' lang='lat' dir='ltr'><strong>lectu.</strong></span> <span class='ocrx_word' id='word_1_201' title='bbox 530 2025 594 2059; x_wconf 86' lang='lat' dir='ltr'><strong>Est</strong></span> <span class='ocrx_word' id='word_1_202' title='bbox 616 2031 736 2059; x_wconf 87' lang='lat' dir='ltr'><strong>autem</strong></span> <span class='ocrx_word' id='word_1_203' title='bbox 768 2024 805 2056; x_wconf 88' lang='lat' dir='ltr'><strong>iu</strong></span> <span class='ocrx_word' id='word_1_204' title='bbox 827 2029 980 2067; x_wconf 83' lang='lat' dir='ltr'><strong>utraque</strong></span> <span class='ocrx_word' id='word_1_205' title='bbox 1008 2034 1093 2055; x_wconf 83' lang='lat' dir='ltr'><strong>voce</strong></span> <span class='ocrx_word' id='word_1_206' title='bbox 1125 2021 1293 2054; x_wconf 75' lang='lat' dir='ltr'><strong>infinitivi</strong></span> 
     </span>
     <span class='ocr_line' id='line_1_36' title="bbox 293 2070 1294 2124; baseline -0.009 -11"><span class='ocrx_word' id='word_1_207' title='bbox 293 2078 526 2124; x_wconf 85' lang='lat' dir='ltr'><strong>significatio,</strong></span> <span class='ocrx_word' id='word_1_208' title='bbox 562 2090 634 2123; x_wconf 91' lang='lat' dir='ltr'><strong>quo</strong></span> <span class='ocrx_word' id='word_1_209' title='bbox 665 2075 825 2109; x_wconf 89' lang='lat' dir='ltr'><strong>contenti</strong></span> <span class='ocrx_word' id='word_1_210' title='bbox 850 2073 999 2113; x_wconf 82' lang='lat' dir='ltr'><strong>Graeci,</strong></span> <span class='ocrx_word' id='word_1_211' title='bbox 1034 2073 1131 2106; x_wconf 90' lang='lat' dir='ltr'><strong>nulla</strong></span> <span class='ocrx_word' id='word_1_212' title='bbox 1159 2070 1294 2105; x_wconf 86' lang='lat' dir='ltr'><strong>habent</strong></span> 
     </span>
     <span class='ocr_line' id='line_1_37' title="bbox 293 2124 1294 2176; baseline -0.009 -11"><span class='ocrx_word' id='word_1_213' title='bbox 293 2132 444 2176; x_wconf 82' lang='lat' dir='ltr'><strong>supina,</strong></span> <span class='ocrx_word' id='word_1_214' title='bbox 472 2136 530 2169; x_wconf 91' lang='lat' dir='ltr'><strong>ut,</strong></span> <span class='ocrx_word' id='word_1_215' title='bbox 557 2129 664 2161; x_wconf 84' lang='lat' dir='ltr'><strong>venio</strong></span> <span class='ocrx_word' id='word_1_216' title='bbox 685 2133 903 2172; x_wconf 78' lang='lat' dir='ltr'><strong>spectatum,</strong></span> <span class='ocrx_word' id='word_1_217' title='bbox 931 2125 967 2157; x_wconf 92' lang='lat' dir='ltr'><strong>id</strong></span> <span class='ocrx_word' id='word_1_218' title='bbox 994 2131 1063 2164; x_wconf 85' lang='lat' dir='ltr'><strong>est,</strong></span> <span class='ocrx_word' id='word_1_219' title='bbox 1091 2124 1197 2157; x_wconf 71' lang='lat' dir='ltr'><strong>venio</strong></span> <span class='ocrx_word' id='word_1_220' title='bbox 1217 2136 1294 2168; x_wconf 91' lang='lat' dir='ltr'><strong>spe-</strong></span> 
     </span>
     <span class='ocr_line' id='line_1_38' title="bbox 294 2175 1293 2223; baseline -0.009 -7"><span class='ocrx_word' id='word_1_221' title='bbox 294 2190 401 2216; x_wconf 88' lang='lat' dir='ltr'><strong>ctare.</strong></span> <span class='ocrx_word' id='word_1_222' title='bbox 469 2181 654 2214; x_wconf 83' lang='lat' dir='ltr'><strong>Posterior</strong></span> <span class='ocrx_word' id='word_1_223' title='bbox 684 2192 753 2213; x_wconf 75' lang='lat' dir='ltr'><strong>vox</strong></span> <span class='ocrx_word' id='word_1_224' title='bbox 785 2177 923 2223; x_wconf 82' lang='lat' dir='ltr'><strong>passive</strong></span> <span class='ocrx_word' id='word_1_225' title='bbox 949 2176 1144 2220; x_wconf 84' lang='lat' dir='ltr'><strong>significat,</strong></span> <span class='ocrx_word' id='word_1_226' title='bbox 1187 2175 1293 2218; x_wconf 85' lang='lat' dir='ltr'><strong>digna</strong></span> 
     </span>
     <span class='ocr_line' id='line_1_39' title="bbox 295 2227 1295 2274; baseline -0.008 -7"><span class='ocrx_word' id='word_1_227' title='bbox 295 2247 351 2268; x_wconf 90' lang='lat' dir='ltr'><strong>res</strong></span> <span class='ocrx_word' id='word_1_228' title='bbox 385 2233 529 2271; x_wconf 84' lang='lat' dir='ltr'><strong>auditu,</strong></span> <span class='ocrx_word' id='word_1_229' title='bbox 570 2232 604 2264; x_wconf 88' lang='lat' dir='ltr'><strong>id</strong></span> <span class='ocrx_word' id='word_1_230' title='bbox 628 2238 697 2271; x_wconf 88' lang='lat' dir='ltr'><strong>est,</strong></span> <span class='ocrx_word' id='word_1_231' title='bbox 740 2230 847 2274; x_wconf 88' lang='lat' dir='ltr'><strong>digna</strong></span> <span class='ocrx_word' id='word_1_232' title='bbox 876 2227 1013 2268; x_wconf 85' lang='lat' dir='ltr'><strong>audiri,</strong></span> <span class='ocrx_word' id='word_1_233' title='bbox 1056 2227 1158 2260; x_wconf 88' lang='lat' dir='ltr'><strong>facile</strong></span> <span class='ocrx_word' id='word_1_234' title='bbox 1185 2227 1295 2265; x_wconf 88' lang='lat' dir='ltr'><strong>dictu,</strong></span> 
     </span>
     <span class='ocr_line' id='line_1_40' title="bbox 294 2278 1295 2324; baseline -0.007 -6"><span class='ocrx_word' id='word_1_235' title='bbox 294 2286 396 2319; x_wconf 87' lang='lat' dir='ltr'><strong>facile</strong></span> <span class='ocrx_word' id='word_1_236' title='bbox 420 2285 510 2324; x_wconf 85' lang='lat' dir='ltr'><strong>dici,</strong></span> <span class='ocrx_word' id='word_1_237' title='bbox 554 2284 747 2317; x_wconf 82' lang='lat' dir='ltr'><strong>iucundum</strong></span> <span class='ocrx_word' id='word_1_238' title='bbox 779 2282 892 2320; x_wconf 88' lang='lat' dir='ltr'><strong>lectu,</strong></span> <span class='ocrx_word' id='word_1_239' title='bbox 934 2280 970 2313; x_wconf 90' lang='lat' dir='ltr'><strong>id</strong></span> <span class='ocrx_word' id='word_1_240' title='bbox 996 2286 1064 2320; x_wconf 89' lang='lat' dir='ltr'><strong>est,</strong></span> <span class='ocrx_word' id='word_1_241' title='bbox 1108 2278 1198 2323; x_wconf 85' lang='lat' dir='ltr'><strong>legi,</strong></span> <span class='ocrx_word' id='word_1_242' title='bbox 1234 2291 1295 2312; x_wconf 89' lang='lat' dir='ltr'><strong>seu</strong></span> 
     </span>
     <span class='ocr_line' id='line_1_41' title="bbox 297 2337 544 2379; baseline -0.012 -8"><span class='ocrx_word' id='word_1_243' title='bbox 297 2350 376 2371; x_wconf 89' lang='lat' dir='ltr'><strong>cum</strong></span> <span class='ocrx_word' id='word_1_244' title='bbox 404 2337 544 2379; x_wconf 76' lang='lat' dir='ltr'><strong>legitur.</strong></span> 
     </span>
    </p>
   </div>
   <div class='ocr_carea' id='block_1_11' title="bbox 298 2390 1296 2493">
    <p class='ocr_par' dir='ltr' id='par_1_13' title="bbox 298 2390 1296 2493">
     <span class='ocr_line' id='line_1_42' title="bbox 400 2390 1296 2437; baseline -0.008 -8"><span class='ocrx_word' id='word_1_245' title='bbox 400 2396 463 2430; x_wconf 86' lang='lat' dir='ltr'><strong>Est</strong></span> <span class='ocrx_word' id='word_1_246' title='bbox 486 2402 520 2428; x_wconf 90' lang='lat' dir='ltr'><strong>et</strong></span> <span class='ocrx_word' id='word_1_247' title='bbox 547 2407 647 2428; x_wconf 88' lang='lat' dir='ltr'><strong>casus</strong></span> <span class='ocrx_word' id='word_1_248' title='bbox 672 2394 708 2426; x_wconf 88' lang='lat' dir='ltr'><strong>in</strong></span> <span class='ocrx_word' id='word_1_249' title='bbox 736 2393 874 2432; x_wconf 86' lang='lat' dir='ltr'><strong>verbis,</strong></span> <span class='ocrx_word' id='word_1_250' title='bbox 916 2403 1007 2437; x_wconf 84' lang='lat' dir='ltr'><strong>quae</strong></span> <span class='ocrx_word' id='word_1_251' title='bbox 1032 2390 1205 2435; x_wconf 87' lang='lat' dir='ltr'><strong>gerundia</strong></span> <span class='ocrx_word' id='word_1_252' title='bbox 1234 2403 1296 2422; x_wconf 90' lang='lat' dir='ltr'><strong>vo—</strong></span> 
     </span>
     <span class='ocr_line' id='line_1_43' title="bbox 298 2441 1295 2493; baseline -0.007 -11"><span class='ocrx_word' id='word_1_253' title='bbox 298 2455 399 2488; x_wconf 85' lang='lat' dir='ltr'><strong>cant,</strong></span> <span class='ocrx_word' id='word_1_254' title='bbox 427 2459 518 2493; x_wconf 89' lang='lat' dir='ltr'><strong>quae</strong></span> <span class='ocrx_word' id='word_1_255' title='bbox 538 2446 630 2491; x_wconf 84' lang='lat' dir='ltr'><strong>in¹⁷)</strong></span> <span class='ocrx_word' id='word_1_256' title='bbox 647 2445 835 2490; x_wconf 79' lang='lat' dir='ltr'><strong>participia</strong></span> <span class='ocrx_word' id='word_1_257' title='bbox 854 2443 1000 2489; x_wconf 89' lang='lat' dir='ltr'><strong>quidam</strong></span> <span class='ocrx_word' id='word_1_258' title='bbox 1020 2444 1192 2476; x_wconf 87' lang='lat' dir='ltr'><strong>referunt.</strong></span> <span class='ocrx_word' id='word_1_259' title='bbox 1227 2441 1295 2476; x_wconf 85' lang='lat' dir='ltr'><strong>Sed</strong></span> 
     </span>
    </p>
   </div>
   <div class='ocr_carea' id='block_1_12' title="bbox 299 2496 1325 2546">
    <p class='ocr_par' dir='ltr' id='par_1_14' title="bbox 299 2496 1325 2546">
     <span class='ocr_line' id='line_1_44' title="bbox 299 2496 1325 2546; baseline -0.007 -13"><span class='ocrx_word' id='word_1_260' title='bbox 299 2500 382 2546; x_wconf 78' lang='lat' dir='ltr'><strong>quia</strong></span> <span class='ocrx_word' id='word_1_261' title='bbox 404 2505 483 2543; x_wconf 87' lang='lat' dir='ltr'><strong>post</strong></span> <span class='ocrx_word' id='word_1_262' title='bbox 504 2511 539 2531; x_wconf 83' lang='lat' dir='ltr'><strong>se</strong></span> <span class='ocrx_word' id='word_1_263' title='bbox 558 2510 677 2531; x_wconf 84' lang='lat' dir='ltr'><strong>casum</strong></span> <span class='ocrx_word' id='word_1_264' title='bbox 704 2496 904 2530; x_wconf 80' lang='lat' dir='ltr'><strong>activorum</strong></span> <span class='ocrx_word' id='word_1_265' title='bbox 931 2501 1079 2539; x_wconf 87' lang='lat' dir='ltr'><strong>regunt,</strong></span> <span class='ocrx_word' id='word_1_266' title='bbox 1113 2506 1187 2527; x_wconf 89' lang='lat' dir='ltr'><strong>non</strong></span> <span class='ocrx_word' id='word_1_267' title='bbox 1214 2500 1297 2528; x_wconf 89' lang='lat' dir='ltr'><strong>sunt</strong></span> <span class='ocrx_word' id='word_1_268' title='bbox 1323 2510 1325 2517; x_wconf 36' lang='grc' dir='ltr'><em>Α</em></span> 
     </span>
    </p>
   </div>
   <div class='ocr_carea' id='block_1_13' title="bbox 299 2548 1299 2698">
    <p class='ocr_par' dir='ltr' id='par_1_15' title="bbox 299 2548 1299 2698">
     <span class='ocr_line' id='line_1_45' title="bbox 300 2548 1296 2596; baseline -0.007 -11"><span class='ocrx_word' id='word_1_269' title='bbox 300 2563 469 2596; x_wconf 84' lang='lat' dir='ltr'><strong>germana</strong></span> <span class='ocrx_word' id='word_1_270' title='bbox 503 2549 703 2594; x_wconf 84' lang='lat' dir='ltr'><strong>participia.</strong></span> <span class='ocrx_word' id='word_1_271' title='bbox 780 2548 871 2581; x_wconf 90' lang='lat' dir='ltr'><strong>Sunt</strong></span> <span class='ocrx_word' id='word_1_272' title='bbox 902 2553 1021 2579; x_wconf 82' lang='lat' dir='ltr'><strong>autern</strong></span> <span class='ocrx_word' id='word_1_273' title='bbox 1054 2553 1124 2579; x_wconf 88' lang='lat' dir='ltr'><strong>tres</strong></span> <span class='ocrx_word' id='word_1_274' title='bbox 1156 2553 1296 2579; x_wconf 86' lang='lat' dir='ltr'><strong>tantum</strong></span> 
     </span>
     <span class='ocr_line' id='line_1_46' title="bbox 301 2597 1296 2645; baseline -0.006 -9"><span class='ocrx_word' id='word_1_275' title='bbox 301 2616 427 2642; x_wconf 63' lang='lat' dir='ltr'><strong>voces,</strong></span> <span class='ocrx_word' id='word_1_276' title='bbox 471 2600 631 2645; x_wconf 88' lang='lat' dir='ltr'><strong>legendi,</strong></span> <span class='ocrx_word' id='word_1_277' title='bbox 676 2600 846 2643; x_wconf 77' lang='lat' dir='ltr'><strong>legendo,</strong></span> <span class='ocrx_word' id='word_1_278' title='bbox 888 2599 1090 2641; x_wconf 84' lang='lat' dir='ltr'><strong>legendum.</strong></span> <span class='ocrx_word' id='word_1_279' title='bbox 1171 2597 1296 2644; x_wconf 87' lang='lat' dir='ltr'><strong>anue</strong></span> 
     </span>
     <span class='ocr_line' id='line_1_47' title="bbox 299 2648 1299 2698; baseline -0.006 -11"><span class='ocrx_word' id='word_1_280' title='bbox 299 2654 509 2698; x_wconf 84' lang='lat' dir='ltr'><strong>simpliciter</strong></span> <span class='ocrx_word' id='word_1_281' title='bbox 532 2650 665 2685; x_wconf 80' lang='lat' dir='ltr'><strong>liabent</strong></span> <span class='ocrx_word' id='word_1_282' title='bbox 690 2650 984 2695; x_wconf 77' lang='lat' dir='ltr'><strong>significationem</strong></span> <span class='ocrx_word' id='word_1_283' title='bbox 1010 2650 1191 2683; x_wconf 76' lang='lat' dir='ltr'><strong>infinitivi.</strong></span> <span class='ocrx_word' id='word_1_284' title='bbox 1252 2648 1299 2682; x_wconf 84' lang='lat' dir='ltr'><strong>Et</strong></span> 
     </span>
    </p>
   </div>
   <div class='ocr_carea' id='block_1_14' title="bbox 339 2778 716 2810">
    <p class='ocr_par' dir='ltr' id='par_1_16' title="bbox 339 2778 716 2810">
     <span class='ocr_line' id='line_1_48' title="bbox 339 2778 716 2810; baseline -0.008 -7"><span class='ocrx_word' id='word_1_285' title='bbox 339 2780 382 2810; x_wconf 81' lang='grc'><strong>17)</strong></span> <span class='ocrx_word' id='word_1_286' title='bbox 404 2780 446 2807; x_wconf 81' lang='grc'>111]</span> <span class='ocrx_word' id='word_1_287' title='bbox 466 2780 513 2803; x_wconf 76' lang='lat' dir='ltr'><strong>Ed.</strong></span> <span class='ocrx_word' id='word_1_288' title='bbox 533 2785 555 2801; x_wconf 81' lang='lat' dir='ltr'><strong>s.</strong></span> <span class='ocrx_word' id='word_1_289' title='bbox 575 2784 615 2801; x_wconf 86' lang='lat' dir='ltr'><strong>a.:</strong></span> <span class='ocrx_word' id='word_1_290' title='bbox 644 2778 716 2801; x_wconf 85' lang='lat' dir='ltr'><strong>iuter</strong></span> 
     </span>
    </p>
   </div>
   <div class='ocr_carea' id='block_1_15' title="bbox 1032 149 1757 186">
    <p class='ocr_par' dir='ltr' id='par_1_17' title="bbox 1032 149 1757 186">
     <span class='ocr_line' id='line_1_49' title="bbox 1032 149 1757 186; baseline 0 0"><span class='ocrx_word' id='word_1_291' title='bbox 1032 152 1145 186; x_wconf 86' lang='lat' dir='ltr'><strong>MEL.</strong></span> <span class='ocrx_word' id='word_1_292' title='bbox 1182 150 1385 186; x_wconf 82' lang='lat' dir='ltr'><strong>SCRIPTA</strong></span> <span class='ocrx_word' id='word_1_293' title='bbox 1418 149 1757 186; x_wconf 85' lang='lat' dir='ltr'><strong>PHILOLOGICA.</strong></span> 
     </span>
    </p>
   </div>
   <div class='ocr_carea' id='block_1_16' title="bbox 1315 1426 1325 2411">
    <p class='ocr_par' dir='ltr' id='par_1_18' title="bbox 1315 1426 1325 2411">
     <span class='ocr_line' id='line_1_50' title="bbox 1315 1426 1325 2411; baseline 0 0"><span class='ocrx_word' id='word_1_294' title='bbox 1315 1426 1325 2411; x_wconf 95' lang='lat' dir='ltr'><strong> </strong></span> 
     </span>
    </p>
   </div>
   <div class='ocr_carea' id='block_1_17' title="bbox 1315 1426 1327 2738">
    <p class='ocr_par' dir='ltr' id='par_1_19' title="bbox 1315 1426 1327 2738">
     <span class='ocr_line' id='line_1_51' title="bbox 1315 1426 1327 2738; baseline 0 0"><span class='ocrx_word' id='word_1_295' title='bbox 1315 1426 1327 2738; x_wconf 95' lang='lat' dir='ltr'><strong> </strong></span> 
     </span>
    </p>
   </div>
   <div class='ocr_carea' id='block_1_18' title="bbox 2265 153 2339 189">
    <p class='ocr_par' dir='ltr' id='par_1_20' title="bbox 2265 153 2339 189">
     <span class='ocr_line' id='line_1_52' title="bbox 2265 153 2339 189; baseline 0.027 -2"><span class='ocrx_word' id='word_1_296' title='bbox 2265 153 2339 189; x_wconf 77' lang='lat'><strong>520</strong></span> 
     </span>
    </p>
   </div>
   <div class='ocr_carea' id='block_1_19' title="bbox 1342 236 2342 1209">
    <p class='ocr_par' dir='ltr' id='par_1_21' title="bbox 1342 236 2342 851">
     <span class='ocr_line' id='line_1_53' title="bbox 1345 236 2340 284; baseline 0.003 -13"><span class='ocrx_word' id='word_1_297' title='bbox 1345 237 1429 284; x_wconf 86' lang='lat' dir='ltr'><strong>quia</strong></span> <span class='ocrx_word' id='word_1_298' title='bbox 1466 236 1634 270; x_wconf 83' lang='lat' dir='ltr'><strong>infinitivi</strong></span> <span class='ocrx_word' id='word_1_299' title='bbox 1673 237 1969 282; x_wconf 86' lang='lat' dir='ltr'><strong>significationem</strong></span> <span class='ocrx_word' id='word_1_300' title='bbox 2007 237 2082 272; x_wconf 91' lang='lat' dir='ltr'><strong>sine</strong></span> <span class='ocrx_word' id='word_1_301' title='bbox 2116 239 2340 283; x_wconf 87' lang='lat' dir='ltr'><strong>temporibus</strong></span> 
     </span>
     <span class='ocr_line' id='line_1_54' title="bbox 1343 289 2338 334; baseline 0 -11"><span class='ocrx_word' id='word_1_302' title='bbox 1343 302 1448 333; x_wconf 87' lang='lat' dir='ltr'><strong>saepe</strong></span> <span class='ocrx_word' id='word_1_303' title='bbox 1467 301 1546 322; x_wconf 91' lang='lat' dir='ltr'><strong>cum</strong></span> <span class='ocrx_word' id='word_1_304' title='bbox 1565 289 1772 323; x_wconf 85' lang='lat' dir='ltr'><strong>nominibus</strong></span> <span class='ocrx_word' id='word_1_305' title='bbox 1790 289 1978 333; x_wconf 84' lang='lat' dir='ltr'><strong>coniungi,</strong></span> <span class='ocrx_word' id='word_1_306' title='bbox 2015 295 2076 322; x_wconf 89' lang='lat' dir='ltr'><strong>aut</strong></span> <span class='ocrx_word' id='word_1_307' title='bbox 2100 301 2166 334; x_wconf 92' lang='lat' dir='ltr'><strong>pro</strong></span> <span class='ocrx_word' id='word_1_308' title='bbox 2189 291 2338 324; x_wconf 89' lang='lat' dir='ltr'><strong>nomine</strong></span> 
     </span>
     <span class='ocr_line' id='line_1_55' title="bbox 1343 340 2340 386; baseline 0 -12"><span class='ocrx_word' id='word_1_309' title='bbox 1343 340 1510 385; x_wconf 85' lang='lat' dir='ltr'><strong>usurpari</strong></span> <span class='ocrx_word' id='word_1_310' title='bbox 1541 352 1598 374; x_wconf 87' lang='lat' dir='ltr'><strong>res</strong></span> <span class='ocrx_word' id='word_1_311' title='bbox 1631 341 1743 384; x_wconf 85' lang='lat' dir='ltr'><strong>cogit,</strong></span> <span class='ocrx_word' id='word_1_312' title='bbox 1783 347 1817 373; x_wconf 89' lang='lat' dir='ltr'><strong>et</strong></span> <span class='ocrx_word' id='word_1_313' title='bbox 1841 353 1982 380; x_wconf 89' lang='lat' dir='ltr'><strong>casum,</strong></span> <span class='ocrx_word' id='word_1_314' title='bbox 2013 347 2187 386; x_wconf 91' lang='lat' dir='ltr'><strong>tanquam</strong></span> <span class='ocrx_word' id='word_1_315' title='bbox 2212 341 2251 374; x_wconf 89' lang='lat' dir='ltr'><strong>in</strong></span> <span class='ocrx_word' id='word_1_316' title='bbox 2273 353 2340 375; x_wconf 83' lang='lat' dir='ltr'><strong>no-</strong></span> 
     </span>
     <span class='ocr_line' id='line_1_56' title="bbox 1344 392 2342 437; baseline 0.001 -12"><span class='ocrx_word' id='word_1_317' title='bbox 1344 392 1460 432; x_wconf 86' lang='lat' dir='ltr'><strong>mine,</strong></span> <span class='ocrx_word' id='word_1_318' title='bbox 1504 392 1712 437; x_wconf 87' lang='lat' dir='ltr'><strong>requirebat</strong></span> <span class='ocrx_word' id='word_1_319' title='bbox 1744 392 1940 425; x_wconf 85' lang='lat' dir='ltr'><strong>sententiae</strong></span> <span class='ocrx_word' id='word_1_320' title='bbox 1970 392 2157 433; x_wconf 84' lang='lat' dir='ltr'><strong>strictura,</strong></span> <span class='ocrx_word' id='word_1_321' title='bbox 2203 392 2342 426; x_wconf 84' lang='lat' dir='ltr'><strong>utiliter</strong></span> 
     </span>
     <span class='ocr_line' id='line_1_57' title="bbox 1344 443 2340 487; baseline 0.003 -12"><span class='ocrx_word' id='word_1_322' title='bbox 1344 443 1489 476; x_wconf 68' lang='lat' dir='ltr'><strong>inventa</strong></span> <span class='ocrx_word' id='word_1_323' title='bbox 1510 449 1593 477; x_wconf 89' lang='lat' dir='ltr'><strong>sunt</strong></span> <span class='ocrx_word' id='word_1_324' title='bbox 1609 443 1782 487; x_wconf 84' lang='lat' dir='ltr'><strong>gerundia</strong></span> <span class='ocrx_word' id='word_1_325' title='bbox 1796 470 1805 483; x_wconf 98' lang='lat'><strong>,</strong></span> <span class='ocrx_word' id='word_1_326' title='bbox 1833 450 1892 483; x_wconf 88' lang='lat' dir='ltr'><strong>ut,</strong></span> <span class='ocrx_word' id='word_1_327' title='bbox 1919 443 2090 477; x_wconf 90' lang='lat' dir='ltr'><strong>Discendi</strong></span> <span class='ocrx_word' id='word_1_328' title='bbox 2114 455 2219 478; x_wconf 85' lang='lat' dir='ltr'><strong>causa</strong></span> <span class='ocrx_word' id='word_1_329' title='bbox 2239 456 2282 478; x_wconf 88' lang='lat' dir='ltr'><strong>eo</strong></span> <span class='ocrx_word' id='word_1_330' title='bbox 2301 444 2340 477; x_wconf 90' lang='lat' dir='ltr'><strong>in</strong></span> 
     </span>
     <span class='ocr_line' id='line_1_58' title="bbox 1342 493 2341 540; baseline 0 -12"><span class='ocrx_word' id='word_1_331' title='bbox 1342 495 1467 528; x_wconf 87' lang='lat' dir='ltr'><strong>ludum</strong></span> <span class='ocrx_word' id='word_1_332' title='bbox 1485 495 1697 528; x_wconf 80' lang='lat' dir='ltr'><strong>literarium.</strong></span> <span class='ocrx_word' id='word_1_333' title='bbox 1741 493 1782 528; x_wconf 93' lang='lat' dir='ltr'><strong>In</strong></span> <span class='ocrx_word' id='word_1_334' title='bbox 1799 495 1968 528; x_wconf 88' lang='lat' dir='ltr'><strong>discendo</strong></span> <span class='ocrx_word' id='word_1_335' title='bbox 1988 507 2156 539; x_wconf 82' lang='lat' dir='ltr'><strong>magnam</strong></span> <span class='ocrx_word' id='word_1_336' title='bbox 2175 496 2341 540; x_wconf 88' lang='lat' dir='ltr'><strong>volupta—</strong></span> 
     </span>
     <span class='ocr_line' id='line_1_59' title="bbox 1343 545 2340 591; baseline 0.001 -11"><span class='ocrx_word' id='word_1_337' title='bbox 1343 553 1414 580; x_wconf 87' lang='lat' dir='ltr'><strong>tem</strong></span> <span class='ocrx_word' id='word_1_338' title='bbox 1434 547 1580 591; x_wconf 86' lang='lat' dir='ltr'><strong>capiunt</strong></span> <span class='ocrx_word' id='word_1_339' title='bbox 1596 547 1682 579; x_wconf 89' lang='lat' dir='ltr'><strong>boni</strong></span> <span class='ocrx_word' id='word_1_340' title='bbox 1698 547 1812 590; x_wconf 88' lang='lat' dir='ltr'><strong>pueri.</strong></span> <span class='ocrx_word' id='word_1_341' title='bbox 1863 547 1918 580; x_wconf 89' lang='lat' dir='ltr'><strong>Ad</strong></span> <span class='ocrx_word' id='word_1_342' title='bbox 1938 547 2146 580; x_wconf 90' lang='lat' dir='ltr'><strong>discendum</strong></span> <span class='ocrx_word' id='word_1_343' title='bbox 2170 545 2340 581; x_wconf 84' lang='lat' dir='ltr'><strong>hortatur</strong></span> 
     </span>
     <span class='ocr_line' id='line_1_60' title="bbox 1343 597 2340 644; baseline 0.002 -14"><span class='ocrx_word' id='word_1_344' title='bbox 1343 604 1455 643; x_wconf 89' lang='lat' dir='ltr'><strong>pater.</strong></span> <span class='ocrx_word' id='word_1_345' title='bbox 1523 597 1576 632; x_wconf 87' lang='lat' dir='ltr'><strong>Ne</strong></span> <span class='ocrx_word' id='word_1_346' title='bbox 1604 598 1735 632; x_wconf 86' lang='lat' dir='ltr'><strong>Graeci</strong></span> <span class='ocrx_word' id='word_1_347' title='bbox 1759 598 1903 644; x_wconf 90' lang='lat' dir='ltr'><strong>quidem</strong></span> <span class='ocrx_word' id='word_1_348' title='bbox 1930 598 2036 642; x_wconf 90' lang='lat' dir='ltr'><strong>plane</strong></span> <span class='ocrx_word' id='word_1_349' title='bbox 2065 610 2185 632; x_wconf 89' lang='lat' dir='ltr'><strong>carere</strong></span> <span class='ocrx_word' id='word_1_350' title='bbox 2210 610 2340 643; x_wconf 87' lang='lat' dir='ltr'><strong>gerun-</strong></span> 
     </span>
     <span class='ocr_line' id='line_1_61' title="bbox 1344 648 2341 696; baseline 0 -13"><span class='ocrx_word' id='word_1_351' title='bbox 1344 650 1410 683; x_wconf 90' lang='lat' dir='ltr'><strong>diis</strong></span> <span class='ocrx_word' id='word_1_352' title='bbox 1435 655 1584 693; x_wconf 91' lang='lat' dir='ltr'><strong>potuere</strong></span> <span class='ocrx_word' id='word_1_353' title='bbox 1601 648 1666 696; x_wconf 67' lang='lat'><strong>¹³),</strong></span> <span class='ocrx_word' id='word_1_354' title='bbox 1702 650 1784 683; x_wconf 89' lang='lat' dir='ltr'><strong>ideo</strong></span> <span class='ocrx_word' id='word_1_355' title='bbox 1808 656 1842 682; x_wconf 88' lang='lat' dir='ltr'><strong>et</strong></span> <span class='ocrx_word' id='word_1_356' title='bbox 1871 649 1940 694; x_wconf 88' lang='lat' dir='ltr'><strong>ipsi</strong></span> <span class='ocrx_word' id='word_1_357' title='bbox 1964 656 2137 695; x_wconf 89' lang='lat' dir='ltr'><strong>tanquam</strong></span> <span class='ocrx_word' id='word_1_358' title='bbox 2165 650 2341 694; x_wconf 85' lang='lat' dir='ltr'><strong>gerundia</strong></span> 
     </span>
     <span class='ocr_line' id='line_1_62' title="bbox 1342 700 2342 742; baseline 0.001 -8"><span class='ocrx_word' id='word_1_359' title='bbox 1342 701 1491 741; x_wconf 88' lang='lat' dir='ltr'><strong>facturi,</strong></span> <span class='ocrx_word' id='word_1_360' title='bbox 1541 700 1711 734; x_wconf 88' lang='lat' dir='ltr'><strong>addidere</strong></span> <span class='ocrx_word' id='word_1_361' title='bbox 1741 714 1841 735; x_wconf 88' lang='lat' dir='ltr'><strong>casus</strong></span> <span class='ocrx_word' id='word_1_362' title='bbox 1875 701 2110 735; x_wconf 90' lang='lat' dir='ltr'><strong>articulorum</strong></span> <span class='ocrx_word' id='word_1_363' title='bbox 2136 701 2342 742; x_wconf 73' lang='lat' dir='ltr'><strong>infinitivis,</strong></span> 
     </span>
     <span class='ocr_line' id='line_1_63' title="bbox 1342 750 2340 800; baseline 0.002 -14"><span class='ocrx_word' id='word_1_364' title='bbox 1342 758 1402 793; x_wconf 79' lang='lat' dir='ltr'><strong>ut,</strong></span> <span class='ocrx_word' id='word_1_365' title='bbox 1430 751 1469 786; x_wconf 81' lang='grc' dir='ltr'><strong>ἐν</strong></span> <span class='ocrx_word' id='word_1_366' title='bbox 1484 754 1539 798; x_wconf 74' lang='grc' dir='ltr'><strong>τῷ</strong></span> <span class='ocrx_word' id='word_1_367' title='bbox 1561 750 1613 798; x_wconf 82' lang='grc' dir='ltr'><strong>μὴ</strong></span> <span class='ocrx_word' id='word_1_368' title='bbox 1637 753 1793 799; x_wconf 76' lang='grc' dir='ltr'><em>φρονεῖν</em></span> <span class='ocrx_word' id='word_1_369' title='bbox 1814 750 1964 797; x_wconf 79' lang='grc' dir='ltr'><em>ἥδιστος</em></span> <span class='ocrx_word' id='word_1_370' title='bbox 1984 751 2090 800; x_wconf 81' lang='grc' dir='ltr'>βίος,</span> <span class='ocrx_word' id='word_1_371' title='bbox 2116 751 2182 793; x_wconf 89' lang='lat' dir='ltr'><strong>Et,</strong></span> <span class='ocrx_word' id='word_1_372' title='bbox 2210 752 2249 788; x_wconf 80' lang='grc' dir='ltr'><strong>ἐκ</strong></span> <span class='ocrx_word' id='word_1_373' title='bbox 2270 755 2340 788; x_wconf 67' lang='lat' dir='ltr'><strong>‘toi‘</strong></span> 
     </span>
     <span class='ocr_line' id='line_1_64' title="bbox 1343 800 2027 851; baseline 0.003 -13"><span class='ocrx_word' id='word_1_374' title='bbox 1343 800 1560 851; x_wconf 78' lang='grc' dir='ltr'><em>φιληδονεῖν</em></span> <span class='ocrx_word' id='word_1_375' title='bbox 1575 801 1745 851; x_wconf 73' lang='grc' dir='ltr'><em>γίγνεται</em></span> <span class='ocrx_word' id='word_1_376' title='bbox 1759 802 1801 839; x_wconf 85' lang='grc' dir='ltr'><strong>τὸ</strong></span> <span class='ocrx_word' id='word_1_377' title='bbox 1819 801 2027 850; x_wconf 78' lang='grc' dir='ltr'>ὃυςτυχεῖν.</span> 
     </span>
    </p>

    <p class='ocr_par' dir='ltr' id='par_1_22' title="bbox 1342 855 2341 951">
     <span class='ocr_line' id='line_1_65' title="bbox 1446 855 2341 902; baseline 0 -14"><span class='ocrx_word' id='word_1_378' title='bbox 1446 855 1538 888; x_wconf 91' lang='lat' dir='ltr'><strong>Sunt</strong></span> <span class='ocrx_word' id='word_1_379' title='bbox 1565 861 1598 888; x_wconf 90' lang='lat' dir='ltr'><strong>et</strong></span> <span class='ocrx_word' id='word_1_380' title='bbox 1622 855 1788 888; x_wconf 86' lang='lat' dir='ltr'><strong>anomala</strong></span> <span class='ocrx_word' id='word_1_381' title='bbox 1815 855 1944 896; x_wconf 86' lang='lat' dir='ltr'><strong>verba,</strong></span> <span class='ocrx_word' id='word_1_382' title='bbox 1978 867 2136 902; x_wconf 89' lang='lat' dir='ltr'><strong>quorum</strong></span> <span class='ocrx_word' id='word_1_383' title='bbox 2161 856 2341 901; x_wconf 88' lang='lat' dir='ltr'><strong>quaedam</strong></span> 
     </span>
     <span class='ocr_line' id='line_1_66' title="bbox 1342 906 2299 951; baseline 0 -11"><span class='ocrx_word' id='word_1_384' title='bbox 1342 918 1451 951; x_wconf 89' lang='lat' dir='ltr'><strong>supra</strong></span> <span class='ocrx_word' id='word_1_385' title='bbox 1468 906 1731 947; x_wconf 89' lang='lat' dir='ltr'><strong>recensuimus,</strong></span> <span class='ocrx_word' id='word_1_386' title='bbox 1760 913 1818 946; x_wconf 87' lang='lat' dir='ltr'><strong>ut,</strong></span> <span class='ocrx_word' id='word_1_387' title='bbox 1844 906 2013 948; x_wconf 87' lang='lat' dir='ltr'><strong>Gaudeo,</strong></span> <span class='ocrx_word' id='word_1_388' title='bbox 2042 906 2183 951; x_wconf 88' lang='lat' dir='ltr'><strong>gavisus</strong></span> <span class='ocrx_word' id='word_1_389' title='bbox 2206 919 2299 940; x_wconf 90' lang='lat' dir='ltr'><strong>sum.</strong></span> 
     </span>
    </p>

    <p class='ocr_par' dir='ltr' id='par_1_23' title="bbox 1342 957 2339 1044">
     <span class='ocr_line' id='line_1_67' title="bbox 1445 957 2339 999; baseline 0 -8"><span class='ocrx_word' id='word_1_390' title='bbox 1445 957 1534 998; x_wconf 88' lang='lat' dir='ltr'><strong>Fio,</strong></span> <span class='ocrx_word' id='word_1_391' title='bbox 1566 958 1715 999; x_wconf 87' lang='lat' dir='ltr'><strong>fiebam,</strong></span> <span class='ocrx_word' id='word_1_392' title='bbox 1751 958 1864 992; x_wconf 86' lang='lat' dir='ltr'><strong>factus</strong></span> <span class='ocrx_word' id='word_1_393' title='bbox 1888 971 1988 999; x_wconf 89' lang='lat' dir='ltr'><strong>sum,</strong></span> <span class='ocrx_word' id='word_1_394' title='bbox 2023 959 2130 998; x_wconf 88' lang='lat' dir='ltr'><strong>fiam,</strong></span> <span class='ocrx_word' id='word_1_395' title='bbox 2156 957 2339 992; x_wconf 89' lang='lat' dir='ltr'><strong>Infinitivo</strong></span> 
     </span>
     <span class='ocr_line' id='line_1_68' title="bbox 1342 1010 1432 1044; baseline 0.022 -2"><span class='ocrx_word' id='word_1_396' title='bbox 1342 1010 1432 1044; x_wconf 89' lang='lat' dir='ltr'><strong>fieri.</strong></span> 
     </span>
    </p>

    <p class='ocr_par' dir='ltr' id='par_1_24' title="bbox 1444 1060 2035 1104">
     <span class='ocr_line' id='line_1_69' title="bbox 1444 1060 2035 1104; baseline 0.002 -11"><span class='ocrx_word' id='word_1_397' title='bbox 1444 1060 1613 1094; x_wconf 90' lang='lat' dir='ltr'><strong>Prandeo</strong></span> <span class='ocrx_word' id='word_1_398' title='bbox 1769 1071 1921 1104; x_wconf 89' lang='lat' dir='ltr'><strong>pransus</strong></span> <span class='ocrx_word' id='word_1_399' title='bbox 1944 1072 2035 1094; x_wconf 86' lang='lat' dir='ltr'><strong>sum.</strong></span> 
     </span>
    </p>

    <p class='ocr_par' dir='ltr' id='par_1_25' title="bbox 1447 1112 2051 1146">
     <span class='ocr_line' id='line_1_70' title="bbox 1447 1112 2051 1146; baseline 0 -1"><span class='ocrx_word' id='word_1_400' title='bbox 1447 1112 1595 1145; x_wconf 88' lang='lat' dir='ltr'><strong>Moereo</strong></span> <span class='ocrx_word' id='word_1_401' title='bbox 1775 1118 1934 1145; x_wconf 81' lang='lat' dir='ltr'><strong>moestus</strong></span> <span class='ocrx_word' id='word_1_402' title='bbox 1959 1124 2051 1146; x_wconf 90' lang='lat' dir='ltr'><strong>sum.</strong></span> 
     </span>
    </p>

    <p class='ocr_par' dir='ltr' id='par_1_26' title="bbox 1445 1161 2339 1209">
     <span class='ocr_line' id='line_1_71' title="bbox 1445 1161 2339 1209; baseline 0 -13"><span class='ocrx_word' id='word_1_403' title='bbox 1445 1162 1492 1197; x_wconf 90' lang='lat' dir='ltr'><strong>Et</strong></span> <span class='ocrx_word' id='word_1_404' title='bbox 1509 1163 1577 1196; x_wconf 88' lang='lat' dir='ltr'><strong>alia</strong></span> <span class='ocrx_word' id='word_1_405' title='bbox 1597 1163 1775 1209; x_wconf 80' lang='lat' dir='ltr'><strong>quaedam</strong></span> <span class='ocrx_word' id='word_1_406' title='bbox 1792 1163 1937 1203; x_wconf 89' lang='lat' dir='ltr'><strong>similia,</strong></span> <span class='ocrx_word' id='word_1_407' title='bbox 1964 1169 2016 1203; x_wconf 89' lang='lat' dir='ltr'><strong>ut,</strong></span> <span class='ocrx_word' id='word_1_408' title='bbox 2045 1175 2101 1203; x_wconf 84' lang='lat' dir='ltr'><strong>eo,</strong></span> <span class='ocrx_word' id='word_1_409' title='bbox 2128 1162 2239 1202; x_wconf 86' lang='lat' dir='ltr'><strong>ibam,</strong></span> <span class='ocrx_word' id='word_1_410' title='bbox 2266 1161 2339 1196; x_wconf 66' lang='lat' dir='ltr'><strong>ibo,</strong></span> 
     </span>
    </p>
   </div>
   <div class='ocr_carea' id='block_1_20' title="bbox 1445 1229 2342 1337">
    <p class='ocr_par' dir='ltr' id='par_1_27' title="bbox 1445 1229 2342 1337">
     <span class='ocr_line' id='line_1_72' title="bbox 1552 1229 2022 1274; baseline 0.002 -12"><span class='ocrx_word' id='word_1_411' title='bbox 1552 1266 1554 1268; x_wconf 36' lang='grc'>,</span> <span class='ocrx_word' id='word_1_412' title='bbox 1662 1229 1709 1263; x_wconf 88' lang='lat' dir='ltr'><strong>Et</strong></span> <span class='ocrx_word' id='word_1_413' title='bbox 1736 1230 1773 1262; x_wconf 91' lang='lat' dir='ltr'><strong>in</strong></span> <span class='ocrx_word' id='word_1_414' title='bbox 1794 1230 2022 1274; x_wconf 88' lang='lat' dir='ltr'><strong>compositis:</strong></span> 
     </span>
     <span class='ocr_line' id='line_1_73' title="bbox 1445 1289 2342 1337; baseline 0.001 -14"><span class='ocrx_word' id='word_1_415' title='bbox 1445 1290 1569 1324; x_wconf 84' lang='lat' dir='ltr'><strong>Veneo</strong></span> <span class='ocrx_word' id='word_1_416' title='bbox 1579 1289 1638 1337; x_wconf 80' lang='lat'><strong>¹⁹),</strong></span> <span class='ocrx_word' id='word_1_417' title='bbox 1666 1290 1848 1330; x_wconf 84' lang='lat' dir='ltr'><strong>venibam,</strong></span> <span class='ocrx_word' id='word_1_418' title='bbox 1874 1289 2019 1331; x_wconf 87' lang='lat' dir='ltr'><strong>venibo,</strong></span> <span class='ocrx_word' id='word_1_419' title='bbox 2047 1302 2066 1323; x_wconf 91' lang='lat' dir='ltr'><strong>a</strong></span> <span class='ocrx_word' id='word_1_420' title='bbox 2084 1301 2216 1324; x_wconf 90' lang='lat' dir='ltr'><strong>venum</strong></span> <span class='ocrx_word' id='word_1_421' title='bbox 2236 1296 2271 1324; x_wconf 89' lang='lat' dir='ltr'><strong>et</strong></span> <span class='ocrx_word' id='word_1_422' title='bbox 2286 1301 2342 1324; x_wconf 87' lang='lat' dir='ltr'><strong>eo.</strong></span> 
     </span>
    </p>
   </div>
   <div class='ocr_carea' id='block_1_21' title="bbox 1343 1350 2342 1713">
    <p class='ocr_par' dir='ltr' id='par_1_28' title="bbox 1343 1350 2341 1448">
     <span class='ocr_line' id='line_1_74' title="bbox 1446 1350 2341 1397; baseline -0.002 -12"><span class='ocrx_word' id='word_1_423' title='bbox 1446 1350 1648 1397; x_wconf 88' lang='lat' dir='ltr'><strong>Nequibam</strong></span> <span class='ocrx_word' id='word_1_424' title='bbox 1663 1377 1672 1391; x_wconf 94' lang='lat'><strong>,</strong></span> <span class='ocrx_word' id='word_1_425' title='bbox 1696 1356 1821 1383; x_wconf 85' lang='lat' dir='ltr'><strong>contra</strong></span> <span class='ocrx_word' id='word_1_426' title='bbox 1845 1362 2005 1390; x_wconf 84' lang='lat' dir='ltr'><strong>morem,</strong></span> <span class='ocrx_word' id='word_1_427' title='bbox 2039 1356 2190 1396; x_wconf 87' lang='lat' dir='ltr'><strong>quartae</strong></span> <span class='ocrx_word' id='word_1_428' title='bbox 2215 1350 2341 1383; x_wconf 88' lang='lat' dir='ltr'><strong>coniu-</strong></span> 
     </span>
     <span class='ocr_line' id='line_1_75' title="bbox 1343 1403 1508 1448; baseline -0.006 -11"><span class='ocrx_word' id='word_1_429' title='bbox 1343 1403 1508 1448; x_wconf 89' lang='lat' dir='ltr'><strong>gationis.</strong></span> 
     </span>
    </p>

    <p class='ocr_par' dir='ltr' id='par_1_29' title="bbox 1343 1457 2342 1612">
     <span class='ocr_line' id='line_1_76' title="bbox 1446 1457 2341 1506; baseline -0.004 -10"><span class='ocrx_word' id='word_1_430' title='bbox 1446 1463 1537 1496; x_wconf 87' lang='lat' dir='ltr'><strong>Sunt</strong></span> <span class='ocrx_word' id='word_1_431' title='bbox 1553 1469 1671 1496; x_wconf 90' lang='lat' dir='ltr'><strong>autem</strong></span> <span class='ocrx_word' id='word_1_432' title='bbox 1690 1462 1727 1494; x_wconf 89' lang='lat' dir='ltr'><strong>in</strong></span> <span class='ocrx_word' id='word_1_433' title='bbox 1752 1460 1929 1494; x_wconf 84' lang='lat' dir='ltr'><strong>anomalis</strong></span> <span class='ocrx_word' id='word_1_434' title='bbox 1952 1466 1987 1493; x_wconf 90' lang='lat' dir='ltr'><strong>et</strong></span> <span class='ocrx_word' id='word_1_435' title='bbox 2010 1457 2117 1500; x_wconf 89' lang='lat' dir='ltr'><strong>haec,</strong></span> <span class='ocrx_word' id='word_1_436' title='bbox 2156 1471 2248 1506; x_wconf 89' lang='lat' dir='ltr'><strong>quae</strong></span> <span class='ocrx_word' id='word_1_437' title='bbox 2264 1459 2341 1493; x_wconf 91' lang='lat' dir='ltr'><strong>Do-</strong></span> 
     </span>
     <span class='ocr_line' id='line_1_77' title="bbox 1343 1511 2342 1558; baseline -0.005 -9"><span class='ocrx_word' id='word_1_438' title='bbox 1343 1521 1448 1549; x_wconf 89' lang='lat' dir='ltr'><strong>natus</strong></span> <span class='ocrx_word' id='word_1_439' title='bbox 1466 1514 1690 1558; x_wconf 84' lang='lat' dir='ltr'><strong>coniugavit:</strong></span> <span class='ocrx_word' id='word_1_440' title='bbox 1719 1513 1827 1553; x_wconf 89' lang='lat' dir='ltr'><strong>Sum,</strong></span> <span class='ocrx_word' id='word_1_441' title='bbox 1853 1511 1968 1552; x_wconf 86' lang='lat' dir='ltr'><strong>Volo,</strong></span> <span class='ocrx_word' id='word_1_442' title='bbox 1995 1511 2110 1551; x_wconf 86' lang='lat' dir='ltr'><strong>Fero,</strong></span> <span class='ocrx_word' id='word_1_443' title='bbox 2137 1523 2218 1545; x_wconf 91' lang='lat' dir='ltr'><strong>cum</strong></span> <span class='ocrx_word' id='word_1_444' title='bbox 2245 1523 2342 1545; x_wconf 89' lang='lat' dir='ltr'><strong>com-</strong></span> 
     </span>
     <span class='ocr_line' id='line_1_78' title="bbox 1343 1566 1480 1612; baseline -0.007 -11"><span class='ocrx_word' id='word_1_445' title='bbox 1343 1566 1480 1612; x_wconf 88' lang='lat' dir='ltr'><strong>positis.</strong></span> 
     </span>
    </p>

    <p class='ocr_par' dir='ltr' id='par_1_30' title="bbox 1446 1612 2284 1659">
     <span class='ocr_line' id='line_1_79' title="bbox 1446 1612 2284 1659; baseline -0.004 -8"><span class='ocrx_word' id='word_1_446' title='bbox 1446 1618 1603 1657; x_wconf 88' lang='lat' dir='ltr'><strong>Adsum,</strong></span> <span class='ocrx_word' id='word_1_447' title='bbox 1632 1617 1735 1657; x_wconf 89' lang='lat' dir='ltr'><strong>ades,</strong></span> <span class='ocrx_word' id='word_1_448' title='bbox 1763 1616 1930 1654; x_wconf 86' lang='lat' dir='ltr'><strong>aderam,</strong></span> <span class='ocrx_word' id='word_1_449' title='bbox 1959 1612 2135 1659; x_wconf 73' lang='lat' dir='ltr'><strong>adfui20),</strong></span> <span class='ocrx_word' id='word_1_450' title='bbox 2161 1613 2284 1648; x_wconf 87' lang='lat' dir='ltr'><strong>adero.</strong></span> 
     </span>
    </p>

    <p class='ocr_par' dir='ltr' id='par_1_31' title="bbox 1447 1663 2342 1713">
     <span class='ocr_line' id='line_1_80' title="bbox 1447 1663 2342 1713; baseline -0.004 -10"><span class='ocrx_word' id='word_1_451' title='bbox 1447 1669 1618 1709; x_wconf 91' lang='lat' dir='ltr'><strong>Possum,</strong></span> <span class='ocrx_word' id='word_1_452' title='bbox 1645 1674 1765 1713; x_wconf 87' lang='lat' dir='ltr'><strong>potes,</strong></span> <span class='ocrx_word' id='word_1_453' title='bbox 1792 1673 1975 1712; x_wconf 84' lang='lat' dir='ltr'><strong>poteram,</strong></span> <span class='ocrx_word' id='word_1_454' title='bbox 2003 1663 2174 1712; x_wconf 61' lang='lat' dir='ltr'><strong>potuim),</strong></span> <span class='ocrx_word' id='word_1_455' title='bbox 2203 1671 2342 1709; x_wconf 86' lang='lat' dir='ltr'><strong>potero.</strong></span> 
     </span>
    </p>
   </div>
   <div class='ocr_carea' id='block_1_22' title="bbox 1448 1724 2343 1766">
    <p class='ocr_par' dir='ltr' id='par_1_32' title="bbox 1448 1724 2343 1766">
     <span class='ocr_line' id='line_1_81' title="bbox 1448 1724 2343 1766; baseline -0.007 -4"><span class='ocrx_word' id='word_1_456' title='bbox 1448 1729 1547 1762; x_wconf 88' lang='lat' dir='ltr'><strong>Malo</strong></span> <span class='ocrx_word' id='word_1_457' title='bbox 1564 1728 1678 1761; x_wconf 90' lang='lat' dir='ltr'><strong>mavis</strong></span> <span class='ocrx_word' id='word_1_458' title='bbox 1697 1727 1856 1766; x_wconf 89' lang='lat' dir='ltr'><strong>mavult,</strong></span> <span class='ocrx_word' id='word_1_459' title='bbox 1883 1726 2063 1759; x_wconf 89' lang='lat' dir='ltr'><strong>malumus</strong></span> <span class='ocrx_word' id='word_1_460' title='bbox 2081 1724 2250 1758; x_wconf 88' lang='lat' dir='ltr'><strong>mavultis</strong></span> <span class='ocrx_word' id='word_1_461' title='bbox 2267 1736 2343 1756; x_wconf 91' lang='lat' dir='ltr'><strong>ma—</strong></span> 
     </span>
    </p>
   </div>
   <div class='ocr_carea' id='block_1_23' title="bbox 1344 1775 2344 1923">
    <p class='ocr_par' dir='ltr' id='par_1_33' title="bbox 1344 1775 2344 1923">
     <span class='ocr_line' id='line_1_82' title="bbox 1344 1775 2342 1824; baseline -0.008 -9"><span class='ocrx_word' id='word_1_462' title='bbox 1344 1782 1434 1815; x_wconf 86' lang='lat' dir='ltr'><strong>lunt.</strong></span> <span class='ocrx_word' id='word_1_463' title='bbox 1502 1779 1736 1824; x_wconf 87' lang='lat' dir='ltr'><strong>lmpersectO,</strong></span> <span class='ocrx_word' id='word_1_464' title='bbox 1780 1777 1972 1811; x_wconf 87' lang='lat' dir='ltr'><strong>malebam.</strong></span> <span class='ocrx_word' id='word_1_465' title='bbox 2038 1775 2223 1816; x_wconf 87' lang='lat' dir='ltr'><strong>Perfecto,</strong></span> <span class='ocrx_word' id='word_1_466' title='bbox 2265 1787 2342 1808; x_wconf 89' lang='lat' dir='ltr'><strong>ma-</strong></span> 
     </span>
     <span class='ocr_line' id='line_1_83' title="bbox 1345 1825 2344 1878; baseline -0.007 -12"><span class='ocrx_word' id='word_1_467' title='bbox 1345 1832 1464 1878; x_wconf 55' lang='grc'>111122).</span> <span class='ocrx_word' id='word_1_468' title='bbox 1517 1832 1669 1872; x_wconf 85' lang='lat' dir='ltr'><strong>Futuro,</strong></span> <span class='ocrx_word' id='word_1_469' title='bbox 1690 1829 1804 1874; x_wconf 89' lang='lat' dir='ltr'><strong>magis</strong></span> <span class='ocrx_word' id='word_1_470' title='bbox 1823 1829 1954 1863; x_wconf 82' lang='lat' dir='ltr'><strong>volam.</strong></span> <span class='ocrx_word' id='word_1_471' title='bbox 2008 1825 2241 1871; x_wconf 82' lang='lat' dir='ltr'><strong>Imperativo,</strong></span> <span class='ocrx_word' id='word_1_472' title='bbox 2267 1838 2344 1859; x_wconf 86' lang='lat' dir='ltr'><strong>ma-</strong></span> 
     </span>
     <span class='ocr_line' id='line_1_84' title="bbox 1345 1878 2168 1923; baseline -0.007 -5"><span class='ocrx_word' id='word_1_473' title='bbox 1345 1885 1400 1919; x_wconf 88' lang='lat' dir='ltr'><strong>lis.</strong></span> <span class='ocrx_word' id='word_1_474' title='bbox 1455 1883 1655 1923; x_wconf 75' lang='lat' dir='ltr'><strong>infinitivo,</strong></span> <span class='ocrx_word' id='word_1_475' title='bbox 1683 1882 1803 1915; x_wconf 89' lang='lat' dir='ltr'><strong>malle.</strong></span> <span class='ocrx_word' id='word_1_476' title='bbox 1857 1879 1941 1914; x_wconf 90' lang='lat' dir='ltr'><strong>Sine</strong></span> <span class='ocrx_word' id='word_1_477' title='bbox 1963 1878 2168 1923; x_wconf 88' lang='lat' dir='ltr'><strong>participio.</strong></span> 
     </span>
    </p>
   </div>
   <div class='ocr_carea' id='block_1_24' title="bbox 1347 1937 2346 2140">
    <p class='ocr_par' dir='ltr' id='par_1_34' title="bbox 1347 1937 2346 2140">
     <span class='ocr_line' id='line_1_85' title="bbox 1448 1937 2346 1983; baseline -0.007 -6"><span class='ocrx_word' id='word_1_478' title='bbox 1448 1943 1515 1983; x_wconf 86' lang='lat' dir='ltr'><strong>Et,</strong></span> <span class='ocrx_word' id='word_1_479' title='bbox 1556 1943 1670 1982; x_wconf 88' lang='lat' dir='ltr'><strong>Nolo,</strong></span> <span class='ocrx_word' id='word_1_480' title='bbox 1713 1953 1788 1974; x_wconf 91' lang='lat' dir='ltr'><strong>non</strong></span> <span class='ocrx_word' id='word_1_481' title='bbox 1815 1940 1887 1980; x_wconf 79' lang='lat' dir='ltr'><strong>vis,</strong></span> <span class='ocrx_word' id='word_1_482' title='bbox 1929 1950 2003 1972; x_wconf 89' lang='lat' dir='ltr'><strong>non</strong></span> <span class='ocrx_word' id='word_1_483' title='bbox 2028 1938 2125 1978; x_wconf 90' lang='lat' dir='ltr'><strong>vult,</strong></span> <span class='ocrx_word' id='word_1_484' title='bbox 2163 1937 2346 1978; x_wconf 88' lang='lat' dir='ltr'><strong>nolumus,</strong></span> 
     </span>
     <span class='ocr_line' id='line_1_86' title="bbox 1347 1989 2346 2036; baseline -0.008 -7"><span class='ocrx_word' id='word_1_485' title='bbox 1347 2008 1422 2029; x_wconf 90' lang='grc'>11011</span> <span class='ocrx_word' id='word_1_486' title='bbox 1438 1994 1565 2035; x_wconf 76' lang='lat' dir='ltr'><strong>vultis,</strong></span> <span class='ocrx_word' id='word_1_487' title='bbox 1592 1994 1733 2027; x_wconf 89' lang='lat' dir='ltr'><strong>nolunt.</strong></span> <span class='ocrx_word' id='word_1_488' title='bbox 1777 1991 2009 2036; x_wconf 84' lang='lat' dir='ltr'><strong>Imperfecto‚</strong></span> <span class='ocrx_word' id='word_1_489' title='bbox 2036 1990 2217 2024; x_wconf 87' lang='lat' dir='ltr'><strong>nolebam.</strong></span> <span class='ocrx_word' id='word_1_490' title='bbox 2258 1989 2346 2023; x_wconf 85' lang='lat' dir='ltr'><strong>Per-</strong></span> 
     </span>
     <span class='ocr_line' id='line_1_87' title="bbox 1347 2040 2346 2087; baseline -0.006 -7"><span class='ocrx_word' id='word_1_491' title='bbox 1347 2048 1460 2087; x_wconf 88' lang='lat' dir='ltr'><strong>fecto,</strong></span> <span class='ocrx_word' id='word_1_492' title='bbox 1487 2045 1599 2080; x_wconf 92' lang='lat' dir='ltr'><strong>nolui.</strong></span> <span class='ocrx_word' id='word_1_493' title='bbox 1660 2044 1818 2084; x_wconf 87' lang='lat' dir='ltr'><strong>Futuro,</strong></span> <span class='ocrx_word' id='word_1_494' title='bbox 1851 2055 1927 2076; x_wconf 90' lang='lat' dir='ltr'><strong>non</strong></span> <span class='ocrx_word' id='word_1_495' title='bbox 1956 2042 2089 2076; x_wconf 59' lang='lat' dir='ltr'><strong>volam.</strong></span> <span class='ocrx_word' id='word_1_496' title='bbox 2151 2040 2346 2082; x_wconf 79' lang='lat' dir='ltr'><strong>Infinitive,</strong></span> 
     </span>
     <span class='ocr_line' id='line_1_88' title="bbox 1348 2093 2117 2140; baseline -0.009 -7"><span class='ocrx_word' id='word_1_497' title='bbox 1348 2099 1455 2133; x_wconf 87' lang='lat' dir='ltr'><strong>nolle.</strong></span> <span class='ocrx_word' id='word_1_498' title='bbox 1508 2097 1616 2131; x_wconf 84' lang='lat' dir='ltr'><strong>Extat</strong></span> <span class='ocrx_word' id='word_1_499' title='bbox 1628 2094 1712 2130; x_wconf 89' lang='lat' dir='ltr'><strong>hinc</strong></span> <span class='ocrx_word' id='word_1_500' title='bbox 1731 2095 1960 2140; x_wconf 84' lang='lat' dir='ltr'><strong>participium</strong></span> <span class='ocrx_word' id='word_1_501' title='bbox 1979 2093 2117 2127; x_wconf 83' lang='lat' dir='ltr'><strong>nolens.</strong></span> 
     </span>
    </p>
   </div>
   <div class='ocr_carea' id='block_1_25' title="bbox 1400 2171 2347 2279">
    <p class='ocr_par' dir='ltr' id='par_1_35' title="bbox 1400 2171 2347 2279">
     <span class='ocr_line' id='line_1_89' title="bbox 1762 2171 1934 2205; baseline 0 0"><span class='ocrx_word' id='word_1_502' title='bbox 1762 2172 1791 2205; x_wconf 88' lang='lat' dir='ltr'>E</span> <span class='ocrx_word' id='word_1_503' title='bbox 1804 2173 1824 2205; x_wconf 90' lang='lat' dir='ltr'><strong>d</strong></span> <span class='ocrx_word' id='word_1_504' title='bbox 1839 2185 1858 2205; x_wconf 90' lang='lat'>0</span> <span class='ocrx_word' id='word_1_505' title='bbox 1875 2171 1906 2191; x_wconf 69' lang='lat'><strong>²³</strong></span> <span class='ocrx_word' id='word_1_506' title='bbox 1926 2196 1934 2205; x_wconf 93' lang='lat'><strong>.</strong></span> 
     </span>
     <span class='ocr_line' id='line_1_90' title="bbox 1400 2172 2347 2279; baseline -0.007 -11"><span class='ocrx_word' id='word_1_507' title='bbox 1400 2234 1500 2275; x_wconf 87' lang='lat' dir='ltr'><strong>Edo,</strong></span> <span class='ocrx_word' id='word_1_508' title='bbox 1528 2247 1584 2274; x_wconf 90' lang='lat' dir='ltr'><strong>es,</strong></span> <span class='ocrx_word' id='word_1_509' title='bbox 1612 2240 1673 2267; x_wconf 88' lang='lat' dir='ltr'><strong>est.</strong></span> <span class='ocrx_word' id='word_1_510' title='bbox 1737 2172 1921 2277; x_wconf 80' lang='lat' dir='ltr'><strong>Virgilius)</strong></span> <span class='ocrx_word' id='word_1_511' title='bbox 1935 2229 2043 2279; x_wconf 92' lang='lat' dir='ltr'><strong>[Aen.</strong></span> <span class='ocrx_word' id='word_1_512' title='bbox 2065 2228 2124 2270; x_wconf 77' lang='lat' dir='ltr'><strong>IV,</strong></span> <span class='ocrx_word' id='word_1_513' title='bbox 2145 2226 2250 2277; x_wconf 84' lang='lat'><strong>66.]:</strong></span> <span class='ocrx_word' id='word_1_514' title='bbox 2284 2227 2347 2262; x_wconf 85' lang='lat' dir='ltr'><strong>Est</strong></span> 
     </span>
    </p>
   </div>
   <div class='ocr_carea' id='block_1_26' title="bbox 1350 2282 2156 2378">
    <p class='ocr_par' dir='ltr' id='par_1_36' title="bbox 1350 2282 2156 2378">
     <span class='ocr_line' id='line_1_91' title="bbox 1350 2282 1836 2320; baseline -0.004 0"><span class='ocrx_word' id='word_1_515' title='bbox 1350 2287 1468 2320; x_wconf 88' lang='lat' dir='ltr'><strong>mollis</strong></span> <span class='ocrx_word' id='word_1_516' title='bbox 1487 2282 1632 2318; x_wconf 81' lang='lat' dir='ltr'><strong>flamma</strong></span> <span class='ocrx_word' id='word_1_517' title='bbox 1650 2285 1836 2318; x_wconf 81' lang='lat' dir='ltr'><strong>medullas.</strong></span> 
     </span>
     <span class='ocr_line' id='line_1_92' title="bbox 1452 2333 2156 2378; baseline -0.009 -7"><span class='ocrx_word' id='word_1_518' title='bbox 1452 2337 1665 2378; x_wconf 84' lang='lat' dir='ltr'><strong>Pluraliter‚</strong></span> <span class='ocrx_word' id='word_1_519' title='bbox 1695 2337 1853 2375; x_wconf 88' lang='lat' dir='ltr'><strong>edimus,</strong></span> <span class='ocrx_word' id='word_1_520' title='bbox 1883 2333 2006 2374; x_wconf 81' lang='lat' dir='ltr'><strong>editis,</strong></span> <span class='ocrx_word' id='word_1_521' title='bbox 2035 2333 2156 2366; x_wconf 88' lang='lat' dir='ltr'><strong>edunt.</strong></span> 
     </span>
    </p>
   </div>
   <div class='ocr_carea' id='block_1_27' title="bbox 1438 2427 1557 2433">
    <p class='ocr_par' dir='ltr' id='par_1_37' title="bbox 1438 2427 1557 2433">
     <span class='ocr_line' id='line_1_93' title="bbox 1438 2427 1557 2433; baseline 0 0"><span class='ocrx_word' id='word_1_522' title='bbox 1438 2427 1557 2433; x_wconf 95' lang='lat' dir='ltr'><strong> </strong></span> 
     </span>
    </p>
   </div>
   <div class='ocr_carea' id='block_1_28' title="bbox 1387 2471 2096 2506">
    <p class='ocr_par' dir='ltr' id='par_1_38' title="bbox 1387 2471 2096 2506">
     <span class='ocr_line' id='line_1_94' title="bbox 1387 2471 2096 2506; baseline -0.008 -7"><span class='ocrx_word' id='word_1_523' title='bbox 1387 2476 1433 2504; x_wconf 89' lang='grc'><strong>18)</strong></span> <span class='ocrx_word' id='word_1_524' title='bbox 1453 2473 1591 2506; x_wconf 85' lang='lat' dir='ltr'><strong>potuere,]</strong></span> <span class='ocrx_word' id='word_1_525' title='bbox 1612 2474 1694 2498; x_wconf 84' lang='lat' dir='ltr'><strong>Editt.</strong></span> <span class='ocrx_word' id='word_1_526' title='bbox 1714 2473 1805 2503; x_wconf 60' lang='lat'>1546„</span> <span class='ocrx_word' id='word_1_527' title='bbox 1828 2479 1851 2496; x_wconf 73' lang='grc'><strong>5.</strong></span> <span class='ocrx_word' id='word_1_528' title='bbox 1867 2478 1909 2496; x_wconf 86' lang='lat' dir='ltr'><strong>a.:</strong></span> <span class='ocrx_word' id='word_1_529' title='bbox 1937 2471 2096 2501; x_wconf 83' lang='lat' dir='ltr'><strong>potuerunt,</strong></span> 
     </span>
    </p>
   </div>
   <div class='ocr_carea' id='block_1_29' title="bbox 1388 2518 2348 2591">
    <p class='ocr_par' dir='ltr' id='par_1_39' title="bbox 1388 2518 2348 2591">
     <span class='ocr_line' id='line_1_95' title="bbox 1388 2518 2348 2586; baseline -0.005 -36"><span class='ocrx_word' id='word_1_530' title='bbox 1388 2525 1575 2586; x_wconf 42' lang='grc' dir='ltr'>19ζγγ8118οᾷ</span> <span class='ocrx_word' id='word_1_531' title='bbox 1608 2526 1648 2550; x_wconf 84' lang='lat' dir='ltr'><strong>sic</strong></span> <span class='ocrx_word' id='word_1_532' title='bbox 1678 2526 1762 2550; x_wconf 83' lang='lat' dir='ltr'><strong>Editt.</strong></span> <span class='ocrx_word' id='word_1_533' title='bbox 1792 2525 1885 2555; x_wconf 53' lang='lat'>1546„</span> <span class='ocrx_word' id='word_1_534' title='bbox 1917 2530 1939 2547; x_wconf 79' lang='lat' dir='ltr'><strong>s.</strong></span> <span class='ocrx_word' id='word_1_535' title='bbox 1960 2529 2002 2552; x_wconf 80' lang='lat' dir='ltr'><strong>a.;</strong></span> <span class='ocrx_word' id='word_1_536' title='bbox 2040 2521 2125 2547; x_wconf 83' lang='lat' dir='ltr'><strong>Editt.</strong></span> <span class='ocrx_word' id='word_1_537' title='bbox 2145 2520 2238 2551; x_wconf 57' lang='lat'>1526„</span> <span class='ocrx_word' id='word_1_538' title='bbox 2270 2518 2348 2545; x_wconf 76' lang='lat'><strong>¹529.</strong></span> 
     </span>
     <span class='ocr_line' id='line_1_96' title="bbox 1450 2567 1522 2591; baseline -0.014 -6"><span class='ocrx_word' id='word_1_539' title='bbox 1450 2567 1522 2591; x_wconf 84' lang='lat' dir='ltr'><strong>emo,</strong></span> 
     </span>
    </p>
   </div>
   <div class='ocr_carea' id='block_1_30' title="bbox 1385 2611 2200 2797">
    <p class='ocr_par' dir='ltr' id='par_1_40' title="bbox 1385 2611 2013 2643">
     <span class='ocr_line' id='line_1_97' title="bbox 1385 2611 2013 2643; baseline -0.006 -6"><span class='ocrx_word' id='word_1_540' title='bbox 1385 2614 1434 2641; x_wconf 81' lang='lat'><strong>20)</strong></span> <span class='ocrx_word' id='word_1_541' title='bbox 1454 2612 1557 2641; x_wconf 63' lang='lat' dir='ltr'><strong>adsui]</strong></span> <span class='ocrx_word' id='word_1_542' title='bbox 1578 2613 1627 2639; x_wconf 80' lang='lat' dir='ltr'><strong>Ed.</strong></span> <span class='ocrx_word' id='word_1_543' title='bbox 1644 2620 1666 2636; x_wconf 86' lang='lat' dir='ltr'><strong>s.</strong></span> <span class='ocrx_word' id='word_1_544' title='bbox 1681 2618 1722 2637; x_wconf 84' lang='lat' dir='ltr'><strong>a.:</strong></span> <span class='ocrx_word' id='word_1_545' title='bbox 1748 2611 1841 2643; x_wconf 77' lang='lat' dir='ltr'><strong>adfui,</strong></span> <span class='ocrx_word' id='word_1_546' title='bbox 1861 2611 2013 2640; x_wconf 76' lang='lat' dir='ltr'><strong>adsueram,</strong></span> 
     </span>
    </p>

    <p class='ocr_par' dir='ltr' id='par_1_41' title="bbox 1385 2660 2200 2797">
     <span class='ocr_line' id='line_1_98' title="bbox 1385 2660 2164 2696; baseline -0.008 -7"><span class='ocrx_word' id='word_1_547' title='bbox 1385 2664 1433 2696; x_wconf 83' lang='lat'><strong>21)</strong></span> <span class='ocrx_word' id='word_1_548' title='bbox 1456 2664 1557 2694; x_wconf 56' lang='lat' dir='ltr'><strong>potiit]</strong></span> <span class='ocrx_word' id='word_1_549' title='bbox 1577 2664 1660 2687; x_wconf 81' lang='lat' dir='ltr'><strong>Editt.</strong></span> <span class='ocrx_word' id='word_1_550' title='bbox 1677 2664 1768 2691; x_wconf 78' lang='lat'><strong>¹546..</strong></span> <span class='ocrx_word' id='word_1_551' title='bbox 1789 2671 1811 2688; x_wconf 77' lang='lat' dir='ltr'><strong>s.</strong></span> <span class='ocrx_word' id='word_1_552' title='bbox 1829 2668 1870 2688; x_wconf 84' lang='lat' dir='ltr'><strong>a.:</strong></span> <span class='ocrx_word' id='word_1_553' title='bbox 1898 2660 1990 2692; x_wconf 83' lang='lat' dir='ltr'><strong>potui,</strong></span> <span class='ocrx_word' id='word_1_554' title='bbox 2010 2661 2164 2691; x_wconf 84' lang='lat' dir='ltr'><strong>potueram,</strong></span> 
     </span>
     <span class='ocr_line' id='line_1_99' title="bbox 1386 2711 2200 2745; baseline -0.004 -5"><span class='ocrx_word' id='word_1_555' title='bbox 1386 2716 1435 2743; x_wconf 78' lang='lat'><strong>22)</strong></span> <span class='ocrx_word' id='word_1_556' title='bbox 1456 2716 1504 2739; x_wconf 82' lang='lat' dir='ltr'><strong>Ed.</strong></span> <span class='ocrx_word' id='word_1_557' title='bbox 1523 2723 1546 2740; x_wconf 75' lang='lat' dir='ltr'><strong>s.</strong></span> <span class='ocrx_word' id='word_1_558' title='bbox 1563 2721 1588 2739; x_wconf 80' lang='lat' dir='ltr'><strong>a.</strong></span> <span class='ocrx_word' id='word_1_559' title='bbox 1607 2715 1697 2739; x_wconf 83' lang='lat' dir='ltr'><strong>addit:</strong></span> <span class='ocrx_word' id='word_1_560' title='bbox 1724 2712 2014 2745; x_wconf 75' lang='lat' dir='ltr'><strong>plusquamperfecto,</strong></span> <span class='ocrx_word' id='word_1_561' title='bbox 2040 2711 2200 2737; x_wconf 78' lang='lat' dir='ltr'><strong>malueram.</strong></span> 
     </span>
     <span class='ocr_line' id='line_1_100' title="bbox 1390 2764 2005 2797; baseline -0.01 -5"><span class='ocrx_word' id='word_1_562' title='bbox 1390 2767 1439 2796; x_wconf 81' lang='lat'><strong>2³)</strong></span> <span class='ocrx_word' id='word_1_563' title='bbox 1459 2768 1533 2792; x_wconf 78' lang='lat' dir='ltr'><strong>naec</strong></span> <span class='ocrx_word' id='word_1_564' title='bbox 1553 2767 1695 2797; x_wconf 80' lang='lat' dir='ltr'><strong>inscriptio</strong></span> <span class='ocrx_word' id='word_1_565' title='bbox 1719 2767 1752 2790; x_wconf 85' lang='lat' dir='ltr'><strong>ab</strong></span> <span class='ocrx_word' id='word_1_566' title='bbox 1771 2765 1898 2790; x_wconf 76' lang='lat' dir='ltr'><strong>1⁴]d.s.a.</strong></span> <span class='ocrx_word' id='word_1_567' title='bbox 1919 2764 2005 2788; x_wconf 71' lang='lat' dir='ltr'><strong>abest,</strong></span> 
     </span>
    </p>
   </div>
  </div>
 </body>
</html>
