2389 3037
68 120 141 155 361
728 111 864 148 XCVII.

69 213 127 241 ut:
171 203 288 248 Cupio
313 209 349 236 te
373 202 510 236 venire.
579 199 673 233 Filio
698 211 847 233 uxorem
877 200 1002 233 datum
1031 199 1076 232 iri

69 256 247 291 audierat.
302 254 455 288 Memini
473 251 587 299 me‘ffl)
606 253 744 292 facere,
771 264 846 285 non
864 252 998 285 fecisse.

172 306 406 340 Accusativus
448 304 619 350 proprius
663 315 764 337 casus
812 303 1076 336 infinitivorum

69 360 288 406 praecedens
304 357 523 397 infinitivos,
551 362 586 389 et
603 356 795 401 exponitur
819 367 884 400 per
910 354 1076 388 nomina-

70 411 206 452 tivum,
253 411 389 443 adiecta
416 409 592 454 particula
623 409 733 454 qnod.
802 407 916 440 Aiunt
941 406 1077 451 probos

69 464 314 497 adulescentes
331 462 569 506 depravatum
589 460 633 493 iri
644 460 691 504 ⁷⁰)
717 459 974 503 consuetudine
1000 469 1077 491 ma-

71 515 191 549 lorum
206 512 265 560 ⁷¹).

368 607 571 641 Secunda
602 605 775 650 regula.

174 676 346 711 Infinitivi
369 677 552 711 adduntur
568 674 778 708 nominibus
794 673 998 714 adiectivis,
1025 674 1077 707 fa-

72 730 240 765 cultatem
257 729 560 774 significantibus,
588 733 645 760 ut:
675 725 828 759 Difficile
850 732 902 760 est
927 726 1077 760 efficere.

71 782 147 816 Soli
164 788 310 815 cantare
327 780 445 826 periti.
499 780 615 813 Amor
629 779 820 812 sceleratus
837 776 1007 812 habendi.

177 833 287 867 Casus
321 844 473 878 sequens
510 830 728 864 infinitivum
767 843 857 872 esse,
907 830 1078 864 convenit

71 897 151 919 cum
170 885 338 930 proximo
359 883 508 917 nornine
530 884 789 928 praecedente,
820 890 877 916 ut:
915 881 969 915 Illi
994 883 1077 916 licet

70 949 144 972 esse
162 937 290 982 probo.
333 936 477 971 rRarius
496 942 564 970 est:
594 934 646 968 Illi
665 935 746 968 licet
762 947 835 969 esse
854 935 1023 979 probum.

395 1029 457 1062 De
485 1029 752 1064 Gerundiis.

173 1098 335 1133 Genitivi
367 1110 468 1132 casus
496 1098 671 1142 gerundia
699 1104 900 1144 sequuntur
925 1097 1075 1130 nomina

70 1150 309 1192 substantiva,
332 1151 539 1184 facultatem
557 1150 809 1194 significantia,
838 1156 892 1183 ut:
922 1148 1075 1183 Occasio

71 1203 291 1248 emergendi.
346 1202 473 1236 Gratia
490 1202 650 1236 discendi
668 1200 828 1236 Athenas
845 1201 1040 1246 mi581157‘2).

176 1253 380 1288 Accusativi
399 1266 500 1288 casus
517 1254 691 1298 gerundia
716 1253 987 1298 praepositione
1013 1264 1076 1285 an-

71 1313 266 1341 nectuntur
288 1306 427 1347 verbis,
463 1313 518 1340 ut:
556 1306 663 1339 Mitto
688 1306 788 1339 illum
818 1307 863 1338 ad
890 1305 1076 1350 speculan-

71 1360 156 1393 dum
176 1371 308 1392 arcem.
363 1357 459 1391 Inter
479 1359 657 1402 agendum
679 1370 865 1392 occursare
884 1370 1006 1402 capro.

174 1410 285 1445 Casus
302 1409 452 1443 ablativi.
467 1410 639 1454 gerundia
658 1417 859 1456 sequuntur
876 1410 998 1450 verba,
1021 1408 1077 1442 vel

71 1476 151 1498 cum
169 1461 460 1508 praepositione,
488 1463 544 1495 vel
562 1463 637 1496 sine
653 1463 936 1507 praepositione,
964 1460 1075 1507 ut⁷3):

68 1515 238 1560 Frigidus
274 1514 313 1548 in
353 1514 466 1559 pratis
503 1516 682 1548 cantando
722 1515 904 1559 rumpitur
938 1513 1076 1558 anguis.

69 1567 297 1613 Explicatur:
327 1567 412 1600 dum
433 1573 568 1608 cantas,
597 1568 776 1600 cantando
797 1573 835 1600 tn
852 1567 966 1600 illum.
1005 1565 1076 1598 Pra-

71 1620 122 1653 tio
155 1620 246 1653 bene
274 1618 453 1653 scribendi
475 1632 555 1653 cum
581 1619 764 1665 loquendo
784 1619 830 1666 ⁷²¹)
863 1619 985 1652 iuncta
1013 1623 1076 1651 est.

70 1671 156 1707 Non
172 1684 250 1706 sum
268 1669 462 1712 solvendo,
491 1671 683 1717 peculiaris
700 1672 811 1716 figura
831 1677 894 1705 est.

175 1723 446 1768 Adsciscunt⁷⁵)
470 1730 588 1757 autem
618 1723 794 1767 gerundia
821 1733 921 1756 casus
950 1722 1077 1754 verbo-

73 1788 154 1810 rum
186 1773 438 1824 ἇναλογικιῦς,
478 1782 536 1809 ut:
573 1775 698 1809 Gratia
725 1774 905 1809 salutandi
931 1774 1077 1813 amicos,

74 1829 219 1862 demum
247 1827 350 1861 redii.

177 1880 246 1914 Sed
263 1878 384 1913 Latini
402 1878 508 1912 etiam
534 1879 661 1912 eodem
684 1891 767 1913 casu
792 1879 996 1912 extulerunt
1021 1889 1078 1921 ge-

75 1932 246 1967 rundium
274 1938 309 1965 et
332 1929 544 1977 nornenw),
571 1937 628 1965 ut:
659 1931 784 1965 Gratia
804 1931 1076 1965 salutandorum

110 2072 158 2105 69)
178 2074 236 2101 me]
258 2072 285 2096 iu
302 2072 352 2096 Ed.
370 2072 447 2095 1539.
469 2072 556 2096 deest.

110 2116 160 2146 70)
180 2116 361 2146 depravatum
381 2115 429 2144 iri]
450 2116 500 2138 Ed.
521 2116 594 2139 1539.
615 2115 766 2145 depravari

925 111 1049 147 PHIL.
1085 112 1199 148 MEL.
1235 112 1482 148 SYNTAXIS.

110 2159 159 2192 71)
180 2160 229 2184 Ed.
252 2159 327 2184 1539.
348 2159 439 2183 addit:
470 2159 495 2182 id
516 2161 578 2189 est,
605 2159 690 2182 Aiunt
710 2159 780 2189 quod
809 2157 886 2188 probi
912 2157 1080 2181 adolescen-
1106 2163 1108 2192 ‘1

145 2197 187 2219 tes
209 2195 397 2224 depraventur
417 2194 616 2217 consuetudine
637 2195 781 2219 malorum.

111 2237 159 2271 72)
179 2238 209 2262 ln
228 2238 278 2262 Ed.
298 2238 375 2262 1539.
394 2238 418 2261 li.
434 2238 452 2261 l.
474 2238 680 2267 subsequuntur
701 2238 817 2261 haecce:

182 2274 317 2302 Tempore
336 2273 424 2296 crevit
443 2278 520 2296 amor
540 2273 585 2302 qui
605 2279 675 2296 nnnc
695 2275 738 2296 est
759 2279 881 2296 summus
900 2272 1026 2296 habendi.

183 2307 364 2332 Graecismus
387 2308 447 2335 est,
476 2307 610 2331 infinitivo
632 2308 716 2330 verbo
738 2308 775 2330 uti
797 2314 846 2337 pro
867 2307 1018 2338 gerundio,
1041 2308 1080 2333 nt,

147 2344 224 2368 Nunc
250 2344 294 2365 est
319 2344 427 2371 tempus
454 2341 546 2366 dicere
573 2348 641 2371 quae
666 2342 789 2370 sentias,
827 2342 851 2365 id
879 2344 939 2370 est.
972 2344 1080 2371 tempus

147 2377 253 2402 dicendi
270 2383 340 2408 qnae
359 2377 474 2401 sentias.
512 2378 547 2400 Et
562 2377 722 2400 Terentius:
751 2377 828 2406 Quod
845 2377 969 2407 plerique
984 2383 1080 2401 omnes
1107 2380 1109 2398 ἑ

148 2413 254 2437 faciunt
271 2412 492 2440 adolescentuli,
518 2413 547 2435 ut
565 2411 683 2435 animum
702 2410 736 2436 ad
756 2413 867 2442 aliquod
891 2412 1011 2435 studium
1031 2417 1081 2441 ap-

148 2448 268 2478 plicent,
301 2449 331 2470 nt
356 2452 439 2470 canes
466 2448 554 2470 alere.
607 2447 674 2469 Nam
694 2447 736 2469 liic
756 2447 910 2471 infinitivus
934 2447 1043 2477 regitur
1065 2452 1081 2469 a

148 2488 216 2505 voce
235 2482 373 2513 studium,
394 2484 423 2505 ut
442 2482 478 2504 sit
497 2482 531 2505 ad
552 2481 689 2509 studium,
710 2482 802 2511 alere,
823 2488 889 2512 pro,
911 2482 946 2505 ad
960 2483 1080 2505 studium
1107 2486 1109 2520 ᾗ

148 2516 240 2540 alendi
259 2522 362 2547 canes,
387 2517 479 2540 alendi
501 2522 601 2546 equOS,
629 2516 709 2539 eundi
730 2517 763 2539 ad
783 2517 970 2547 philosophos.

114 2558 236 2616 73).Ed..t
252 2560 328 2586 1539.
349 2560 373 2584 h.
396 2560 412 2584 l.
434 2560 526 2583 addit:
564 2559 663 2583 Omnia
690 2560 812 2583 conando
839 2560 937 2584 docilis
964 2560 1082 2584 solertia

149 2600 222 2616 vinci
239 2612 244 2617 .

115 2633 163 2665 74)
183 2641 243 2659 cum
262 2635 409 2668 loquendo]
429 2637 478 2661 Ed.
501 2637 575 2660 1539,
596 2644 655 2660 cnm
676 2637 803 2667 loquendi
825 2637 934 2662 ratione

71 2678 82 2689 ‘-
115 2678 164 2706 75)
183 2679 363 2709 Adsciscunt]
382 2681 432 2706 Ed.
452 2681 525 2705 1539.
546 2681 632 2705 male:
660 2681 799 2705 Adsciscit

116 2720 165 2749 76)
193 2721 274 2745 etiam
307 2723 399 2747 eodem
434 2729 500 2747 casu
529 2725 689 2748 extulerunt
714 2723 876 2754 gerundium
904 2726 932 2748 et
958 2725 1082 2755 nomem]

152 2756 201 2779 Ed.
216 2756 292 2782 1539.
313 2758 425 2782 eandem
447 2759 610 2784 sententiam
630 2759 747 2783 efferunt
768 2765 814 2788 per
835 2759 1025 2789 participium,

1106 2624 1109 2647 ¹,

2062 114 2138 150 362

1132 199 1332 233 amicorum
1351 201 1499 233 domum
1522 200 1639 235 venio.
1676 200 1734 242 Et,
1764 201 1808 234 ad
1824 200 2079 246 speculandam
2090 201 2138 246 77)

1132 263 1249 284 arcem
1274 251 1403 285 missus
1422 258 1473 286 est
1489 265 1608 298 eques.
1650 252 1714 294 Et,
1740 253 1777 286 in
1796 253 1993 287 exercenda
2014 252 2137 286 iuven-

1132 309 1207 336 tute
1226 310 1441 347 praeceptor
1458 304 1581 337 utilem
1601 317 1749 349 operam
1777 305 1887 339 snrnit
1898 304 1965 348 ⁷³),
2000 317 2066 349 pro
2091 305 2137 337 ad

1132 354 1390 398 speculandum
1410 367 1549 396 arcein,
1577 363 1611 389 et
1627 358 1825 390 exercendo
1844 356 2137 403 iuventutemw).

1236 405 1302 439 Hic
1315 406 1554 441 Grammatici
1571 408 1735 442 rixantur
1753 409 1796 442 de
1812 408 2008 453 gerundiis.
2043 408 2138 443 Nam

1132 456 1296 503 plerique
1315 458 1505 503 participia
1522 460 1598 493 fieri
1623 460 1802 501 sentiunt,
1838 461 1866 494 si
1892 473 2011 494 casum
2038 459 2138 493 x‘erbi

1132 509 1187 543 sui
1204 509 1376 551 amisere,
1404 509 1505 544 Valla
1524 512 1736 546 reclamitat.
1790 510 1884 546 Mihi
1902 513 1947 545 ad
1963 512 2138 557 puerilem

1133 568 1277 606 captum
1303 562 1383 607 plus
1399 563 1515 596 facere
1539 564 1682 597 videtur
1703 577 1828 598 eorum
1849 564 2048 603 sententia,
2078 563 2138 609 qui

1133 614 1307 658 gerundia
1330 627 1369 648 ea
1388 615 1534 648 demum
1554 622 1704 657 vocant,
1729 629 1821 662 quae
1840 617 1895 650 sui
1917 616 2016 649 verbi
2038 628 2139 650 casus

1132 672 1282 710 regunt,
1308 672 1348 700 ut
1364 667 1544 701 salutandi
1562 668 1709 702 amicos.

1234 717 1369 764 Estque
1397 732 1436 753 ea
1462 719 1499 752 in
1523 732 1608 753 x'oce
1636 720 1751 753 activa
1776 719 2010 764 significatio,
2045 719 2138 753 salu-

1132 775 1207 802 tare
1226 770 1372 805 amicos.
1435 771 1527 806 Nam
1553 772 1768 817 gerundium
1796 779 1848 806 est
1875 772 2054 805 infinitivo
2081 784 2139 804 co-

1132 827 1295 865 gnatum.

1235 874 1442 919 Participiis
1466 874 1619 910 similius
1646 882 1714 910 est:
1744 875 2028 909 Salutandoruni
2047 873 2139 907 aini-

1132 937 1256 958 corum
1277 938 1395 960 causa.
1450 926 1543 962 Nam
1562 928 1775 972 significatio
1793 927 1934 972 passiva
1953 933 2003 960 est
2016 953 2024 965 ,
2052 937 2140 971 qua-

1131 976 1173 1010 lis
1206 977 1243 1010 in
1277 978 1419 1022 passivo
1455 980 1647 1025 participio
1682 980 1773 1014 solet
1807 992 1893 1014 esse.
1964 978 2137 1011 Forrnula

1132 1035 1247 1070 extat,
1275 1031 1456 1064 crescendi
1473 1044 1666 1073 novarum,
1692 1044 1759 1078 pro
1779 1031 2055 1066 crescendarnm
2076 1042 2139 1062 no-

1135 1092 1271 1116 varum.
1327 1082 1551 1117 Nominandi
1569 1084 1719 1119 istorum
1738 1084 1852 1128 magis
1874 1096 1982 1130 qnam
2004 1081 2136 1115 edundi

1132 1133 1234 1178 copia
1255 1140 1306 1168 est
1322 1134 1382 1181 3⁰).

1490 1211 1552 1246 De
1583 1213 1786 1258 Supinis.

1234 1278 1359 1312 Active
1386 1279 1588 1324 significant
1625 1281 1754 1326 supina
1786 1281 1909 1326 priora
1947 1287 1981 1314 et
2015 1292 2137 1313 casum

1132 1330 1232 1363 verbi
1256 1332 1312 1364 sni
1335 1332 1549 1367 adsciscunt.
1605 1333 1886 1378 Coniunguntur
1914 1339 2033 1366 autem
2058 1345 2138 1365 cnm

1131 1382 1249 1416 verbis
1267 1382 1551 1427 significantibus
1568 1392 1707 1420 motum
1724 1388 1769 1419 ad
1786 1386 1917 1419 locum.
1951 1384 2067 1418 Venio
2085 1396 2139 1417 sa-

1130 1433 1284 1467 lutatum
1304 1436 1459 1477 amicos,
1488 1437 1701 1481 significatio
1720 1437 1892 1471 infinitivi
1908 1443 1971 1471 est.
2022 1435 2139 1480 Signi-

1130 1487 1213 1519 ficat
1239 1487 1359 1528 enini,
1396 1489 1500 1521 venio
1527 1490 1683 1523 salutare
1710 1490 1866 1529 amicos,
1903 1496 1937 1522 et
1959 1489 2066 1522 venio
2095 1489 2138 1520 ad

1131 1538 1361 1573 salutandum
1383 1541 1530 1575 amicos.
1577 1542 1783 1586 Spectatum
1804 1541 1951 1575 admissi
1962 1540 2009 1587 ⁸¹)
2025 1540 2137 1574 risum

1131 1591 1283 1625 teneatis
1301 1592 1420 1626 amici.
1476 1592 1547 1627 [ret
1569 1594 1771 1640 quaesitum
1782 1593 1842 1641 32).

1234 1643 1442 1678 Posteriora
1460 1646 1588 1690 supina
1607 1646 1810 1691 significant
1829 1645 1982 1691 passive,
2005 1651 2038 1677 et
2054 1656 2138 1677 con-

1131 1701 1322 1729 struuntur
1357 1709 1435 1730 cuin
1464 1698 1649 1732 adiectix‘is
1674 1698 1881 1732 facultatem
1908 1697 2139 1741 significanti-

1132 1747 1210 1782 bus.
1262 1747 1392 1783 Facilis
1409 1750 1507 1789 visu,
1537 1750 1571 1782 id
1590 1757 1661 1791 est,
1687 1750 1824 1791 videri,
1859 1756 1991 1782 etcum
2019 1748 2138 1781 verbis

1132 1806 1271 1833 motum
1291 1801 1334 1832 de
1351 1801 1428 1833 locu
1448 1801 1801 1847 significantibusffi).
1855 1802 1962 1834 Cato:
1992 1801 2136 1834 Primus

1167 1902 1215 1935 77)
1238 1904 1450 1934 speculandam]
1472 1904 1521 1927 Ed.
1540 1903 1615 1929 1539.
1635 1903 1834 1935 speculandum

1167 1947 1217 1976 78)
1238 1948 1289 1978 Et,
1310 1947 1338 1971 in
1359 1948 1517 1972 exercenda
1537 1961 1569 1964 -
1590 1946 1697 1979 sumi'n]
1719 1948 1753 1971 ab
1773 1946 1823 1971 Ed.
1839 1945 1914 1970 1539.
1934 1946 2044 1969 absunt,

1167 1990 1215 2023 79)
1237 1993 1263 2015 et
1283 1992 1437 2016 exercendo
1457 1989 1652 2022 iuventutem]
1672 1991 1721 2014 Ed.
1736 1990 1811 2014 1539.
1827 1991 1853 2014 et
1868 1988 2008 2013 salutandi
2022 1987 2136 2012 amicos.

1167 2036 1215 2067 80)
1236 2035 1286 2059 Hic
1306 2035 1485 2059 Grammatici
1507 2036 1634 2059 rixantur
1654 2048 1685 2051 -—
1706 2035 1785 2064 copia
1804 2035 1872 2062 est]
1900 2039 1949 2063 pro
1976 2033 2019 2056 his
2041 2032 2066 2055 in
2090 2033 2138 2056 Ed.

1205 2070 1280 2094 1539.
1302 2071 1431 2101 leguntur
1452 2071 1566 2094 haecce:
1587 2071 1620 2093 Et
1636 2069 1678 2093 hio
1693 2070 1820 2093 rixantur
1836 2067 2025 2097 Grammatiei,
2047 2069 2137 2090 utrum

1203 2105 1340 2136 gerundia
1359 2105 1495 2135 recipiant
1514 2111 1605 2129 casus.
1643 2106 1686 2128 An
1706 2105 1744 2127 sit
1763 2103 1944 2134 gerundium,
1971 2103 2138 2126 salutando-

1204 2147 1284 2169 rum,
1315 2147 1373 2163 cum
1401 2141 1479 2170 dico,
1507 2140 1599 2170 gratia
1628 2139 1839 2163 salutaudorum
1859 2138 2009 2162 amicorum
2029 2137 2138 2161 domum

1203 2175 1295 2199 venio.
1332 2176 1446 2199 Rectius
1463 2177 1556 2200 autem
1576 2176 1620 2197 est
1639 2180 1700 2198 meo
1721 2173 1820 2197 iudicio
1841 2174 1869 2197 et
1887 2173 1921 2196 ad
1941 2174 2050 2203 captum
2070 2178 2138 2202 pue-

1203 2211 1283 2234 rilem
1303 2211 1555 2237 acconunodatius.
1590 2210 1691 2233 docere
1717 2209 1788 2239 quod
1808 2208 1943 2239 gerundia
1961 2208 2028 2231 fiant
2049 2206 2138 2237 parti-

1204 2245 1292 2275 cipia,
1320 2246 1427 2275 qnando
1444 2251 1497 2269 non
1518 2246 1618 2275 regunt
1638 2250 1721 2268 casus
1742 2249 1853 2267 suorum
1874 2244 2032 2267 verborum.
2071 2241 2137 2266 Cum

1203 2280 1265 2303 dico
1285 2280 1424 2304 salutandi
1444 2280 1565 2307 amicos,
1586 2278 1727 2303 salutandi
1742 2278 1784 2302 hic
1803 2278 1965 2310 gerundium
1986 2278 2030 2301 est
2049 2276 2137 2307 signi—

1204 2315 1342 2338 ficationis
1362 2316 1488 2341 activae,
1519 2315 1582 2345 quia
1609 2315 1681 2346 regit
1701 2319 1794 2337 casum
1815 2313 1893 2337 verbi
1913 2312 2007 2336 activi.
2059 2312 2135 2335 sicut

1204 2350 1296 2373 saluto
1316 2349 1438 2379 §amicos
1482 2350 1548 2373 (fuin
1574 2350 1634 2373 dico
1661 2349 1873 2373 salutandorum
1898 2347 2064 2375 amicorum,
2097 2346 2138 2368 lu'r·

1204 2385 1413 2408 salntandorum
1434 2384 1606 2415 partis-ipiiun
1629 2386 1672 2407 est
1693 2384 1823 2414 passivae
1844 2382 2068 2414 significationis.

1240 2420 1358 2443 Veteres
1383 2420 1424 2442 usi
1450 2422 1514 2443 sunt
1539 2420 1655 2450 quadam
1683 2420 1788 2448 figura.
1823 2420 1851 2441 nt
1871 2418 1942 2447 apud
1963 2416 2135 2440 Terentium:

1205 2455 1356 2478 Crescendi
1378 2460 1519 2478 novarum.
1566 2456 1599 2477 l⁴1t
1620 2454 1690 2484 apud
1711 2454 1849 2478 Plautum:
1885 2451 2046 2476 Nominandi
2069 2451 2137 2473 islo-

1205 2496 1263 2512 rum
1291 2489 1380 2520 magis
1406 2496 1485 2519 qnam
1512 2489 1611 2512 edundi
1637 2489 1714 2518 copia
1742 2490 1801 2515 est,
1834 2494 1882 2517 pro
1910 2486 2136 2511 nominamlurum

1205 2524 1330 2547 istorum.
1387 2525 1461 2547 llaec
1493 2525 1583 2555 ligur-‘1
1615 2524 1807 2554 propemodum
1839 2524 1975 2547 Graecum
2009 2520 2136 2550 quiddam

1205 2559 1293 2582 hahet.

1169 2601 1218 2629 81)
1236 2600 1368 2629 admissi]
1390 2600 1474 2625 Editt.
1493 2601 1584 2631 152⁶„
1607 2600 1681 2625 1529.
1702 2600 1790 2624 male:
1819 2599 1918 2623 admisi

1168 2645 1216 2675 82)
1237 2645 1294 2668 lret
1313 2644 1493 2674 quaesitum]
1514 2646 1547 2668 ab
1567 2645 1614 2669 Ed.
1632 2644 1706 2668 1539.
1727 2645 1835 2668 absunt.

1168 2689 1217 2716 83)
1237 2689 1265 2711 ln
1281 2689 1328 2712 Ed.
1348 2688 1423 2713 1539.
1439 2688 1620 2719 sequentihus
1641 2687 1775 2717 exemplis
1795 2684 1948 2716 praemissa
1967 2685 2032 2706 sunt
2052 2683 2134 2706 hace:

1204 2725 1293 2753 Turpe
1313 2723 1420 2753 quidem
1440 2724 1530 2753 dictu7
1558 2723 1606 2747 sed
1627 2723 1650 2747 si
1671 2723 1750 2747 modo
1770 2726 1837 2745 vera
1857 2721 1976 2743 fatemur
2023 2717 2134 2749 Vulgus

1205 2758 1341 2782 amicitias
1363 2759 1483 2782 utilitate
1502 2759 1608 2788 probat.
