2389 3037
57 107 129 142 401
727 97 847 132 'GClAn

57 193 339 226 commodantes.
392 190 446 224 Ne
468 188 544 222 sitis
570 192 781 230 arrogantes
805 185 900 229 apud
921 189 1060 217 vosmet

56 245 173 288 ipsos,
199 255 316 288 neque
337 241 504 287 cuiquam
525 239 658 272 malum
682 250 746 282 pro
773 238 868 270 malo
888 235 1058 269 reddatis.

55 295 212 329 Provide
245 300 412 339 parentes
443 290 591 325 honesta
617 292 653 323 in
679 296 873 334 conspectu
894 287 1057 321 omnium

55 345 267 386 hominum,
295 347 324 380 si
343 344 420 378 fieri
440 350 574 388 potest,
604 349 779 388 qnantum
808 341 844 373 in
868 339 969 374 vobis
996 344 1059 377 est,

57 412 137 432 cum
166 398 334 431 omnibus
359 395 567 430 hominibus
595 395 630 427 in
657 406 741 438 pace
767 393 947 430 viventes,
984 401 1059 422 non

7 487 10 490 ,
56 456 195 484 vosmet
212 450 308 493 ipsos
325 449 534 482 ulciscentes
551 447 691 485 dilecti,
720 445 807 491 quin
833 443 951 488 potius
977 442 1060 475 date

55 503 174 535 locum
191 501 277 543 irae.
332 500 513 544 Scriptum
533 506 585 533 est
601 499 713 532 enim:
744 494 836 529 Mihi
853 495 965 534 ultio,
994 505 1058 537 ego

57 553 276 598 rependam,
313 553 399 585 dicit
415 551 606 585 Dominus.
661 549 697 583 Si
724 548 832 592 igitur
857 547 968 580 esurit
993 545 1060 578 ini-

57 605 169 638 micus
193 611 296 644 tuus,
325 616 429 648 pasce
457 604 575 641 illum;
613 601 640 635 si
668 601 761 640 sitit,
790 600 833 632 da
852 599 902 631 illi
922 604 1060 643 potum.

56 656 134 690 Hoc
161 656 255 689 enim
280 655 309 689 si
332 655 477 695 feceris,
515 654 688 688 carbones
715 652 808 696 ignis
833 649 1061 683 coacervabis

56 709 94 742 in
120 714 228 753 caput
252 707 358 741 illius.
428 706 481 741 Ne
509 705 663 738 vincaris
690 704 807 743 malo⁷
852 703 925 735 imo
960 701 1061 734 vince

56 761 154 794 bono
179 760 327 792 malum.

743 883 893 928 Caput
920 882 1012 916 XIII.

161 967 255 999 Ante
288 966 418 999 festum
456 970 573 998 autem
615 960 767 1007 paschae
803 961 918 995 sciens
956 960 1064 1001 lesus,

58 1019 162 1064 quod·
182 1017 337 1051 venisset
360 1014 448 1050 hora
473 1015 604 1060 ipsius,
646 1021 686 1047 ut
712 1013 884 1047 transiret
919 1025 961 1046 ex
996 1011 1065 1046 hoc

108 889 170 923 Ex
198 887 459 932 Evangelio
486 885 695 925 Ioannis,

57 1070 195 1103 mundo
215 1070 258 1102 ad
274 1074 429 1113 patrem,
458 1080 538 1101 cum
556 1067 737 1100 dilexisset
757 1078 852 1105 suos,
881 1065 948 1110 qui
962 1071 1067 1097 erant
1090 1071 1093 1110 1

59 1122 97 1154 111
116 1122 272 1160 mundo,
300 1132 414 1165 usque
431 1120 474 1152 ad
491 1120 596 1152 finem
617 1118 742 1152 dilexit
765 1130 835 1151 eos.
889 1116 935 1150 Et
953 1129 1063 1150 coena

58 1174 172 1213 facta,
201 1185 279 1206 cum
297 1171 463 1205 diabolus
488 1171 561 1203 iam
586 1170 792 1204 immisisset
815 1169 853 1202 in
880 1181 940 1202 cor
956 1167 1066 1202 Iudae
1092 1189 1094 1193 ν

60 1225 218 1259 Simonis
234 1223 439 1263 Iscariotae,
466 1229 507 1255 ut
524 1224 695 1266 proderet
711 1234 806 1261 eum,
834 1221 948 1254 sciens
959 1219 1066 1260 Iesus,

61 1277 158 1322 quod
172 1276 292 1308 omnia
305 1275 459 1308 dedisset
475 1274 541 1307 sibi
561 1280 664 1318 pater
682 1273 717 1306 in
734 1285 876 1313 manus,
894 1279 929 1306 et
938 1273 1066 1318 quoda

60 1327 140 1360 Deo
160 1327 306 1365 exisset,
343 1333 377 1359 et
397 1327 441 1359 ad
457 1324 572 1358 Deum
602 1325 689 1365 iret,
718 1325 833 1368 surgit
856 1336 874 1356 a
904 1336 1013 1358 coena
1034 1330 1069 1357 et

60 1378 408 1423 ponityestinienta,
426 1383 461 1410 et
478 1389 556 1409 cum
576 1377 945 1420 accepissetlinteum,
965 1387 1069 1420 prae-

61 1430 173 1475 cinxit
187 1442 235 1466 se.
279 1428 419 1462 Deinde
437 1428 535 1461 misit
550 1440 680 1473 aquam
701 1428 737 1461 in
756 1428 886 1472 pelvim
899 1455 908 1469 ,
936 1434 971 1461 et
990 1439 1070 1461 coe-

62 1483 114 1527 pit
131 1483 252 1515 lavare
271 1482 378 1526 pedes
396 1480 671 1525 discipulorum,
696 1486 730 1513 et
747 1487 927 1523 extergere
943 1480 1069 1519 linteo,

63 1546 135 1579 quo
164 1540 241 1566 erat
266 1533 503 1577 praecinctus.
569 1531 678 1564 Venit
702 1544 787 1576 ergo
813 1534 856 1564 ad
882 1531 1067 1565 Simonem

62 1585 224 1618 Petrum.
276 1583 324 1617 Et
345 1584 432 1618 dicit
457 1584 488 1617 ei
517 1583 661 1618 Petrus:
700 1583 878 1624 Domine,
912 1590 951 1617 tu
980 1581 1071 1616 mihi

62 1637 160 1670 lavas
179 1635 311 1681 pedes?
361 1635 565 1680 Respondit
580 1634 694 1676 Iesus,
723 1642 757 1669 et
775 1635 865 1668 dixit
882 1635 930 1668 ei:
962 1634 1071 1680 Quod

63 1701 129 1732 ego
156 1688 270 1727 facio,
311 1693 352 1721 tu
377 1687 492 1721 nescis
515 1699 631 1727 nunc,
672 1687 761 1721 scies
784 1693 902 1720 autem
933 1693 1071 1732 postea.

63 1739 160 1773 Dicit
177 1739 208 1773 ei
220 1739 368 1772 Petrus:
398 1739 482 1773 Non
499 1738 639 1772 lavabis
657 1751 756 1773 meos
772 1740 880 1782 pedes
902 1739 939 1770 in
958 1745 1072 1771 aeter-

64 1804 164 1825 num.
204 1790 409 1835 Respondit
429 1791 459 1823 ei
478 1789 591 1824 Iesus:
621 1789 659 1823 Si
677 1802 753 1823 non
769 1790 893 1823 lavero
915 1796 969 1829 te,
997 1802 1071 1823 non

63 1841 175 1876 babes
197 1849 337 1887 partem
362 1854 516 1876 mecum.
584 1841 682 1875 Dicit
713 1842 745 1875 ei
772 1841 898 1875 Simon
924 1841 1070 1876 Petrus:

64 1894 242 1935 Domine,
270 1906 345 1934 non
363 1900 504 1927 tantum
522 1895 629 1938 pedes
653 1906 773 1934 meos,
801 1896 862 1927 sed
887 1900 921 1927 et
945 1907 1073 1928 manus

65 1953 100 1980 et
115 1953 234 1991 caput.
287 1945 385 1979 Dicit
400 1946 430 1979 ei
448 1945 559 1979 lesus:
590 1945 662 1991 Qui
679 1946 773 1980 lotus
791 1953 860 1986 est,
889 1958 963 1978 non
982 1958 1073 1990 opus

64 1996 196 2038 habet,
224 1997 293 2031 nisi
310 2004 349 2031 ut
368 1999 475 2042 pedes
494 1999 608 2037 lavet,
645 1999 707 2031 sed
723 2005 773 2032 est
791 1999 946 2031 mundus
965 2005 1073 2031 totus.

64 2049 112 2083 Et
153 2062 217 2083 vos
245 2049 371 2082 mundi
403 2049 506 2090 estis,
548 2051 611 2083 sed
635 2062 708 2082 uon
737 2063 873 2084 omnes.
931 2049 1075 2083 Sciebat

66 2101 184 2141 enim,
211 2101 377 2147 quisnam
397 2107 506 2141 esset,
533 2100 595 2148 qui
610 2103 781 2146 proderet
798 2115 852 2141 se;
881 2109 1072 2146 propterea

66 2153 173 2186 dixit:
203 2152 286 2186 Non
309 2153 391 2187 estis
419 2154 546 2186 mundi
575 2166 712 2188 omnes.

66 2205 213 2238 lavisset
239 2205 348 2248 pedes
377 2216 525 2245 eorum,
567 2206 794 2251 receptisque
817 2206 974 2240 vestibus
1003 2205 1075 2240 suis

67 2256 310 2297 accubuisset,
344 2255 475 2290 iterum
499 2257 589 2290 dixit
611 2258 677 2292 eis:
714 2257 838 2299 Scitis,
874 2258 961 2304 quid
986 2259 1076 2291 fece-

67 2308 137 2342 rim
164 2308 279 2342 vobis.
343 2307 417 2342 Vos
439 2309 576 2342 vocatis
595 2322 651 2342 me
672 2310 881 2354 magistrum
901 2322 941 2343 ac
960 2310 1074 2344 domi-

68 2371 178 2400 num,
207 2366 242 2393 et
258 2360 350 2393 bene
370 2360 508 2401 dicitis,
536 2373 614 2394 sum
634 2362 779 2396 etenim.

71 2475 141 2509 que
172 2464 310 2498 debetis
345 2464 500 2498 invicem
532 2465 594 2497 alii
628 2465 782 2499 aliorum
807 2466 928 2499 lavare
957 2468 1075 2511 pedes.

70 2514 287 2560 Exemplum
307 2516 403 2549 enim
430 2517 579 2561 praebui
606 2518 727 2559 vobis,
754 2524 812 2559 ut,
841 2520 1077 2565 quemadmo-

72 2567 159 2600 dum
180 2579 246 2610 ego
263 2568 331 2601 feci
359 2569 482 2610 vobis,
519 2570 567 2602 ita
596 2576 630 2602 et
656 2583 720 2604 vos
749 2570 899 2605 faciatis.
963 2573 1076 2606 Amen

73 2630 180 2652 amen
198 2619 279 2652 dico
302 2621 420 2655 vobis:
454 2633 528 2654 non
546 2627 597 2656 est
616 2622 732 2655 maior
749 2623 899 2656 domino
917 2636 982 2657 suo
1005 2636 1077 2657 ser-

74 2682 157 2711 vus,
202 2683 319 2716 neque
344 2672 481 2717 legatus
515 2675 632 2707 maior
664 2681 716 2708 est
746 2686 809 2715 e0,
850 2675 911 2721 qui
946 2675 1079 2720 legavit

75 2734 206 2767 ipsum.

119 2782 303 2813 MELAsru.
326 2783 432 2814 Ormi.
459 2784 543 2815 Vol..
568 2786 639 2816 XX.
678 2820 688 2823 ,μ

901 94 1173 131 eLhMENTA
1210 94 1450 127 PUEffll,iA.

765 2154 964 2199 Postquam
989 2166 1074 2198 ergo
1100 2167 1101 2178 1

834 2362 870 2396 Si
899 2375 984 2407 ergo
1011 2375 1075 2407 ego
1102 2391 1103 2399 ,

68 2412 142 2445 lavi
159 2413 267 2456 pedes
289 2419 425 2446 vestros
444 2413 614 2446 dominus
631 2420 665 2446 et
681 2414 871 2457 magister,
906 2427 970 2449 vos
987 2427 1076 2460 quo·
1101 2401 1104 2466 t

261 2722 297 2756 Si
322 2721 410 2758 haec
432 2726 604 2764 novistis,
633 2727 728 2760 beati
745 2727 847 2767 estis,
871 2728 902 2761 si
924 2727 1078 2762 feceritis
1104 2729 1106 2755 '1

2046 93 2121 129 402

1114 194 1167 216 ea.
1238 181 1323 215 Non
1355 182 1398 214 de
1435 179 1604 213 omnibus
1631 178 1733 213 vobis
1757 179 1909 224 loquor,
1944 191 2008 223 ego
2034 179 2121 221 scio,

1114 245 1204 278 quos
1240 232 1428 277 elegerim;
1476 232 1537 265 sed
1572 238 1610 264 ut
1644 231 1886 275 adimpleatur
1921 231 2119 275 scriptura:

1114 284 1186 330 Qui
1213 285 1285 317 edit
1310 296 1451 317 mecum
1477 295 1628 327 panem,
1671 283 1814 317 sustulit
1842 284 2033 317 adversum
2063 296 2119 316 me

1115 337 1322 369 calcaneum
1350 348 1475 375 suum,
1511 347 1607 367 nunc
1632 335 1712 367 dico
1745 336 1866 375 vobis,
1907 335 2119 380 priusquam

1113 389 1195 428 fiat,
1224 389 1280 428 ut,
1309 399 1388 420 cum
1412 387 1546 420 factum
1564 386 1691 425 suerit,
1726 387 1897 427 credatis,
1929 388 2026 432 quod
2053 400 2119 431 ego

1114 452 1206 474 sum.
1255 440 1373 473 Amen
1393 450 1498 471 nmen
1516 438 1594 470 dico
1614 438 1726 477 vobis,
1757 439 1816 483 qni
1834 438 1972 483 recipit,
1995 452 2120 484 quem-

1115 503 1256 538 cunque
1275 491 1426 529 misero,
1455 503 1512 522 me
1533 490 1671 534 recipit.
1726 489 1797 534 Qui
1817 497 1935 522 autem
1956 503 2012 523 me
2032 491 2120 524 reci-

1115 543 1186 588 pit,
1214 543 1343 588 recipit
1358 555 1438 576 eum
1454 568 1462 582 ,
1492 542 1554 588 qui
1572 554 1627 574 nie
1648 542 1754 575 misit.
1798 541 1886 575 Cum
1908 540 1993 575 haec
2013 543 2120 577 dixis-

1116 602 1169 630 set
1200 594 1317 635 lesus,
1366 594 1533 628 turbatus
1567 600 1617 626 est
1647 594 1775 637 spiritu
1811 600 1845 626 et
1881 600 2028 628 testatus
2059 601 2121 631 est.

1116 646 1296 693 dixitque:
1331 647 1448 681 Amen
1465 657 1568 678 amen
1589 646 1669 678 dico
1688 645 1808 685 vobis,
1837 647 1935 690 quod
1962 659 2054 680 unus
2079 659 2121 679 ex

1116 700 1219 733 vobis
1234 698 1444 744 proditurus
1461 704 1513 731 est
1528 709 1596 730 me.
1651 697 1880 741 Aspiciel›:1nt
1900 710 1982 742 ergo
2007 711 2043 732 se
2068 699 2121 731 in-

1116 751 1231 784 vicem
1249 750 1438 795 discipuli,
1465 747 1684 783 haesitantes
1701 751 1743 781 de
1761 761 1832 794 quo
1853 749 1996 783 diceret.
2034 749 2123 784 Erat

1117 810 1235 837 autem
1260 815 1354 837 unus
1371 815 1413 836 ex
1437 802 1620 846 discipulis
1640 800 1717 834 Iesu
1740 802 1952 835 recumbens
1979 801 2015 834 in
2042 802 2123 836 sinu

1118 855 1247 900 ipsius,
1275 854 1448 887 nimirum
1470 854 1517 893 is,
1545 866 1649 899 quem
1675 853 1845 897 diligebat
1862 851 1975 891 I‹›sus;
2005 854 2124 887 innuit

1118 919 1203 951 ergo
1233 904 1316 940 huic
1340 906 1467 940 Simon
1497 905 1643 945 Petrus,
1681 911 1718 937 ut
1742 905 2001 945 sciscitaretur,
2044 906 2124 951 quis

1119 966 1229 998 esset,
1257 959 1300 991 de
1318 971 1390 1004 quo
1410 958 1632 1002 loqueretur.
1688 956 1810 1002 {taque
1835 970 1914 990 cum
1942 958 2124 992 recubuis-

1118 1017 1171 1045 set
1188 1011 1246 1044 ille
1264 1022 1371 1054 super
1390 1017 1512 1054 pectus
1532 1008 1630 1048 lesu,
1660 1009 1745 1041 dicit
1761 1010 1811 1041 ei:
1842 1007 2020 1049 Domine,
2047 1011 2128 1055 quis

1119 1062 1198 1096 est'!>
1235 1062 1436 1106 Respondit
1454 1060 1567 1095 lesus:
1598 1060 1659 1094 Ille
1678 1067 1745 1100 est,
1774 1061 1828 1093 cui
1850 1073 1913 1105 ego
1933 1062 2123 1095 intinctum

1090 1114 1250 1186 [panem
1278 1126 1486 1158 porrexero.
1556 1113 1600 1145 Et
1634 1125 1712 1146 cum
1746 1113 1946 1146 intinxisset
1979 1126 2125 1158 panem,

1120 1167 1220 1200 dedit
1239 1165 1346 1199 Iudae
1369 1165 1528 1199 Simonis
1549 1164 1752 1199 lscariotae.
1807 1164 1852 1197 Et
1872 1172 1952 1209 post
1977 1166 2124 1199 offulam

1121 1219 1300 1262 ingressus
1319 1218 1423 1252 estin
1450 1230 1529 1251 eum
1556 1223 1710 1251 satanas.
1765 1215 1861 1250 Dicit
1887 1218 1994 1261 igitur
2020 1218 2051 1250 ei
2077 1217 2126 1251 le-

1121 1283 1197 1304 sus:
1235 1270 1341 1314 Quod
1368 1269 1474 1309 facis,
1510 1270 1566 1302 fac
1593 1269 1707 1302 citius.
1769 1268 1847 1302 Hoc
1873 1276 1991 1302 autem
2019 1282 2125 1303 nemo

1121 1322 1345 1365 intelligebat
1370 1321 1671 1355 discumbentium
1690 1320 1755 1366 ¹⁰),
1801 1322 1844 1353 ad
1870 1322 1957 1366 quid
1984 1321 2127 1355 dixisset

1122 1374 1165 1408 ei.
1221 1373 1379 1418 Quidam
1399 1373 1493 1406 enim
1514 1373 1709 1417 putabant,
1746 1372 1829 1417 quia
1856 1372 1990 1408 loculos
2018 1371 2127 1407 liabe-

1122 1427 1184 1459 bat
1201 1424 1324 1465 Iudas,
1355 1426 1452 1471 quod
1477 1425 1623 1459 dixisset
1647 1425 1677 1458 ei
1698 1423 1810 1458 Iesus:
1842 1437 1919 1458 eme
1945 1438 2004 1466 ea,
2035 1438 2127 1471 quae

1124 1490 1214 1522 opus
1237 1483 1321 1511 sunt
1343 1478 1448 1511 nobis
1471 1478 1515 1510 ad
1541 1477 1634 1509 diem
1661 1477 1810 1516 festum,
1856 1484 1917 1510 aut
1942 1478 2061 1521 egenis
2091 1484 2129 1511 ut

1125 1529 1261 1575 aliquid
1292 1530 1406 1563 daret.
1476 1528 1566 1562 Cum
1598 1541 1682 1573 ergo
1714 1527 1858 1567 exisset,
1900 1529 1988 1562 dixit
2016 1529 2126 1563 lesuSt

1124 1581 1229 1616 Nunc
1247 1581 1465 1626 glorificatus
1484 1588 1532 1614 est
1559 1581 1651 1614 filius
1676 1578 1852 1619 hominis,
1879 1588 1913 1614 et
1932 1580 2027 1615 Deus
2054 1582 2128 1625 glo-

1124 1634 1282 1667 rificatus
1299 1640 1351 1666 est
1369 1645 1432 1677 per
1449 1646 1542 1666 eum.
1597 1633 1632 1665 Si
1648 1632 1743 1666 Deus
1761 1633 1978 1677 glorificatus
1997 1640 2046 1667 est
2067 1646 2130 1678 per

1097 1715 1099 1721 .
1125 1698 1228 1725 eum,
1257 1691 1291 1718 et
1310 1684 1406 1718 Dens
1423 1685 1638 1729 glorificabit
1665 1698 1745 1718 eum
1772 1698 1836 1730 per
1862 1698 1918 1725 se,
1954 1693 1987 1719 et
2016 1686 2130 1718 conti-

1096 1725 1099 1748 1
1125 1749 1198 1770 nuo
1225 1737 1439 1781 glorificabit
1462 1749 1554 1770 eum.

1096 1755 1101 1915 ι
1125 1789 1310 1822 vobiscum
1337 1801 1429 1821 511111.

1624 1736 1766 1777 Filioli,
1809 1735 1926 1771 adhuc
1948 1738 2130 1782 paulisper

1485 1788 1677 1833 Quaeretis
1688 1788 1753 1834 ¹⁰²¹)
1774 1802 1847 1828 me,
1884 1796 1917 1822 et
1941 1790 2031 1822 sicut
2057 1790 2129 1822 dixi

1125 1839 1287 1879 Iudaeis,
1313 1853 1385 1885 quo
1413 1853 1477 1884 ego
1497 1842 1609 1880 vado,
1639 1854 1702 1874 vos
1722 1853 1795 1873 non
1821 1842 1969 1885 potestis
1994 1842 2129 1883 venire,

1126 1892 1175 1926 ita
1202 1899 1236 1925 et
1258 1892 1358 1925 vobis
1383 1893 1463 1925 dico
1487 1905 1593 1926 nunc.
1654 1893 1892 1937 Praeceptum
1916 1906 2050 1926 novum
2083 1895 2128 1927 do

1127 1944 1249 1984 vobis,
1285 1950 1323 1976 ut
1348 1944 1505 1989 diligatis
1524 1945 1700 1985 invicem,
1735 1945 1825 1979 sicut
1849 1946 1956 1979 dilexi
1983 1958 2064 1986 vos,
2093 1953 2132 1979 ut

1099 2003 1162 2038 ,fet
1198 2008 1261 2029 vos
1297 1996 1455 2040 diligatis
1491 1997 1657 2031 invicem.
1734 1995 1772 2029 In
1808 1995 1877 2030 hoc
1915 2005 2132 2041 cognoscent

1100 2040 1101 2047 ¹
1129 2060 1272 2087 omnes,
1309 2050 1406 2094 quod
1434 2049 1599 2094 discipuli
1626 2049 1696 2082 mei
1721 2049 1816 2088 sitis,
1857 2050 1885 2082 si
1918 2048 2131 2083 charitatem

1128 2099 1325 2134 habueritis
1342 2100 1435 2134 inter
1455 2114 1517 2135 vos
1536 2108 1710 2135 mutuam.
1765 2100 1861 2134 Dicit
1879 2101 1908 2135 ei
1928 2102 2053 2136 Simon
2067 2102 2131 2135 Pe-

1130 2160 1224 2186 trus:
1260 2151 1440 2193 Domine,
1468 2166 1540 2199 quo
1566 2152 1691 2187 vadis?
1745 2153 1947 2198 Respondit
1972 2155 2001 2187 ei
2021 2153 2132 2189 lesus:

1100 2185 1103 2247 l
1129 2205 1211 2250 Quo
1233 2216 1298 2248 ego
1319 2206 1432 2245 vado,
1462 2218 1535 2238 non
1553 2213 1655 2250 potes
1672 2218 1727 2238 me
1744 2218 1840 2239 nunc
1860 2207 1979 2252 sequi,
2008 2220 2132 2253 seque-

1129 2257 1177 2290 ris
1213 2262 1332 2290 autem
1367 2264 1505 2302 postea.
1583 2257 1679 2291 Dicit
1710 2258 1741 2291 ei
1772 2257 1916 2292 Petrus:

1131 2321 1242 2355 quare
1276 2321 1351 2342 non
1386 2322 1532 2354 possum
1564 2316 1597 2343 te
1630 2311 1730 2356 sequi
1765 2310 1885 2343 nunc?
1961 2311 2130 2344 Animam

1130 2373 1247 2394 meam
1275 2373 1341 2406 pro
1363 2367 1395 2395 te
1416 2374 1564 2406 ponam.
1619 2362 1821 2407 Respondit
1848 2363 1879 2396 ei
1896 2362 2008 2397 lesus:
2046 2364 2133 2396 Ani-

1131 2426 1228 2446 mam
1256 2419 1355 2446 tuam
1389 2426 1455 2458 pro
1489 2427 1545 2448 me
1573 2414 1710 2460 pones?
1776 2416 1893 2448 Amen
1920 2428 2026 2449 amen
2052 2417 2132 2449 dico

1131 2465 1196 2499 tibi
1209 2492 1218 2506 ‚
1246 2478 1320 2498 non
1339 2473 1441 2499 canet
1458 2467 1591 2510 gallus,
1620 2469 1733 2500 donec
1752 2474 1805 2500 ter
1823 2480 1879 2501 me
1901 2468 2099 2512 negaveris.

1235 2517 1385 2552 Discunt
1399 2519 1513 2563 pueri,
1541 2517 1632 2552 1111111
1650 2533 1685 2554 58
1705 2526 1938 2564 promoturos
1955 2521 1989 2553 in
2010 2521 2133 2560 literis,

1132 2577 1165 2603 et
1183 2570 1383 2604 infoelicem
1403 2584 1546 2604 omnem
1567 2572 1660 2605 vitae
1686 2585 1826 2606 cursum
1851 2573 1947 2613 sore,
1981 2573 2016 2605 ni
2036 2573 2133 2606 Deus

1102 2624 1147 2673 li
1233 2652 1336 2654 „s-

1170 2701 1215 2729 10)
1235 2698 1481 2727 discumbentium]
1502 2699 1550 2722 Ed.
1568 2699 1643 2723 1530.
1665 2700 1725 2729 ἴῃ).
1744 2706 1855 2725 errore:
1882 2700 2082 2724 discribentium

1170 2744 1234 2771 10¹)
1255 2741 1419 2774 Quaen-etis]
1440 2743 1480 2766 sic
1500 2744 1616 2774 scripsi;
1644 2744 1692 2767 Ed.
1711 2744 1786 2768 1530.
1807 2744 1947 2774 Quaeritis

1513 2780 1563 2814 26

1963 2259 2132 2300 Domine,
