2421 3037
264 105 339 139 703

262 189 420 236 opprimi
443 189 654 223 videantur,
683 181 785 228 quasi
810 193 895 213 vero
928 192 1002 212 non
1026 180 1123 211 illam
1152 179 1265 224 ipsam

262 242 517 287 elegantiorem
535 238 760 270 literaturam
780 232 978 275 Evangelio
997 232 1161 264 debeant.

366 291 533 329 Habetis,
567 300 656 334 quae
681 298 803 319 caussa
830 284 908 329 pios
932 283 1134 317 necessario
1154 283 1196 315 ad
1215 282 1267 315 di-

261 346 408 382 scendas
433 343 554 375 literas
579 352 619 372 ac
642 339 783 382 linguas
806 335 1030 370 adhortetur.
1086 335 1191 369 Nunc
1211 347 1267 368 su—

261 403 398 443 perest,
428 400 468 427 ut
486 393 639 426 indicem
653 418 661 431 ,
691 402 760 436 qua
780 389 836 421 via
857 389 1045 422 discendae
1065 388 1147 421 sint.

364 446 574 480 Indicarunt
598 444 695 476 illam
720 441 817 474 docti
840 438 1005 474 homines
1033 440 1202 485 quidam,
1236 444 1270 470 ct

261 503 299 534 in
315 499 442 545 primis
463 497 676 530 Erasmus
703 494 739 526 in
757 506 799 526 eo
817 492 1131 529 commentariolo,
1161 502 1268 536 quein

261 555 304 586 de
325 551 465 585 ratIOne
489 548 648 582 discendi
667 545 880 590 inscriptum
899 545 1030 584 edidit,
1059 556 1164 589 quem
1185 542 1268 574 volo

261 604 447 639 utiterum
467 608 574 646 atque
593 600 721 633 iterum
748 597 926 642 relegatis.
975 596 1028 629 De
1055 608 1132 628 mea
1156 595 1270 626 iuter-

262 658 310 690 im
330 654 506 689 sententia
526 653 656 686 dicam.
710 650 823 683 Plane
850 648 1091 682 necessarium
1117 659 1189 680 esse
1218 646 1269 678 iu-

264 709 363 748 dico,
392 713 431 739 ut
456 707 493 738 in
517 705 630 738 literis
650 701 928 736 humanioribus
949 714 989 733 eo
1010 700 1270 733 contendamus

263 761 435 799 evadere,
462 764 502 791 ut
518 757 629 789 latina
649 756 770 798 lingua
792 754 956 800 (quando
974 750 1039 785 hac
1059 754 1132 785 sere
1151 751 1270 783 dicen-

264 814 310 846 do
339 811 602 854 scribendoque
635 806 789 853 utimur)
816 818 904 851 pure
936 805 1038 850 loqui
1064 811 1098 838 et
1116 803 1271 837 scribere

263 863 454 909 possimus.
515 861 742 894 Confusanea
769 859 947 904 quaedam
973 869 1049 896 res⁷
1087 854 1272 888 barbaries

265 922 336 956 est,
365 921 399 948 et
415 911 506 947 nihil
520 912 587 947 sibi
606 918 784 945 constans.
841 910 964 954 Quare
981 909 1047 942 nisi
1069 915 1202 941 certam
1221 908 1272 939 lo-

266 966 401 1015 quendi
438 964 689 1009 scribendique
723 962 904 995 rationem
938 967 1081 1001 teneas,
1117 972 1162 992 ne
1196 972 1213 991 a
1238 965 1272 991 te

265 1020 412 1066 quidem
439 1023 532 1050 recte
556 1014 707 1058 intelligi
733 1015 865 1059 possis:
910 1019 1051 1046 tantum
1078 1013 1197 1051 abest,
1235 1017 1274 1044 ut

264 1078 429 1116 posteros
449 1068 694 1102 intellecturos
709 1078 841 1110 speres.
884 1065 962 1100 Nisi
983 1065 1061 1111 quis
1079 1070 1192 1109 putet,
1220 1063 1273 1095 in-

266 1130 320 1156 tra
352 1127 500 1155 ventum
532 1132 656 1153 omnes
684 1118 811 1158 fuisse,
848 1117 910 1163 qui
934 1117 1031 1150 Scoti
1060 1117 1114 1150 vel
1147 1115 1274 1149 similis

267 1173 404 1208 autoris
421 1173 528 1206 verba
550 1178 583 1205 et
601 1168 744 1218 φράσιν
765 1170 857 1215 (non
875 1169 971 1202 enim
995 1181 1091 1202 nunc
1109 1170 1151 1201 de
1168 1168 1274 1200 rebus

265 1226 415 1272 loquor)
440 1224 692 1267 intelligerent.
748 1222 874 1267 Neque
897 1233 983 1253 vero
1009 1221 1200 1266 quisquam
1219 1231 1274 1251 ar-

265 1279 419 1311 bitretur
439 1290 474 1310 se
487 1303 494 1316 ,
522 1275 662 1308 relectis
680 1275 819 1307 duabus
838 1273 979 1317 paginis
996 1272 1173 1312 Terentii,
1201 1271 1273 1303 iam

267 1334 497 1364 consecutum
517 1340 589 1361 esse
607 1326 748 1359 dicendi
765 1326 984 1359 facultatem.
1020 1324 1137 1358 Multa
1152 1323 1275 1356 lectio-

266 1394 331 1422 ne,
360 1381 474 1414 multo
495 1392 560 1414 usu
580 1378 760 1412 scribendi
785 1384 819 1410 et
844 1377 1008 1417 dicendi,
1038 1377 1151 1410 multo
1176 1387 1275 1408 exer—

268 1434 352 1467 citio
369 1433 454 1473 stili,
481 1432 541 1465 vix
556 1432 702 1464 tandem
721 1442 832 1476 queas
851 1429 1036 1474 consequi,
1065 1436 1105 1462 ut
1120 1440 1275 1473 propere

267 1485 441 1532 loquaris.
494 1483 693 1517 Exercebat
721 1482 828 1515 etiam
849 1481 1016 1526 superior
1038 1488 1135 1515 aetas
1150 1481 1276 1514 iuven-

268 1545 402 1577 tutem,
438 1537 497 1570 sed
526 1548 655 1580 parum
679 1541 835 1568 strenue.
890 1533 942 1566 lta
968 1534 1102 1566 sactum
1129 1539 1201 1572 est,
1236 1538 1276 1565 ut

268 1589 448 1623 interierit
466 1587 685 1633 eloquentia.
743 1586 844 1619 Nunc
863 1598 942 1618 cum
960 1585 1058 1617 illam
1078 1584 1276 1618 restituerit

268 1642 384 1682 Deus,
420 1639 537 1674 modis
562 1638 730 1672 omnibus
759 1637 921 1671 divinum
946 1649 1077 1670 munus
1096 1644 1274 1670 tueamur.

269 1694 434 1738 Collapsa
452 1692 512 1725 illa
531 1692 730 1738 quondam,
758 1696 933 1736 quantam
950 1689 1092 1722 ruinam
1114 1688 1275 1729 traxerit,

812 1809 1069 1856 Philippus
1097 1809 1447 1846 Melanchthon
1476 1812 1614 1845 amico.

796 94 921 128 PHIL.
951 93 1064 127 MEL.
1093 91 1300 126 SCRIPTA
1326 89 1459 124 VARII
1487 90 1799 126 ARGUMENTI.

2258 96 2336 133 704

1320 190 1395 211 non
1425 177 1614 221 ignoratis.
1669 177 1892 222 Theologia‚
1928 178 2043 222 pietas
2065 180 2170 213 simul
2198 182 2332 216 cecide—

1321 242 1370 263 re.
1426 229 1544 274 Quam
1563 229 1590 262 si
1608 236 1856 263 conservatam
1875 230 2042 264 volumus
2055 258 2063 271 ,
2092 237 2132 264 ut
2149 233 2333 275 debemus,

1322 282 1436 326 agite,
1466 293 1614 325 operam
1643 283 1788 322 demus,
1823 295 1868 315 ne
1894 282 2088 315 intercidat
2112 283 2332 329 eloquentia.

1322 334 1404 368 Non
1427 331 1496 366 hoc
1514 333 1639 373 iubeo,
1668 340 1708 366 ut
1724 340 1868 378 praeter
1887 332 2098 378 prophanos
2117 341 2262 369 autores
2278 336 2333 368 ni-

1321 384 1373 418 hil
1393 385 1598 428 attingatis,
1626 387 1685 419 sed
1706 385 1875 429 coniungi
1899 386 1982 418 volo
2010 386 2126 419 studia
2156 387 2333 432 eloquen-

1323 438 1392 470 tiae
1417 450 1497 470 cum
1517 437 1646 477 sacris,
1675 444 1715 470 ut
1735 438 1887 470 alterum
1905 437 2009 470 alteri
2028 439 2085 470 vel
2104 444 2334 479 ornamento,

1323 489 1379 522 vel
1405 489 1538 522 auxilio
1565 489 1621 523 sit.
1675 489 1767 521 Tam
1794 501 1858 522 nec
1883 490 2016 521 latinae
2038 490 2164 522 literae
2191 490 2334 534 penitus

1323 542 1400 575 sine
1419 541 1555 585 graecis
1575 541 1721 584 agnosci
1744 547 1904 585 possunt.
1957 541 2156 585 Propterea
2176 542 2335 586 postulo,

1324 600 1364 627 ut
1384 593 1575 627 succisivas
1601 600 1742 626 tantum
1768 591 1878 626 horas
1897 592 2044 626 Graecis
2068 593 2245 627 discendis
2268 593 2335 626 im-

1324 645 1498 690 pertiatis.
1553 644 1645 678 Nam
1667 645 1728 691 qui
1747 644 1783 677 in
1801 657 1920 678 sacras
1939 644 2082 685 literas,
2110 644 2254 679 incultis
2273 646 2334 679 ad-

1324 695 1393 730 huc
1429 704 1463 730 et
1491 697 1642 730 rudibus
1666 697 1841 742 ingeniis,
1876 697 2031 729 necdum
2058 696 2132 729 ullo
2161 697 2335 741 praeditis

1325 749 1473 789 iudicio,
1502 749 1660 789 irruunt,
1686 750 1773 795 quid
1791 749 1887 782 aliud
1906 754 2064 792 ponent,
2092 760 2202 793 quain
2221 761 2335 783 novas

1326 802 1472 841 Scotos,
1501 807 1535 833 et
1551 798 1738 835 Thomas?
1792 801 1997 834 Prudenter
2014 806 2249 841 monuerunt,
2273 801 2336 849 qui

1326 866 1426 888 sacra
1461 860 1684 886 monuerunt
1715 852 1844 896 attingi
1875 852 1984 886 illotis
2015 852 2194 886 manibus.
2256 852 2335 897 Ego

1326 918 1412 939 vero
1439 918 1556 951 neque
1582 905 1747 938 barbaris
1774 905 1848 939 istis
1873 904 2026 949 ingeniis
2052 904 2233 938 sordidari
2259 910 2336 937 tam

1327 958 1524 1003 pretiosam
1541 957 1775 1001 margaritam
1792 957 1888 990 volo.
1937 956 2017 989 Scio
2037 956 2183 1000 spiritus
2198 956 2338 1002 requiri

1328 1012 1373 1043 ad
1394 1009 1645 1043 tractationem
1665 1022 1849 1043 sacrarum
1868 1008 2077 1049 literarum,
2104 1020 2180 1041 non
2195 1008 2338 1053 linguas

1328 1069 1482 1096 tantum.
1537 1061 1605 1095 Sed
1632 1062 1742 1094 altera
1770 1061 1885 1105 poscit
1910 1073 2014 1104 opem
2034 1072 2091 1094 res
2110 1060 2275 1101 alterius,
2303 1067 2339 1095 et.

1329 1120 1529 1148 commutat
1561 1113 1686 1147 ainIce.
1748 1112 1794 1146 Et
1825 1113 1965 1156 linguas
1993 1119 2026 1145 et
2047 1112 2194 1157 spiritus
2223 1112 2336 1156 exigo.

1327 1167 1374 1200 Et
1397 1167 1531 1200 Paulus
1561 1166 1687 1210 exigit,
1723 1171 1762 1198 ut
1786 1164 1917 1209 linguis
1942 1165 2161 1210 loquantur,
2195 1170 2230 1197 et
2252 1176 2338 1209 pro-

1328 1217 1488 1263 phetent.
1544 1218 1705 1252 Proinde
1732 1230 1840 1264 quam
1865 1230 2012 1263 possum
2038 1229 2101 1250 vos
2127 1223 2248 1250 sancte
2275 1217 2338 1249 ob-

1329 1278 1462 1310 testor,
1503 1277 1543 1304 ut
1572 1272 1617 1303 ad
1644 1271 1766 1304 literas
1796 1277 1872 1304 tum
1900 1270 2052 1309 latinas,
2089 1275 2165 1302 tum
2193 1280 2338 1313 graecas

1330 1323 1516 1357 discendas
1534 1323 1814 1356 accommodetis
1832 1323 1985 1363 animos,
2003 1321 2074 1356 nisi
2091 1333 2236 1354 omnem
2254 1333 2338 1365 ope-

1329 1389 1407 1408 ram
1434 1382 1468 1409 et
1493 1375 1693 1419 impensam
1721 1375 1829 1407 etiam
1856 1375 1893 1407 in
1915 1374 2025 1408 sacris
2050 1375 2201 1418 perdere
2219 1372 2338 1408 vultis.

1329 1427 1509 1473 Equidem
1544 1439 1662 1473 neque
1697 1438 1902 1466 sacrarum,
1939 1438 2056 1471 neque
2092 1423 2337 1460 humanarum

1329 1480 1517 1513 literarum
1544 1491 1691 1523 prorsus
1717 1479 1863 1522 ignarus
1893 1490 1956 1512 vos
1982 1489 2136 1518 moneo,
2172 1478 2235 1524 qui
2258 1478 2339 1522 plus

1330 1532 1523 1565 valituram
1549 1543 1653 1575 spero
1680 1528 1772 1563 hanc
1798 1531 2000 1563 orationem
2024 1542 2154 1564 meam.
2209 1529 2338 1563 Hacte-

1329 1597 1397 1618 nus
1422 1586 1465 1617 de
1487 1584 1596 1618 sacris
1618 1589 1757 1616 tantum
1778 1583 1863 1616 dixi.
1918 1582 2065 1623 Restat,
2092 1588 2132 1615 ut
2148 1582 2192 1615 de
2208 1594 2246 1615 re
2265 1594 2339 1615 me-

1329 1637 1428 1677 dica,
1456 1642 1490 1669 et
1508 1635 1586 1669 aliis
1605 1634 1820 1681 quibusdam
1839 1635 1975 1668 artibus
1997 1634 2127 1668 dicam.

1989 1686 2097 1720 Anno
2118 1692 2183 1721 etc.
2201 1686 2286 1730 xxij.

1669 1811 1705 1843 S.
1735 1810 1785 1843 D.

372 1901 482 1946 Quod
511 1898 769 1942 KVittenberga
805 1897 1002 1931 discedenti
1045 1897 1109 1930 tibi
1153 1910 1276 1931 censu-
1302 1906 1304 1938 j
1330 1897 1429 1937 vius,
1464 1909 1572 1942 quam
1602 1895 1791 1940 Evangelii
1816 1895 2050 1941 mysterium,
2084 1894 2275 1940 pacisque,
2304 1899 2340 1927 et

268 1966 345 1987 ram
382 1953 419 1985 in
447 1951 585 1986 Aurelii
614 1949 806 1995 Augustini
842 1950 954 1984 libros
989 1962 1064 1982 non
1100 1950 1275 1990 dederim,

1302 1996 1304 2011 ³
1330 2014 1410 2035 rum
1438 2002 1617 2034 rationem
1646 1998 1777 2034 nosse?

268 2017 478 2052 quanquam
503 2003 661 2037 caussari
686 2015 760 2036 non
786 2002 936 2035 omnino
964 2008 1098 2035 temere
1123 2014 1276 2047 occupa-

267 2059 383 2091 tiones
416 2069 513 2090 meas
543 2068 705 2100 possem,
744 2061 865 2087 tamen
897 2054 1002 2087 fateri
1031 2055 1172 2099 culpam
1201 2066 1275 2087 ma-

266 2111 323 2150 lo,
352 2121 482 2153 nempe
508 2109 603 2152 apud
632 2107 809 2147 amicum,
839 2119 919 2140 cum
938 2107 1096 2140 delatum
1117 2107 1272 2140 officium

267 2161 444 2206 praestari
461 2173 555 2194 nunc
577 2172 722 2206 quoque
741 2159 853 2204 possit
870 2158 950 2203 pari
970 2160 1176 2193 commodo.
1215 2159 1275 2191 Li-

267 2214 394 2246 benter
419 2213 601 2257 gratificor
625 2212 709 2251 tibi,
736 2224 810 2244 non
836 2212 945 2244 modo
966 2211 1082 2244 amico
1102 2212 1185 2251 tali,
1213 2213 1274 2245 sed

268 2271 303 2299 et
320 2265 402 2311 quia
423 2266 467 2298 de
486 2265 593 2298 rebus
615 2262 819 2298 christianis
844 2263 1067 2308 interpellor.
1123 2263 1274 2297 Mirifice

267 2329 425 2362 namque
442 2318 594 2361 gaudeo,
617 2323 651 2349 te
669 2317 845 2350 sinceram
866 2314 1107 2360 Theologiam
1123 2317 1178 2349 vel
1195 2322 1275 2349 tan-

268 2370 349 2403 dem
379 2369 499 2414 aliqua
529 2382 570 2402 ex
600 2375 701 2413 parte
727 2370 950 2413 degustasse:
989 2381 1081 2414 quae
1105 2381 1177 2414 quo
1200 2382 1275 2401 ma-
1302 2371 1303 2374 ’

267 2421 320 2466 gis
343 2427 601 2465 promovetur,
636 2433 677 2454 eo
702 2421 815 2465 magis
836 2421 1016 2455 dulcescit.
1070 2420 1175 2455 Certe
1198 2421 1276 2454 fieri

267 2485 342 2506 non
358 2479 495 2517 potest,
524 2473 612 2518 quin
629 2473 787 2517 primum
809 2473 970 2507 offendat
987 2473 1148 2507 animum
1161 2501 1170 2515 ,
1199 2486 1276 2507 car-

266 2525 343 2558 nali
367 2525 427 2557 illa
455 2522 698 2570 sophistarum
726 2526 890 2559 doctrina
918 2532 1145 2570 correptum,
1188 2524 1276 2559 haec

267 2576 464 2621 spiritualis
482 2574 734 2621 philosophia,
762 2579 857 2623 quod
883 2576 940 2622 (ut
956 2578 1092 2612 Paulus
1111 2578 1176 2625 ait)
1200 2591 1273 2611 non

266 2629 396 2662 sentiat
421 2628 587 2662 animalis
616 2626 746 2669 homo,
774 2642 866 2674 quae
892 2636 975 2663 sunt
992 2630 1151 2675 spiritus.
1205 2630 1275 2664 Sed

267 2691 436 2713 amurcae
462 2680 599 2714 radices
618 2687 701 2714 sunt
718 2681 854 2715 fructus
872 2682 1002 2716 dulces.
1059 2682 1157 2728 Quid
1178 2682 1273 2716 enim

267 2731 477 2773 amabilius,
522 2745 631 2779 quam
658 2730 792 2767 Christi
820 2733 1005 2778 cognitio?
1070 2734 1168 2780 Quid
1194 2747 1274 2769 sua-

1331 1949 1565 1995 tranquillam
1601 1947 1764 1981 omnium
1797 1947 1973 1980 mentium
2006 1959 2069 1980 seu
2101 1945 2338 1980 conscientia-

1833 1999 1934 2044 Quae
1959 2011 2068 2044 quam
2086 2011 2162 2031 non
2181 2004 2340 2043 praestet

1330 2053 1394 2087 ista
1414 2051 1666 2098 Sopliistarum
1687 2050 1888 2100 θεολογία,
1917 2064 1990 2084 non
2010 2050 2167 2095 ignoras.
2223 2050 2338 2084 Modo

1330 2106 1490 2150 persiste.
1545 2105 1665 2138 Erunt
1690 2104 1784 2137 enim
1798 2131 1806 2144 ,
1836 2116 1927 2149 quae
1947 2110 1979 2137 te
1998 2104 2042 2136 ab
2059 2103 2224 2137 instituto
2243 2102 2339 2136 avel-

1329 2159 1401 2192 lere
1420 2158 1669 2198 conabuntur,
1697 2157 1819 2190 variae
1838 2156 1973 2189 diaboli
1992 2155 2156 2190 insidiae.
2209 2154 2256 2189 Et
2274 2154 2339 2187 ali-

1330 2212 1477 2257 quando
1497 2217 1613 2243 tecum
1634 2209 1708 2254 ipse
1724 2209 1937 2249 luctaberis,
1965 2209 2081 2242 donec
2100 2220 2244 2242 sensum
2263 2219 2340 2240 car-

1329 2264 1385 2297 nis
1409 2263 1562 2296 evincas.
1616 2261 1742 2307 Neque
1769 2261 1864 2295 enim
1890 2260 2027 2294 felicius
2054 2260 2190 2294 discere
2215 2271 2340 2306 queas,

1331 2328 1439 2362 quam
1466 2314 1528 2349 ubi
1551 2321 1584 2348 te
1604 2314 1716 2347 animi
1734 2314 1787 2348 tui
1805 2313 2024 2347 conflictatio
2042 2312 2228 2346 erudierit.
2280 2311 2339 2345 Sic

1331 2368 1426 2401 enim
1446 2368 1551 2401 docet
1578 2367 1790 2411 spiritus.
1839 2366 2010 2401 Nostram
2029 2363 2269 2408 Theologiam
2286 2363 2339 2396 vi-

1330 2422 1462 2454 dentur
1493 2419 1665 2452 adiuvare
1699 2419 1790 2453 nulli
1814 2431 1931 2465 neque
1956 2417 2243 2456 neotericorum‚
2276 2427 2339 2449 ne-

1331 2486 1400 2519 que
1418 2480 1579 2506 veterum
1598 2472 1837 2516 scriptorum,
1857 2477 2001 2515 praeter
2018 2468 2281 2513 Augustinum,
2304 2473 2340 2501 et

1330 2525 1503 2570 pauculos
1538 2524 1706 2558 Graecos.
1774 2523 1950 2567 Origenes
1985 2521 2139 2554 nimium
2177 2518 2338 2564 philoso-

1330 2576 1475 2623 phatur.
1528 2577 1773 2622 Hieronymus
1793 2589 1837 2609 ne
1854 2576 1892 2608 in
1909 2573 2060 2618 dialogis
2077 2573 2224 2618 quidem
2237 2598 2248 2613 ,
2275 2576 2339 2604 aut

1330 2630 1436 2664 Pauli
1459 2629 1729 2663 commentariis
1753 2629 1972 2673 adsequutus
1999 2632 2050 2660 est
2064 2625 2169 2659 Pauli
2194 2629 2337 2658 senten-

1330 2682 1431 2716 tiam.
1493 2681 1614 2726 Quare
1639 2681 1778 2714 nullum
1805 2679 1931 2713 feceris
1955 2678 2069 2722 magis
2098 2688 2230 2722 operae
2255 2687 2337 2720 pre-

1331 2735 1440 2775 tium,
1477 2746 1586 2779 quam
1616 2733 1679 2768 ubi
1714 2739 1747 2767 te
1777 2732 1821 2766 ad
1850 2731 1946 2775 ipsos
1974 2731 2111 2771 sontes,
2146 2729 2192 2762 ad
2219 2728 2336 2773 ipsam
