2389 3037
62 105 138 144 557

166 190 317 226 CXLIX.
355 190 439 225 Fuit
458 189 688 234 Stutgardiae
710 189 766 222 vir
784 188 931 235 quidam
949 187 1068 233 gravis

63 252 97 279 et
113 244 257 290 sapiens
281 242 507 278 consiliarius
522 241 633 276 Ducis
649 240 958 286 XYirtebergensis
970 267 979 281 ,
1007 239 1071 285 qui

63 310 143 331 cum
171 297 210 329 in
236 297 318 329 aula
342 308 406 328 nec
432 306 566 340 paucas
590 292 741 328 haberet
765 293 969 332 molestias,
1004 303 1070 324 nec

63 356 186 383 tamen
204 348 272 382 illis
289 360 325 382 se
342 348 533 387 liberaret,
562 347 704 380 dicebat
729 358 764 380 se
788 344 921 379 habere
944 356 1069 377 canem

63 401 178 435 multo
201 399 457 444 sapientiorem
483 411 569 433 sese.
642 397 703 431 Ille
733 397 829 431 enim
855 409 934 430 cum
961 395 1071 430 semel

63 453 157 486 male
190 458 356 496 acceptus
388 457 478 485 esset
509 451 547 484 in
575 451 655 484 aula
691 463 709 483 a
742 449 892 495 reliquis
923 448 1072 482 canibus

63 503 340 549 grandioribus,
379 504 526 549 quando
551 501 679 537 herum
707 502 924 547 sequebatur
948 512 1072 534 ascen-

63 558 208 590 dentem
225 556 264 589 in
282 556 402 590 aulam
424 557 467 588 ad
485 555 631 590 consilia
644 582 654 596 ,
680 560 804 599 postea
822 565 898 587 non
917 552 1073 598 amplius

63 609 244 653 ingressus
263 615 316 642 est
331 608 469 651 aulam,
497 609 557 642 sed
576 618 718 652 semper
742 603 869 639 herum
890 617 1004 651 usque
1028 605 1074 638 ad

63 661 185 695 aulam
204 660 467 701 comitabatur,
496 660 625 694 deinde
644 670 810 693 reversus
835 664 887 693 est
909 658 1074 698 domum,

64 713 200 747 veritus
222 725 268 747 ne
291 713 423 746 iterum
450 713 488 745 in
510 724 616 746 canes
639 711 825 745 incideret.
891 710 960 744 Sed
993 722 1073 744 cum

63 777 130 810 ego
148 764 254 800 toties
273 766 311 798 in
332 765 413 799 aula
433 762 623 798 habuerim
649 770 722 797 tam
742 762 974 808 gravissimas
997 774 1075 795 mo-

62 817 183 852 lestias
206 829 248 851 ac
274 829 405 857 onera,
448 823 572 850 tamen
599 814 689 850 mihi
713 816 757 849 ab
784 815 865 849 aula
891 827 967 848 non
996 814 1076 848 abs-

63 869 174 903 tineo.

169 919 241 956 CL.
277 918 420 954 Phocas
445 920 613 954 tribunus
638 919 795 953 militum
823 931 903 953 cum
927 929 1075 962 oppres-

63 973 165 1008 sisset
190 985 296 1007 suum
321 972 533 1013 dominum,
561 970 824 1016 Imperatorem
843 970 1075 1010 Mauritium,

63 1037 220 1072 eumque
244 1024 413 1070 cepisset,
447 1024 550 1058 iussit
572 1024 640 1058 sibi
659 1024 790 1058 adduci
812 1023 896 1058 victi
915 1021 1076 1067 Impera-

63 1077 153 1112 toris
179 1077 389 1122 coniugem,
417 1077 509 1111 filios
527 1082 561 1110 et
578 1076 688 1117 filias,
715 1082 755 1110 ut
775 1089 835 1110 eos
861 1076 899 1109 in
927 1087 1077 1119 conspe-

63 1136 123 1163 ctu
147 1129 224 1164 eius
248 1129 484 1170 interficeret,
521 1141 562 1162 ac
593 1129 751 1173 primum
787 1128 941 1162 interfici
973 1126 1077 1162 iussit

63 1181 174 1222 filias,
197 1181 482 1226 inspectantibus
498 1187 601 1226 patre
616 1180 792 1214 Mauritio
812 1187 846 1214 et
872 1186 989 1213 matre
1011 1177 1077 1212 ho-

65 1233 267 1268 nestissima
292 1234 463 1277 coniuge,
505 1239 629 1278 postea
655 1233 920 1266 adolescentem
948 1231 1076 1265 filium.

66 1286 203 1320 Aberat
227 1291 346 1319 autem
371 1283 488 1318 adhuc
512 1284 644 1318 filiolus
670 1297 764 1319 unus
788 1291 877 1318 natu
904 1283 1078 1317 minimus

67 1337 164 1382 apud
180 1337 372 1372 nutricem.
428 1337 534 1370 Hunc
550 1349 630 1370 cum
649 1337 771 1370 afferri
795 1336 974 1376 iussisset,
1002 1347 1079 1368 ma-

66 1389 156 1423 ritus
199 1389 350 1423 nutricis
393 1389 641 1423 misericordia
686 1396 807 1423 motus
853 1389 969 1422 adfert
1002 1399 1078 1421 non

66 1441 276 1481 alumnum,
312 1442 373 1475 sed
403 1454 507 1476 suum
534 1441 667 1479 filium;
703 1447 803 1474 tanta
828 1446 906 1474 erat
928 1440 1016 1473 fides
1040 1439 1078 1472 in

67 1505 108 1526 eo
127 1490 289 1527 homine.
343 1493 413 1527 Sed
440 1506 520 1527 cum
547 1493 742 1538 aspexisset
767 1505 920 1538 puerum
940 1491 1079 1526 Mauri-

66 1545 157 1586 tius,
196 1545 403 1590 interpellat
427 1543 590 1579 Phocam
617 1557 771 1580 monens
795 1543 892 1579 hunc
917 1544 1078 1578 alienum

67 1609 141 1631 esse
154 1624 163 1638 ,
190 1609 258 1631 nec
276 1609 312 1631 se
332 1598 422 1631 velle
440 1597 662 1631 calamitates
680 1609 761 1632 suas
775 1596 813 1630 in
839 1597 996 1631 amicum
1019 1597 1079 1630 de-

68 1649 204 1684 rivare.
262 1649 437 1683 Adfertur
463 1649 573 1694 igitur
595 1649 762 1683 Mauritii
785 1649 879 1683 filius
903 1661 945 1682 ac
968 1649 1080 1682 inter—

68 1700 199 1735 ficitur.
262 1701 393 1736 Postea
420 1702 550 1735 misera
582 1707 698 1735 mater
727 1701 952 1741 trucidatur,
985 1707 1020 1734 et
1042 1700 1081 1733 in

69 1759 169 1787 tanta
195 1753 399 1787 calamitate
416 1754 514 1787 nulla
540 1765 610 1786 vox
628 1753 739 1798 impia
758 1765 800 1786 ex
818 1752 994 1786 Mauritio
1018 1764 1080 1785 au-

67 1805 143 1839 dita
170 1811 242 1845 est,
269 1807 330 1839 sed
357 1805 495 1839 adstitit
518 1811 699 1850 spectator
721 1803 853 1839 harum
878 1803 1079 1848 ingentium

68 1857 297 1892 miseriarum
318 1865 352 1891 et
369 1870 648 1896 aerumnarum;
682 1858 742 1891 sed
763 1870 842 1891 cum
860 1863 1008 1890 ventum
1029 1862 1081 1890 est
1108 1854 1109 1908 J

68 1910 113 1944 ad
135 1909 323 1955 coniugem
337 1938 346 1951 ,
372 1910 422 1944 ibi
438 1911 584 1943 demum
604 1908 807 1954 Imperator
826 1909 975 1943 sublatis
997 1921 1081 1942 ocu-

68 1962 111 1996 lis
129 1961 167 1995 in
183 1959 276 1995 hanc
295 1975 421 1996 vocem
449 1962 586 2007 erupit:
626 1960 778 1996 Iustus
808 1974 852 1995 es
878 1960 1080 1994 Domine

70 2020 114 2048 et
140 2020 312 2048 rectum
340 2022 466 2049 tuum
498 2014 744 2055 iudicium,
780 2014 904 2048 volens
921 2013 1027 2047 fateri
1045 2025 1080 2046 se

70 2077 173 2100 reum
202 2079 276 2101 esse
303 2073 337 2101 et
358 2067 448 2101 iuste
474 2065 538 2100 has
564 2079 700 2111 poenas
725 2066 914 2100 sustinere.
968 2065 1081 2099 Deni-

70 2131 140 2165 que
165 2131 251 2152 vero
276 2126 309 2153 et
331 2119 407 2164 ipse
433 2119 543 2152 alacri
568 2119 691 2152 animo
718 2118 894 2152 cervicem
922 2124 1080 2163 tyranno

71 2171 250 2216 praebuit.

177 2221 265 2257 CLI.
308 2222 581 2256 Maximilianus
611 2223 703 2257 filius
734 2222 956 2256 Ferdinandi
992 2229 1081 2256 natu

71 2274 230 2320 primus,
259 2274 321 2321 qui
341 2287 433 2308 unus
452 2274 488 2307 in
507 2275 666 2308 absentia
688 2273 920 2320 [inperatoris
945 2280 979 2307 et
1007 2275 1081 2308 cius

71 2327 135 2360 filii
154 2325 292 2361 Italiam
313 2333 347 2361 et
364 2326 576 2371 Hispaniam
597 2328 795 2371 gubernat,
830 2340 910 2361 cum
931 2328 1024 2360 forte
1045 2327 1081 2360 in
1110 2347 1111 2350 =

73 2380 266 2413 venatione
298 2392 442 2413 cervum
478 2386 567 2413 esset
598 2379 797 2419 insecutus,
835 2387 868 2413 ct
894 2380 1037 2424 longius
1061 2392 1080 2413 a

73 2444 138 2465 suo
175 2433 350 2466 comitatu
389 2432 624 2472 discessisset,
667 2439 742 2465 tum
782 2433 1009 2466 errabundus
1045 2432 1080 2464 in

73 2484 172 2529 sylva
188 2492 338 2530 vagatus
357 2491 419 2519 est.
474 2485 640 2517 Tandem
659 2485 799 2529 vesperi
822 2485 919 2518 venit
947 2486 989 2517 ad
1018 2497 1081 2529 pa-

73 2548 177 2581 gum,
220 2538 281 2571 ubi
316 2535 474 2582 hospitio
503 2543 670 2581 exceptus
701 2550 718 2569 a
745 2538 902 2582 quodam
934 2538 1081 2578 rustico,

75 2589 135 2634 qui
154 2602 233 2622 cum
258 2587 421 2622 habitum
440 2590 667 2634 splendidum
688 2589 851 2629 vidisset,
887 2590 1005 2634 coepit
1028 2590 1081 2622 in-

74 2641 197 2674 sidiari
217 2642 292 2675 eius
310 2642 418 2682 vitae,
446 2655 520 2675 non
539 2654 735 2686 agnoscens
755 2654 835 2675 eum
857 2654 975 2687 regem
996 2655 1081 2676 esse.

76 2693 165 2726 Filia
192 2701 310 2727 autem
335 2694 459 2728 rustici
492 2707 611 2739 regem
645 2694 878 2739 praemonuit
909 2696 952 2728 de
988 2694 1082 2728 vitae

76 2746 249 2789 periculo.
330 2746 477 2791 Vesperi
518 2759 602 2781 vero
638 2747 790 2782 rusticus
834 2746 869 2779 in
899 2759 1080 2781 cameram

252 104 296 140 V.
351 102 613 138 HISTORIAE
640 100 884 148 QUAEDAM
912 99 1193 135 RECITATAE
1220 99 1371 135 INTER
1398 97 1634 133 PUBLICAS
1662 97 1945 133 LECTIONES.

2054 96 2130 134 558

1125 193 1313 232 angustam
1333 199 1414 220 eum
1434 187 1594 221 abduxit.
1648 186 1729 220 Rex
1746 185 1890 220 monitu
1908 185 2048 230 puellae
2076 197 2135 218 ar-

1125 252 1217 279 cam,
1242 251 1335 284 quae
1352 239 1445 272 forte
1461 239 1510 271 ibi
1530 245 1619 278 erat,
1648 239 1780 272 ianuae
1799 237 1974 271 admovit.
2016 237 2136 272 Noctu

1127 291 1225 324 venit
1241 290 1395 324 rusticus
1418 303 1497 323 cum
1525 291 1665 324 duobus
1689 291 1771 324 filiis
1795 291 1919 324 volens
1946 301 2136 333 erumpere

1126 355 1190 387 per
1208 342 1374 380 ianuam3
1403 344 1463 376 sed
1484 343 1567 388 quia
1586 355 1705 376 arcam
1728 343 1930 387 appositam
1949 341 2138 379 sentiebat,

1126 390 1294 428 hortatur
1313 407 1416 435 eum,
1443 401 1483 428 ut
1508 395 1655 429 ianuam
1682 395 1833 439 aperiat.
1887 394 1965 428 Rex
1989 405 2140 438 respon-

1127 448 1187 481 det
1206 459 1242 481 se
1260 447 1358 480 nolle
1379 447 1542 491 aperire,
1568 460 1648 481 cum
1675 447 1811 480 nullam
1838 444 2029 480 honestam
2057 457 2140 490 ape-

1127 498 1246 533 riendi
1263 511 1407 533 causam
1426 497 1570 534 habeat.
1625 497 1678 532 Ibi
1702 498 1856 533 rusticus
1879 498 2055 543 parietem
2080 498 2141 530 de-

1127 551 1276 592 struxit,
1313 557 1348 584 et
1373 551 1410 583 in
1435 563 1555 596 regem
1585 552 1724 585 nudum
1752 551 1926 595 impetum
1948 549 2052 589 facit,
2078 550 2139 583 sed

1128 605 1173 637 ab
1193 617 1234 638 eo
1253 604 1326 637 ictu
1342 603 1567 637 bombardae
1586 616 1670 636 mox
1688 603 1922 643 interficitur,
1949 614 2022 647 quo
2038 601 2140 645 lapso

1128 656 1336 702 proximum
1361 655 1485 690 stricto
1512 655 1632 700 gladio
1657 656 1834 700 perfodit,
1863 666 2018 700 cumque
2041 654 2143 686 fieret

1128 709 1304 743 tumultus
1326 713 1360 741 et
1379 720 1574 742 concursus
1601 705 1814 748 hominum,
1851 720 1913 741 rex
1923 706 1970 752 66)
1996 705 2143 739 coniici-

1129 766 1189 795 tur
1212 760 1250 794 in
1275 772 1467 795 carcerem.
1531 760 1641 794 Mane
1666 760 1865 793 adveniunt
1892 758 2031 804 equites
2060 769 2141 791 eum

1130 813 1349 860 quaesituri,
1377 819 1413 846 et
1431 825 1511 846 cum
1533 812 1608 847 eius
1625 824 1757 858 equum
1774 812 1868 845 sorte
1886 810 2144 855 adspexissent‚

1129 870 1413 911 percontantur,
1441 864 1503 898 ubi
1523 865 1580 899 sit.
1634 864 1688 898 Re
1714 864 1838 910 itaque
1867 863 2009 907 cognita
2034 874 2097 895 rex
2122 873 2143 894 a

1130 918 1282 951 vinculis
1304 917 1501 957 liberatur,
1531 924 1566 950 et
1591 929 1671 950 cum
1696 916 1769 950 suis
1798 928 1839 949 ex
1863 927 1958 960 pago
1984 913 2146 948 discessit

1129 970 1249 1016 puella
1266 981 1385 1004 secum
1399 970 1552 1004 abducta
1564 968 1643 1017 ⁶⁶¹³),
1660 981 1678 1002 a
1697 981 1767 1015 qua
1789 974 1866 1002 erat
1880 966 2145 1013 praemonitus,

1131 1029 1166 1056 et
1188 1034 1268 1056 eam
1294 1021 1455 1062 dotavit,
1499 1033 1612 1066 pagus
1638 1027 1759 1055 autem
1786 1021 1884 1055 iussu
1911 1017 2145 1065 imperatoris

1131 1087 1300 1108 accensus
1323 1080 1386 1107 est.

1238 1124 1341 1160 CLII.
1377 1125 1463 1159 Fuit
1483 1125 1631 1171 quidam
1651 1125 1765 1166 Saxo,
1802 1124 1865 1171 qui
1888 1124 2070 1169 profectus
2093 1128 2145 1156 est

1131 1179 1169 1212 in
1186 1177 1351 1218 Italiam,
1380 1184 1415 1211 et
1431 1179 1654 1212 consuetudo
1673 1184 1745 1218 est,
1773 1183 1814 1211 ut
1831 1177 1936 1210 valde
1956 1176 2144 1209 moderate

1131 1231 1273 1265 vivant.
1326 1229 1381 1263 llli
1400 1242 1487 1263 vero
1509 1230 1604 1264 inter
1625 1231 1805 1263 edendum
1825 1228 2079 1274 apponebatur
2093 1226 2145 1259 vi—

1134 1290 1229 1317 trum
1254 1295 1429 1327 parvum,
1459 1294 1539 1316 cum
1563 1283 1662 1315 vino.
1717 1280 1778 1314 Ille
1805 1281 1916 1314 ebibit
1942 1280 2068 1314 vinum
2093 1285 2146 1312 at·

1133 1348 1203 1382 que
1225 1335 1379 1368 alterum
1401 1341 1435 1367 et
1450 1334 1596 1368 tertium
1617 1334 1749 1373 ebibit,
1773 1340 1807 1367 et
1831 1333 1984 1378 proiecit
2009 1331 2145 1365 vitrum

1133 1388 1178 1421 ad
1199 1387 1388 1431 parietem,
1416 1393 1450 1419 et
1467 1386 1573 1420 dixit:
1603 1386 1680 1422 Qut
1698 1387 1746 1421 bie
1764 1390 1836 1431 gott
1855 1387 1996 1421 munbeu
2013 1382 2145 1429 Ῐώἓεηΐ,

1133 1438 1300 1484 matsd)ct1
1327 1439 1366 1474 {cf
1390 1439 1450 1473 mit
1469 1441 1539 1475 bem
1567 1438 1740 1483 blacfbotn
1767 1438 1915 1480 mattea,
1949 1435 2004 1483 ges
2026 1445 2080 1480 mi>
2105 1446 2144 1471 en

1133 1491 1210 1537 bedf
1232 1490 1393 1534 stimecten
1412 1491 1481 1536 bct.

1240 1542 1359 1578 CLllI.
1403 1542 1444 1576 In
1477 1542 1596 1588 primo
1629 1542 1795 1576 examine
1819 1541 2060 1576 Ecclesiarum
2084 1552 2147 1585 pa-

1134 1603 1210 1631 stor
1226 1596 1374 1642 quidam
1387 1623 1396 1636 ,
1426 1596 1488 1641 qui
1506 1595 1574 1628 suit
1591 1593 1804 1635 monachus,
1833 1595 2079 1639 interrogatus
2096 1598 2148 1626 est

1135 1662 1155 1682 a
1172 1646 1366 1693 Philippo,
1403 1660 1448 1680 an
1477 1649 1624 1681 doceret
1652 1647 1761 1680 etiam
1789 1647 2014 1691 decalogum.
2066 1643 2146 1690 Ipse

1134 1701 1340 1745 respondit:
1369 1699 1432 1745 Sd)
1457 1700 1521 1745 bctb
1541 1702 1603 1735 bctss
1629 1699 1706 1745 biid)
1731 1699 1809 1745 nod)
1832 1698 1935 1746 nidyt,
1965 1705 1999 1732 et
2024 1697 2147 1732 rectis-

1135 1752 1223 1787 sime
1243 1753 1447 1796 respondit,
1475 1752 1557 1797 quia
1576 1752 1695 1784 necin
1713 1753 1829 1796 capite
1842 1779 1850 1792 ,
1879 1764 1944 1785 nec
1963 1751 1999 1784 in
2016 1750 2146 1783 biblio-

1134 1802 1236 1837 theca
1257 1802 1395 1838 habuit.

1448 1898 1510 1932 De
1544 1911 1686 1944 puero
1715 1897 1828 1934 Iesu,

1241 1968 1376 2003 CLllll.
1421 1968 1552 2002 Omnis
1577 1968 1756 2013 sapientia
1788 1968 1914 2001 mundi
1947 1967 2025 2001 iure
2055 1967 2148 2000 cedit

1135 2022 1347 2066 cogitationi
1366 2019 1471 2056 lhesu
1491 2019 1643 2060 Christi3
1682 2020 1769 2065 quid
1793 2021 1887 2053 enim
1915 2027 1967 2054 est
1990 2019 2148 2052 admira·

1134 2075 1242 2109 bilius
1259 2088 1367 2120 quam
1388 2087 1492 2108 nosse
1517 2074 1618 2107 illum
1649 2073 1901 2106 admirabilem
1928 2079 1962 2106 et
1985 2079 2147 2106 metuen-

1135 2128 1221 2161 dum
1242 2127 1354 2161 filium
1375 2126 1443 2160 Dei
1471 2138 1538 2171 pro
1563 2125 1669 2159 nobis
1695 2125 1773 2158 fieri
1798 2125 1981 2158 victimam
2006 2132 2040 2158 et
2064 2136 2147 2168 pro-

1135 2185 1216 2224 pter
1237 2177 1439 2213 humanum
1463 2191 1575 2223 genus
1600 2178 1649 2212 sic
1668 2189 1704 2210 se
1724 2177 1934 2218 demittere,
1964 2183 2003 2211 ut
2021 2175 2146 2210 habitu

1136 2231 1343 2265 inveniatur
1360 2238 1400 2265 ut
1418 2229 1541 2264 homo.
1596 2231 1647 2270 311
1661 2230 1832 2275 magatctb
1851 2232 1960 2267 miii-bt
1979 2240 2011 2265 ct
2028 2229 2146 2273 feincm

1135 2289 1230 2320 nutet
1258 2285 1364 2330 baben
1389 2282 1507 2329 helffen
1536 2282 1647 2328 bciiset·
1676 2282 1803 2325 banca„
1841 2283 1924 2328 quia
1954 2283 2020 2315 suit
2044 2283 2148 2315 faber

1136 2337 1321 2381 lignarius.
1391 2336 1478 2372 Qssczss
1496 2339 1640 2379 {meroen
1671 2336 1719 2371 bie
1740 2345 1806 2371 von
1834 2335 2005 2381 ἳῖαὸατεῐῐ)
2034 2334 2147 2380 fageus

1136 2391 1282 2435 quando
1303 2390 1477 2422 videbunt
1489 2386 1669 2422 Christum
1689 2389 1872 2421 sedentem
1891 2400 1908 2420 a
1927 2389 2050 2421 dextra
2073 2399 2147 2419 ina-

1136 2442 1271 2476 iestatis
1295 2442 1329 2475 in
1357 2441 1527 2475 excelsis?
1582 2440 1691 2487 {vassu
1716 2441 1765 2475 nit
1792 2441 1879 2475 mein
1907 2439 1996 2485 bau&
2026 2437 2145 2483 helffen

1136 2494 1269 2530 baueu?
1298 2496 1358 2530 mie
1383 2493 1527 2538 Fonzpstu
1554 2504 1591 2539 51¹
1619 2492 1741 2538 folcbcu
1766 2494 1889 2538 gtofien
1907 2492 2045 2537 Cibi-cn?
2081 2493 2144 2526 ῠαό

1137 2545 1175 2589 ist
1205 2548 1253 2582 bie
1283 2546 1403 2592 I>od>stc
1430 2547 1600 2590 mcisslflitl
1642 2549 1703 2581 ba&
1727 2548 1801 2581 mitt
1827 2547 1962 2591 ιυᾶβεη,
2000 2547 2061 2579 ba&
2087 2542 2145 2587 sid)

1137 2600 1292 2644 OEbtistuss
1311 2599 1343 2642 fo
1362 2599 1420 2644 ties
1436 2600 1510 2634 »iub
1537 2600 1671 2645 misscrct
1697 2599 1808 2634 misscn
1831 2598 1982 2643 bet-uinet-
2007 2595 2143 2641 getafzen

1173 2719 1220 2750 66)
1241 2719 1305 2747 rex]
1326 2719 1367 2742 sic
1387 2718 1507 2748 scripsi3
1533 2718 1617 2743 Cod.:
1643 2714 1777 2749 ὤπερικος

1174 2762 1209 2786 66
1219 2762 1241 2794 ²)
1262 2763 1393 2791 abducta]
1414 2763 1500 2788 (“ο(1,;
1526 2762 1644 2786 adducta
