2421 3037
269 121 340 155 791

911 114 1275 151 ADDITAMENTA
1303 115 1369 148 AD
1397 115 1541 150 VoLL.
1569 115 1692 151 I—X.

2254 117 2329 153 792

400 206 441 235 Ut
465 206 536 233 'sine
567 205 631 231 luce
666 212 721 229 non
746 201 836 231 leerni
865 208 986 240 possunt
1019 202 1148 230 colorum
1179 201 1365 238 discrimina,
1394 203 1434 230 ita
1464 203 1527 230 sine
1558 202 1724 240 cognitione
1754 202 1867 240 phrasis
1897 208 1974 230 totus
1997 211 2094 231 sermo
2118 203 2155 232 V.
2178 209 2208 231 et
2231 203 2268 232 N.
2293 204 2330 231 Τ.

270 251 386 288 ignotus
410 254 465 277 est.

402 304 643 333 Considerandae
666 309 734 331 sunt
760 303 914 330 verborum
941 303 1068 339 origines
1092 310 1122 331 et
1153 302 1312 340 emphases
1335 304 1364 330 in
1389 304 1460 340 ipsis
1484 303 1629 340 fontibus,
1659 304 1799 332 discenda
1824 311 1868 333 est
1892 305 2075 343 proprietas,
2106 310 2136 332 et
2160 304 2332 342 videndum,

272 351 321 378 ubi
345 348 562 377 transferantur
586 355 672 374 voces
698 345 851 383 singulae,
876 352 925 374 aut
948 347 1085 382 iunctae,
1108 346 1254 374 allusione
1279 351 1308 373 et
1333 346 1433 384 figuris
1456 348 1493 374 ad
1519 348 1628 376 vicinas
1653 347 1891 386 significationes.

401 408 476 436 Cum
502 407 592 435 verba
615 412 645 434 et
671 406 791 444 phrasin
815 405 1030 445 intelligimus,
1054 406 1110 434 iter
1133 406 1300 444 proximum
1325 412 1368 434 est
1393 416 1410 434 a
1432 407 1631 436 Grammatica
1654 408 1691 435 ad
1714 408 1909 436 Dialecticen.

401 469 503 496 Multis
526 468 659 506 profecto
683 467 831 495 erroribus
854 467 995 494 caruisset
1017 467 1095 494 omni
1120 472 1257 504 tempore
1280 465 1461 504 Theologia,
1484 468 1507 495 si
1535 476 1591 495 non
1617 467 1754 496 hebraica
1778 476 1884 506 graece
1911 468 2060 505 explicata
2084 473 2197 496 essent.

403 528 488 558 Unus
511 529 616 566 aliquis
640 534 670 556 et
693 527 820 565 simplex
843 527 1010 564 scripturae
1034 536 1138 555 sensns
1162 533 1224 564 est,
1247 532 1279 555 ut
1302 532 1332 555 et
1357 525 1493 555 coelestis
1517 528 1625 556 veritas
1649 528 1860 565 simplicissima
1884 534 1946 565 est,
1969 536 2058 565 quem
2081 527 2196 555 collatis
2209 526 2336 564 scriptu-

273 572 313 599 ris
337 580 353 600 e
377 571 427 600 filo
452 571 601 609 ductuque
624 571 764 599 orationis
788 570 857 597 licet
880 568 1012 607 assequi.

402 631 486 659 Licet
509 631 627 659 omnino
656 631 694 659 ad
725 630 894 659 iudicandas
924 631 1084 667 scripturas
1114 629 1276 658 adhibendi
1306 629 1363 657 sint
1385 630 1505 668 Patres,
1540 631 1630 659 satius
1661 638 1706 659 est
1738 641 1776 659 ex
1807 630 1851 658 his
1876 630 1946 658 locis
1969 631 2133 668 scripturae
2156 629 2335 658 sententiam

273 673 438 711 colligere,
461 675 507 702 ubi
531 673 585 702 hoc
607 674 703 712 ipsum
727 679 836 712 agunt,
868 678 898 701 ut
923 679 1080 709 enarrent,
1108 682 1195 710 quam
1219 673 1271 709 iis,
1298 672 1345 701 ubi
1369 676 1417 701 vel
1441 674 1674 711 rhetoricantur,
1704 674 1753 703 vel
1783 673 1937 702 affectibus
1967 674 2026 702 suis
2049 681 2226 711 quocunque
2249 671 2334 699 modo

272 716 441 755 indulgent.

404 777 531 811 Quidam
555 787 612 805 non
637 778 768 805 contenti
792 786 849 805 una
872 777 1123 814 interpretatione
1146 777 1174 803 in
1193 776 1317 814 singulis
1341 775 1496 803 sententiis
1511 775 1661 803 finxerunt
1685 784 1722 803 ex
1745 784 1777 803 se
1800 775 1882 803 velut
1905 775 2006 803 aranei
2031 780 2154 813 quatuor
2169 778 2219 802 aut
2234 774 2335 811 plures

275 821 362 849 etiam
387 818 568 857 sententias,
593 820 765 856 liberalem,
788 820 998 858 allegoricam,
1021 819 1250 857 tropologicam,
1273 824 1303 847 et
1326 820 1447 854 nescio,
1476 827 1548 856 quas
1572 824 1747 856 praeterea,
1775 827 1841 846 cum
1866 827 1923 846 una
1946 824 1976 846 et
1999 817 2127 856 simplex
2150 817 2187 846 sit
2210 817 2336 853 scriptu-

275 872 327 892 rae
350 864 514 900 sententia,
541 864 676 891 videlicet
701 872 787 901 quam
811 863 908 900 aperit
931 863 1004 890 ratio
1029 861 1231 900 grammatica.

404 924 436 952 ln
461 925 540 961 typis
564 932 654 961 saepe
677 924 847 951 inseruntur
873 922 980 957 verba,
1010 921 1123 959 aliquid
1153 922 1275 960 proprie
1304 922 1343 951 de
1366 923 1452 950 rebus
1475 921 1647 959 significatis
1669 920 1847 957 indicantia,
1882 929 1936 948 nec
1960 926 2056 948 tamen
2079 924 2243 958 propterea
2266 918 2339 947 abii-

276 967 381 995 cienda
405 972 452 994 est
477 966 607 995 historia.

405 1026 471 1054 Non
496 1034 619 1054 necesse
642 1030 687 1053 est
710 1033 812 1053 omnes
835 1024 974 1053 historiae
1001 1024 1234 1053 circumstantias
1257 1024 1418 1054 convenire
1440 1023 1477 1052 ad
1500 1023 1547 1057 id,
1571 1022 1651 1061 quod
1673 1023 1873 1061 significatur;
1904 1023 1973 1051 satis
1997 1028 2060 1062 est,
2082 1022 2180 1051 ideam
2203 1023 2232 1050 in
2255 1021 2341 1060 prin-

275 1069 419 1107 cipalibus
441 1069 529 1098 rebus
552 1068 722 1098 convenire.

408 1129 477 1158 Non
500 1129 595 1156 omnia
618 1129 708 1156 verba
726 1128 782 1156 Dei
805 1127 1045 1156 transformanda
1068 1133 1136 1156 sunt
1159 1128 1186 1155 in
1209 1127 1384 1165 allegorias,
1406 1127 1459 1155 sed
1486 1133 1517 1154 ut
1540 1126 1640 1154 nativa
1662 1126 1834 1164 significatio
1858 1126 2002 1154 sermonis
2024 1124 2165 1163 postulat.

406 1190 624 1228 Ineptissimum
647 1198 740 1228 genus
764 1195 809 1217 est
831 1189 968 1226 illorum,
993 1188 1041 1226 qui
1067 1188 1193 1227 quadam
1213 1187 1327 1216 iudaica
1348 1188 1558 1225 superstitione
1582 1186 1691 1215 addicti
1715 1186 1900 1224 glossematis
1926 1185 2120 1223 Iudaeorum,
2143 1195 2207 1214 cum
2232 1183 2339 1222 figuras

278 1243 335 1262 non
358 1233 544 1271 intelligant,
573 1241 628 1261 nec
660 1232 872 1261 sententiarum
903 1231 1039 1260 ordinem
1063 1231 1319 1267 animadvertant,
1348 1239 1438 1268 saepe
1460 1230 1604 1259 absurdas
1627 1230 1909 1267 interpretationes,
1939 1239 1974 1257 ac
1997 1238 2086 1266 vere,
2110 1233 2142 1257 ut
2165 1235 2271 1266 graece
2294 1227 2341 1255 di-

279 1277 370 1314 citur,
401 1273 498 1315 παρὰ
523 1272 561 1304 τὸ
584 1273 687 1313 μέλος
709 1275 867 1313 affingunt.

406 1336 534 1366 Omnino
557 1336 715 1374 peculiaris
738 1335 833 1364 forma
856 1340 902 1363 est
926 1334 1065 1362 orationis
1089 1333 1279 1372 gravissimae
1302 1331 1382 1359 illius
1404 1331 1601 1369 antiquitatis,
1631 1331 1744 1369 brevis,
1775 1330 1909 1359 conferta
1933 1331 2035 1369 rebus,
2054 1329 2253 1365 ,verecunda,
2282 1338 2341 1357 non

278 1381 431 1419 ambigua3
461 1379 514 1408 sed
544 1380 611 1408 alibi
642 1379 780 1418 proprie,
810 1379 926 1416 signate
960 1383 991 1406 et
1022 1376 1152 1406 dilucide
1176 1383 1348 1414 proponens
1371 1374 1454 1412 leges
1478 1380 1508 1403 et
1531 1374 1685 1413 dogmata,
1722 1374 1791 1402 alibi
1814 1383 1862 1402 res
1886 1373 2007 1402 easdem
2036 1373 2212 1402 dulcissimis
2240 1371 2342 1411 figuris

277 1424 422 1462 pingens,
445 1432 521 1461 quae
545 1423 584 1452 ita
608 1422 803 1458 adhibentur,
833 1427 864 1450 ut
889 1421 990 1448 lumen
1018 1421 1076 1448 sint
1097 1428 1219 1453 eorum,
1250 1426 1327 1457 quae
1350 1417 1420 1446 alibi
1442 1418 1562 1456 proprio
1585 1426 1724 1446 sermone
1747 1417 1903 1454 dicuntur,
1933 1426 1992 1445 non
2022 1423 2054 1445 ut
2077 1416 2233 1445 offundant
2256 1421 2343 1444 tene-

277 1467 359 1504 bras,
384 1472 414 1495 et
437 1475 476 1494 ex
499 1467 587 1495 certis
608 1465 793 1503 dogmatibus
817 1463 929 1492 facIant
956 1463 1100 1502 ambigua.

409 1526 461 1554 His
483 1526 581 1554 verbis
604 1524 741 1553 Strobelii
764 1524 839 1552 liber
863 1523 976 1554 finitur.

408 1586 454 1614 Ex
477 1586 615 1624 Corporis
639 1583 710 1613 locis
735 1584 825 1612 Indici
850 1585 953 1612 harum
981 1582 1201 1611 Praefationum
1223 1589 1242 1608 a
1265 1578 1414 1608 Strobelio
1438 1579 1629 1607 collectarum
1651 1588 1742 1617 supra
1765 1578 1920 1616 adscriptis
1942 1578 2138 1616 intelligitur,
2169 1587 2220 1607 eas
2242 1587 2344 1607 omnes

280 1629 339 1657 iam
361 1629 391 1656 in
413 1629 500 1658 huius
525 1628 664 1666 Corporis
687 1627 767 1656 Voll.
788 1627 911 1656 1—1X.
936 1634 1001 1654 esse
1028 1625 1190 1661 exhibitas,
1219 1623 1332 1651 duabus
1355 1622 1508 1660 exceptis,
1536 1622 1646 1650 scilicet
1669 1621 1905 1650 Praefationibus
1929 1621 1982 1651 Vl.
2007 1626 2037 1649 et
2060 1620 2145 1659 XX„
2172 1630 2244 1660 quas
2267 1630 2345 1650 nunc

281 1671 449 1700 afferemus.

328 1900 384 1929 No.
409 1899 440 1929 6.
1097 1907 1174 1926 anno
1193 1896 1288 1927 1524.

289 1939 462 1955 Μ
1111 1938 1281 1952 ,Α

696 1987 885 2020 Lectori.

352 2061 497 2086 Praefatio
516 2061 544 2085 in
563 2060 662 2085 librum
683 2061 723 2085 sic
741 2061 921 2091 inscriptum:
941 2060 1110 2085 Hieremiae
1126 2061 1292 2093 Prophetae

390 2097 506 2122 Threni.
525 2095 679 2128 (hebraice)
703 2109 738 2113 —
757 2095 802 2128 (ln
820 2095 905 2127 finez)
928 2095 1174 2127 We‘ttemberyae,
1195 2102 1292 2121 mense

390 2132 545 2156 Ianuario.
584 2131 661 2156 1524.
692 2132 717 2155 8.
749 2131 766 2156 2
787 2131 878 2162 plagg.

448 2195 627 2237 Philippus
652 2194 896 2228 Melanchthon
925 2194 1062 2227 Lectori
1088 2194 1128 2227 S.

388 2261 498 2302 Ecce,
534 2262 583 2295 mi
612 2262 744 2302 lector,
783 2261 1049 2296 acerbissimam
1085 2261 1319 2311 HieremiaeA

286 2314 466 2359 querelam
480 2341 488 2354 ‚
517 2314 577 2360 qui
592 2314 770 2348 Ecclesiae
788 2314 965 2347 excidium
991 2320 1025 2346 et
1039 2312 1219 2347 horrenda
1238 2315 1290 2347 di-

285 2365 390 2398 vinae
415 2365 489 2398 irae
520 2367 680 2410 exempla
708 2366 885 2410 deplorat.

285 2430 413 2462 parum
433 2418 553 2460 multi,
582 2418 643 2464 qui
673 2424 734 2451 aut
754 2418 791 2450 in
812 2418 920 2451 tantis
937 2418 1041 2452 malis
1062 2418 1177 2452 securi
1194 2419 1290 2463 plus-

287 2482 394 2515 quam
414 2470 536 2503 ferreis
556 2470 686 2504 animis
703 2470 796 2504 senis
814 2468 920 2504 huius
938 2468 1142 2516 lachrymas
1159 2471 1291 2510 rident,
1316 2486 1318 2515 3

287 2528 349 2554 aut
383 2522 525 2566 tragicis
562 2522 778 2556 clamoribus
805 2523 958 2556 aliorum
994 2522 1080 2555 vitia
1110 2529 1290 2563 accusant,
1317 2553 1318 2559 ,

1344 2573 1397 2606 rei
1422 2572 1576 2617 pretium
1596 2571 1825 2606 consideret?
1855 2569 2141 2617 quotusquisque
2168 2570 2213 2603 ad
2236 2569 2349 2614 pieta-

287 2585 347 2607 sua
375 2573 613 2607 dissimulant.
667 2574 741 2608 Nec
774 2572 812 2607 hi
836 2574 994 2619 primum
1021 2574 1109 2608 soris
1132 2574 1290 2619 sapiunt,

286 2625 416 2658 deinde
436 2625 686 2670 gravissimum
706 2627 856 2667 malum,
876 2628 960 2659 dum
979 2626 1115 2660 mederi
1133 2628 1291 2668 student,
1317 2648 1318 2651 =

290 2677 495 2710 exulcerant
520 2685 627 2723 atque
655 2679 888 2717 exacerbant;
917 2680 1064 2712 domum
1091 2691 1176 2711 vero
1201 2679 1291 2712 Pro-

287 2726 394 2772 pheta
411 2736 444 2762 te
464 2730 628 2771 deducit,
655 2737 694 2763 ut
720 2737 751 2763 te
778 2730 948 2774 explices,
978 2731 1014 2763 in
1034 2737 1067 2764 te
1085 2732 1279 2765 descendas

939 2365 1031 2399 Sunt
1065 2372 1185 2399 autem
1214 2378 1290 2400 non
1317 2379 1318 2394 1

1344 1903 1459 1930 tecum
1486 1895 1707 1941 expostules,
1743 1894 1946 1928 miserearis
1978 1894 2154 1935 aliorum,
2182 1895 2247 1928 tibi
2271 1907 2349 1929 suc-

1344 1960 1508 1988 censeas,
1536 1954 1570 1981 te
1595 1959 1758 1987 accuses,
1786 1958 1852 1990 pro
1872 1959 1907 1980 se
1926 1946 2078 1992 quisque
2096 1958 2226 1991 magna
2247 1947 2348 1980 fabu-

1316 2020 1319 2041 t
1343 2001 1398 2034 lae
1417 1998 1523 2034 huius
1545 2011 1629 2044 pars
1650 2011 1793 2038 sumus,
1821 1998 1893 2032 suis
1910 1999 2062 2044 quisque
2084 1998 2181 2033 vitiis
2198 2005 2233 2031 et
2246 2011 2264 2031 a
2283 2010 2348 2032 no-

1316 2050 1318 2067 ;
1343 2053 1398 2087 bis
1420 2059 1455 2085 et
1478 2064 1496 2085 a
1517 2051 1656 2097 reliqua
1675 2049 1821 2084 ecclesia
1845 2050 1962 2083 Deum
1988 2050 2199 2085 alienamus.

2252 2049 2350 2084 Haec

1345 2104 1485 2139 utinam
1519 2104 1616 2149 apud
1642 2109 1676 2136 te
1710 2103 1911 2147 expendas,
1947 2114 2026 2135 cum
2058 2100 2156 2136 hunc
2186 2101 2348 2136 libellum

1346 2156 1382 2189 in
1423 2168 1552 2190 manus
1586 2154 1776 2200 acceperis.
1838 2154 1906 2188 Sed
1932 2166 1953 2186 o
1983 2154 2135 2189 miseros
2166 2166 2253 2195 nos,
2287 2154 2349 2200 qui

1344 2221 1458 2254 usque
1475 2210 1565 2241 adeo
1585 2207 1829 2248 occalluimus‚
1852 2213 1890 2240 ut
1907 2206 1998 2239 tanti
2015 2207 2101 2239 mali
2119 2206 2191 2239 vim
2209 2218 2254 2239 ne
2271 2218 2350 2240 sen-

1346 2260 1477 2294 tiamus
1498 2259 1665 2305 quidem,
1694 2272 1784 2305 quos
1812 2258 1861 2293 sic
1885 2257 2075 2292 fascinavit
2098 2258 2283 2303 impietas,
2310 2264 2351 2291 ut

1345 2313 1573 2351 erubescere,
1608 2312 1917 2357 quemadmodum
1942 2309 2145 2344 Hieremias
2175 2309 2350 2356 queritur,

1345 2376 1578 2410 nequeamus.
1632 2362 1792 2397 Verbum
1811 2362 1879 2396 Dei
1902 2363 2010 2407 paulo
2030 2369 2112 2396 ante
2136 2362 2234 2395 velut
2253 2360 2350 2394 Cim-

1346 2416 1467 2450 meriis
1484 2416 1641 2450 tenebris
1666 2416 1835 2449 obrutum
1862 2415 2016 2454 latebat,
2042 2426 2179 2459 nuper,
2207 2419 2350 2457 postea-

1344 2482 1452 2515 quam
1480 2468 1625 2502 emersit
1647 2468 1778 2501 iterum
1804 2467 1929 2500 dixino
1959 2466 2151 2506 beneficio,
2185 2465 2350 2504 vertitur,

1344 2527 1383 2555 ut
1399 2518 1564 2554 Ezechiel
1588 2520 1658 2560 ait,
1683 2520 1719 2553 in
1745 2519 1924 2553 canticum
1943 2518 2035 2559 oris,
2063 2517 2349 2564 quotusquisque

1345 2632 1415 2658 tem
1447 2624 1608 2658 animum
1647 2623 1794 2657 adiicit?
1831 2636 1910 2656 cum
1947 2623 2083 2655 interea
2110 2621 2177 2654 Dei
2213 2632 2349 2654 nomen

1344 2689 1452 2710 nemo
1472 2689 1547 2709 non
1567 2674 1698 2710 habeat
1718 2677 1754 2708 in
1774 2674 1864 2709 ore?
1907 2675 2025 2708 Porro
2050 2674 2079 2708 si
2099 2686 2206 2720 quein
2224 2673 2349 2706 Hiere-
2398 2716 2401 2718 v

1345 2729 1438 2762 miae
1466 2726 1672 2773 lachrymae
1703 2734 1870 2768 movent,
1912 2726 1941 2761 is
1973 2739 2014 2761 ex
2035 2724 2104 2760 hoc
2128 2725 2250 2759 libello
2273 2735 2348 2757 non
