<?xml version="1.0" encoding="UTF-8"?>
<!DOCTYPE html PUBLIC "-//W3C//DTD XHTML 1.0 Transitional//EN"
    "http://www.w3.org/TR/xhtml1/DTD/xhtml1-transitional.dtd">
<html xmlns="http://www.w3.org/1999/xhtml" xml:lang="en" lang="en">
 <head>
  <title>
</title>
<meta http-equiv="Content-Type" content="text/html;charset=utf-8" />
  <meta name='ocr-system' content='tesseract 3.04.00' />
  <meta name='ocr-capabilities' content='ocr_page ocr_carea ocr_par ocr_line ocrx_word'/>
</head>
<body>
  <div class='ocr_page' id='page_1' title='image "./operaquaesupersu20melauoft/operaquaesupersu20melauoft_0394.png"; bbox 0 0 2421 3037; ppageno 0'>
   <div class='ocr_carea' id='block_1_1' title="bbox 257 92 1292 137">
    <p class='ocr_par' dir='ltr' id='par_1_1' title="bbox 257 92 1292 137">
     <span class='ocr_line' id='line_1_1' title="bbox 257 92 1292 137; baseline -0.007 -2"><span class='ocrx_word' id='word_1_1' title='bbox 257 101 334 137; x_wconf 82' lang='lat'>⁷65</span> <span class='ocrx_word' id='word_1_2' title='bbox 793 93 916 129; x_wconf 83' lang='lat' dir='ltr'><strong>PfflL.</strong></span> <span class='ocrx_word' id='word_1_3' title='bbox 945 92 1058 128; x_wconf 88' lang='lat' dir='ltr'><strong>MEL.</strong></span> <span class='ocrx_word' id='word_1_4' title='bbox 1087 92 1292 128; x_wconf 80' lang='lat' dir='ltr'><strong>SCRIPTA</strong></span> 
     </span>
    </p>
   </div>
   <div class='ocr_carea' id='block_1_2' title="bbox 254 178 1262 325">
    <p class='ocr_par' dir='ltr' id='par_1_2' title="bbox 254 178 1262 325">
     <span class='ocr_line' id='line_1_2' title="bbox 254 178 1262 230; baseline -0.014 -8"><span class='ocrx_word' id='word_1_5' title='bbox 254 189 337 222; x_wconf 89' lang='lat' dir='ltr'>dem</span> <span class='ocrx_word' id='word_1_6' title='bbox 352 185 450 227; x_wconf 85' lang='lat' dir='ltr'>satis,</span> <span class='ocrx_word' id='word_1_7' title='bbox 478 184 615 230; x_wconf 86' lang='lat' dir='ltr'>reliqua</span> <span class='ocrx_word' id='word_1_8' title='bbox 634 194 717 216; x_wconf 83' lang='lat' dir='ltr'>usus</span> <span class='ocrx_word' id='word_1_9' title='bbox 734 180 888 220; x_wconf 75' lang='lat' dir='ltr'><strong>docebit,</strong></span> <span class='ocrx_word' id='word_1_10' title='bbox 917 192 1022 226; x_wconf 82' lang='lat' dir='ltr'>quem</span> <span class='ocrx_word' id='word_1_11' title='bbox 1041 180 1111 214; x_wconf 83' lang='lat' dir='ltr'>nisi</span> <span class='ocrx_word' id='word_1_12' title='bbox 1129 182 1173 214; x_wconf 80' lang='lat' dir='ltr'>ad</span> <span class='ocrx_word' id='word_1_13' title='bbox 1193 178 1262 214; x_wconf 75' lang='lat' dir='ltr'>hoc</span> 
     </span>
     <span class='ocr_line' id='line_1_3' title="bbox 255 232 1262 283; baseline -0.005 -11"><span class='ocrx_word' id='word_1_14' title='bbox 255 237 442 283; x_wconf 82' lang='lat' dir='ltr'>negotium</span> <span class='ocrx_word' id='word_1_15' title='bbox 466 233 697 271; x_wconf 77' lang='lat' dir='ltr'>adhibueris,</span> <span class='ocrx_word' id='word_1_16' title='bbox 724 232 950 276; x_wconf 83' lang='lat' dir='ltr'>desperanda</span> <span class='ocrx_word' id='word_1_17' title='bbox 975 238 1027 267; x_wconf 88' lang='lat' dir='ltr'>est</span> <span class='ocrx_word' id='word_1_18' title='bbox 1053 232 1119 266; x_wconf 89' lang='lat' dir='ltr'>tibi</span> <span class='ocrx_word' id='word_1_19' title='bbox 1143 232 1262 267; x_wconf 87' lang='lat' dir='ltr'>omnis</span> 
     </span>
     <span class='ocr_line' id='line_1_4' title="bbox 255 285 632 325; baseline -0.021 0"><span class='ocrx_word' id='word_1_20' title='bbox 255 288 455 325; x_wconf 86' lang='lat' dir='ltr'>disserendi</span> <span class='ocrx_word' id='word_1_21' title='bbox 471 285 632 320; x_wconf 80' lang='lat' dir='ltr'>facultas.</span> 
     </span>
    </p>
   </div>
   <div class='ocr_carea' id='block_1_3' title="bbox 385 362 1150 417">
    <p class='ocr_par' dir='ltr' id='par_1_3' title="bbox 385 362 1150 417">
     <span class='ocr_line' id='line_1_5' title="bbox 385 362 1150 417; baseline -0.014 -11"><span class='ocrx_word' id='word_1_22' title='bbox 385 372 446 405; x_wconf 91' lang='lat' dir='ltr'>De</span> <span class='ocrx_word' id='word_1_23' title='bbox 474 368 804 417; x_wconf 81' lang='lat' dir='ltr'>propositione</span> <span class='ocrx_word' id='word_1_24' title='bbox 835 362 1150 411; x_wconf 70' lang='lat' dir='ltr'>hypothetica.</span> 
     </span>
    </p>
   </div>
   <div class='ocr_carea' id='block_1_4' title="bbox 254 429 1293 848">
    <p class='ocr_par' dir='ltr' id='par_1_4' title="bbox 254 429 1293 848">
     <span class='ocr_line' id='line_1_6' title="bbox 359 429 1263 480; baseline -0.014 -5"><span class='ocrx_word' id='word_1_25' title='bbox 359 440 533 475; x_wconf 82' lang='lat' dir='ltr'>Consulto</span> <span class='ocrx_word' id='word_1_26' title='bbox 558 437 762 473; x_wconf 79' lang='lat' dir='ltr'>distulimus</span> <span class='ocrx_word' id='word_1_27' title='bbox 787 434 1014 480; x_wconf 84' lang='lat' dir='ltr'>pronuntiati</span> <span class='ocrx_word' id='word_1_28' title='bbox 1038 429 1263 478; x_wconf 74' lang='lat' dir='ltr'>hypothetici</span> 
     </span>
     <span class='ocr_line' id='line_1_7' title="bbox 254 482 1263 534; baseline -0.012 -6"><span class='ocrx_word' id='word_1_29' title='bbox 254 495 436 529; x_wconf 88' lang='lat' dir='ltr'>rationem</span> <span class='ocrx_word' id='word_1_30' title='bbox 471 492 508 524; x_wconf 89' lang='lat' dir='ltr'>iu</span> <span class='ocrx_word' id='word_1_31' title='bbox 539 488 635 524; x_wconf 88' lang='lat' dir='ltr'>hunc</span> <span class='ocrx_word' id='word_1_32' title='bbox 665 500 777 534; x_wconf 90' lang='lat' dir='ltr'>usque</span> <span class='ocrx_word' id='word_1_33' title='bbox 802 488 938 527; x_wconf 88' lang='lat' dir='ltr'>locum,</span> <span class='ocrx_word' id='word_1_34' title='bbox 974 486 1071 532; x_wconf 91' lang='lat' dir='ltr'>quod</span> <span class='ocrx_word' id='word_1_35' title='bbox 1091 482 1263 517; x_wconf 84' lang='lat' dir='ltr'>hactenus</span> 
     </span>
     <span class='ocr_line' id='line_1_8' title="bbox 256 536 1264 586; baseline -0.014 -6"><span class='ocrx_word' id='word_1_36' title='bbox 256 558 331 581; x_wconf 90' lang='lat' dir='ltr'>non</span> <span class='ocrx_word' id='word_1_37' title='bbox 360 544 571 578; x_wconf 80' lang='lat' dir='ltr'>volebamus</span> <span class='ocrx_word' id='word_1_38' title='bbox 601 553 725 586; x_wconf 86' lang='lat' dir='ltr'>agere,</span> <span class='ocrx_word' id='word_1_39' title='bbox 760 539 829 573; x_wconf 86' lang='lat' dir='ltr'>nisi</span> <span class='ocrx_word' id='word_1_40' title='bbox 858 540 901 572; x_wconf 92' lang='lat' dir='ltr'>de</span> <span class='ocrx_word' id='word_1_41' title='bbox 931 536 1153 582; x_wconf 87' lang='lat' dir='ltr'>simplicibus</span> <span class='ocrx_word' id='word_1_42' title='bbox 1180 547 1264 580; x_wconf 91' lang='lat' dir='ltr'>pro-</span> 
     </span>
     <span class='ocr_line' id='line_1_9' title="bbox 254 586 1265 638; baseline -0.013 -6"><span class='ocrx_word' id='word_1_43' title='bbox 254 597 430 633; x_wconf 77' lang='lat' dir='ltr'>nuntiatis</span> <span class='ocrx_word' id='word_1_44' title='bbox 465 601 500 628; x_wconf 91' lang='lat' dir='ltr'>et</span> <span class='ocrx_word' id='word_1_45' title='bbox 534 591 930 638; x_wconf 77' lang='lat' dir='ltr'>argumentationibus,</span> <span class='ocrx_word' id='word_1_46' title='bbox 973 601 1069 622; x_wconf 90' lang='lat' dir='ltr'>nunc</span> <span class='ocrx_word' id='word_1_47' title='bbox 1105 586 1265 632; x_wconf 88' lang='lat' dir='ltr'>postulat</span> 
     </span>
     <span class='ocr_line' id='line_1_10' title="bbox 255 638 1264 690; baseline -0.013 -6"><span class='ocrx_word' id='word_1_48' title='bbox 255 651 375 690; x_wconf 85' lang='lat' dir='ltr'>locus,</span> <span class='ocrx_word' id='word_1_49' title='bbox 400 654 441 682; x_wconf 88' lang='lat' dir='ltr'>ut</span> <span class='ocrx_word' id='word_1_50' title='bbox 465 653 499 680; x_wconf 91' lang='lat' dir='ltr'>et</span> <span class='ocrx_word' id='word_1_51' title='bbox 524 647 568 679; x_wconf 93' lang='lat' dir='ltr'>de</span> <span class='ocrx_word' id='word_1_52' title='bbox 588 644 790 679; x_wconf 87' lang='lat' dir='ltr'>coniunctis</span> <span class='ocrx_word' id='word_1_53' title='bbox 808 640 1118 688; x_wconf 84' lang='lat' dir='ltr'>propositionibus</span> <span class='ocrx_word' id='word_1_54' title='bbox 1133 638 1264 672; x_wconf 87' lang='lat' dir='ltr'>nonni-</span> 
     </span>
     <span class='ocr_line' id='line_1_11' title="bbox 256 688 1265 740; baseline -0.012 -5"><span class='ocrx_word' id='word_1_55' title='bbox 256 700 309 736; x_wconf 91' lang='lat' dir='ltr'>hil</span> <span class='ocrx_word' id='word_1_56' title='bbox 337 700 510 734; x_wconf 89' lang='lat' dir='ltr'>dicamus.</span> <span class='ocrx_word' id='word_1_57' title='bbox 566 697 752 737; x_wconf 87' lang='lat' dir='ltr'>Primum,</span> <span class='ocrx_word' id='word_1_58' title='bbox 786 694 1063 740; x_wconf 83' lang='lat' dir='ltr'>pronuntiatum</span> <span class='ocrx_word' id='word_1_59' title='bbox 1087 688 1265 737; x_wconf 75' lang='lat' dir='ltr'>hypothe-</span> 
     </span>
     <span class='ocr_line' id='line_1_12' title="bbox 256 743 1265 796; baseline -0.011 -9"><span class='ocrx_word' id='word_1_60' title='bbox 256 754 366 788; x_wconf 86' lang='lat' dir='ltr'>ticum</span> <span class='ocrx_word' id='word_1_61' title='bbox 402 749 566 796; x_wconf 89' lang='lat' dir='ltr'>pluribus</span> <span class='ocrx_word' id='word_1_62' title='bbox 603 747 793 782; x_wconf 74' lang='lat' dir='ltr'>axiomatis</span> <span class='ocrx_word' id='word_1_63' title='bbox 825 745 1065 791; x_wconf 74' lang='lat' dir='ltr'>simplicibus,</span> <span class='ocrx_word' id='word_1_64' title='bbox 1115 743 1265 777; x_wconf 89' lang='lat' dir='ltr'>coniun-</span> 
     </span>
     <span class='ocr_line' id='line_1_13' title="bbox 258 788 1293 848; baseline -0.01 -8"><span class='ocrx_word' id='word_1_65' title='bbox 258 806 377 840; x_wconf 81' lang='lat' dir='ltr'>ctione</span> <span class='ocrx_word' id='word_1_66' title='bbox 392 803 513 848; x_wconf 86' lang='lat' dir='ltr'>aliqua</span> <span class='ocrx_word' id='word_1_67' title='bbox 534 800 725 842; x_wconf 80' lang='lat' dir='ltr'>connexis,</span> <span class='ocrx_word' id='word_1_68' title='bbox 754 805 905 833; x_wconf 83' lang='lat' dir='ltr'>constat.</span> <span class='ocrx_word' id='word_1_69' title='bbox 1290 788 1293 830; x_wconf 65' lang='grc' dir='ltr'>ἶ</span> 
     </span>
    </p>
   </div>
   <div class='ocr_carea' id='block_1_5' title="bbox 1291 831 1294 864">
    <p class='ocr_par' dir='ltr' id='par_1_5' title="bbox 1291 831 1294 864">
     <span class='ocr_line' id='line_1_14' title="bbox 1291 831 1294 864; baseline 0 0"><span class='ocrx_word' id='word_1_70' title='bbox 1291 831 1294 864; x_wconf 76' lang='grc' dir='ltr'>Ι</span> 
     </span>
    </p>
   </div>
   <div class='ocr_carea' id='block_1_6' title="bbox 257 852 1294 1213">
    <p class='ocr_par' dir='ltr' id='par_1_6' title="bbox 360 852 1294 897">
     <span class='ocr_line' id='line_1_15' title="bbox 360 852 1294 897; baseline -0.01 -8"><span class='ocrx_word' id='word_1_71' title='bbox 360 855 513 889; x_wconf 81' lang='lat' dir='ltr'>Formas</span> <span class='ocrx_word' id='word_1_72' title='bbox 531 859 602 887; x_wconf 87' lang='lat' dir='ltr'>tres</span> <span class='ocrx_word' id='word_1_73' title='bbox 619 852 881 897; x_wconf 85' lang='lat' dir='ltr'>praescribunt.</span> <span class='ocrx_word' id='word_1_74' title='bbox 1291 869 1294 894; x_wconf 63' lang='lat'>¹,</span> 
     </span>
    </p>

    <p class='ocr_par' dir='ltr' id='par_1_7' title="bbox 259 895 1294 1003">
     <span class='ocr_line' id='line_1_16' title="bbox 363 895 1294 951; baseline -0.011 -10"><span class='ocrx_word' id='word_1_75' title='bbox 363 905 638 951; x_wconf 88' lang='lat' dir='ltr'>Copulativum,</span> <span class='ocrx_word' id='word_1_76' title='bbox 663 904 760 949; x_wconf 89' lang='lat' dir='ltr'>quod</span> <span class='ocrx_word' id='word_1_77' title='bbox 779 902 928 947; x_wconf 76' lang='lat' dir='ltr'>copulae</span> <span class='ocrx_word' id='word_1_78' title='bbox 945 901 1186 944; x_wconf 86' lang='lat' dir='ltr'>coniungunt,</span> <span class='ocrx_word' id='word_1_79' title='bbox 1214 905 1266 941; x_wconf 82' lang='lat' dir='ltr'>ut,</span> <span class='ocrx_word' id='word_1_80' title='bbox 1291 895 1294 917; x_wconf 67' lang='lat'>5</span> 
     </span>
     <span class='ocr_line' id='line_1_17' title="bbox 259 953 990 1003; baseline -0.011 -9"><span class='ocrx_word' id='word_1_81' title='bbox 259 959 384 995; x_wconf 85' lang='lat' dir='ltr'>Cicero</span> <span class='ocrx_word' id='word_1_82' title='bbox 402 958 579 1003; x_wconf 87' lang='lat' dir='ltr'>disputat,</span> <span class='ocrx_word' id='word_1_83' title='bbox 608 963 641 990; x_wconf 90' lang='lat' dir='ltr'>et</span> <span class='ocrx_word' id='word_1_84' title='bbox 660 955 750 989; x_wconf 79' lang='lat' dir='ltr'>Milo</span> <span class='ocrx_word' id='word_1_85' title='bbox 774 953 990 988; x_wconf 82' lang='lat' dir='ltr'>defenditur.</span> 
     </span>
    </p>

    <p class='ocr_par' dir='ltr' id='par_1_8' title="bbox 257 1005 1266 1102">
     <span class='ocr_line' id='line_1_18' title="bbox 360 1005 1266 1051; baseline -0.01 -7"><span class='ocrx_word' id='word_1_86' title='bbox 360 1008 648 1048; x_wconf 79' lang='lat' dir='ltr'>Disiunctivum,</span> <span class='ocrx_word' id='word_1_87' title='bbox 678 1007 777 1041; x_wconf 87' lang='lat' dir='ltr'>cuius</span> <span class='ocrx_word' id='word_1_88' title='bbox 796 1013 916 1051; x_wconf 86' lang='lat' dir='ltr'>partes</span> <span class='ocrx_word' id='word_1_89' title='bbox 931 1005 1189 1049; x_wconf 81' lang='lat' dir='ltr'>seiunguntur,</span> <span class='ocrx_word' id='word_1_90' title='bbox 1216 1009 1266 1044; x_wconf 90' lang='lat' dir='ltr'>ut,</span> 
     </span>
     <span class='ocr_line' id='line_1_19' title="bbox 257 1063 773 1102; baseline -0.01 -5"><span class='ocrx_word' id='word_1_91' title='bbox 257 1063 330 1097; x_wconf 90' lang='lat' dir='ltr'>Aut</span> <span class='ocrx_word' id='word_1_92' title='bbox 348 1063 423 1096; x_wconf 90' lang='lat' dir='ltr'>dies</span> <span class='ocrx_word' id='word_1_93' title='bbox 442 1067 512 1102; x_wconf 90' lang='lat' dir='ltr'>est,</span> <span class='ocrx_word' id='word_1_94' title='bbox 542 1066 604 1094; x_wconf 88' lang='lat' dir='ltr'>aut</span> <span class='ocrx_word' id='word_1_95' title='bbox 620 1072 692 1093; x_wconf 87' lang='lat' dir='ltr'>nox</span> <span class='ocrx_word' id='word_1_96' title='bbox 710 1065 773 1093; x_wconf 91' lang='lat' dir='ltr'>est.</span> 
     </span>
    </p>

    <p class='ocr_par' dir='ltr' id='par_1_9' title="bbox 259 1107 1267 1213">
     <span class='ocr_line' id='line_1_20' title="bbox 362 1107 1267 1153; baseline -0.008 -6"><span class='ocrx_word' id='word_1_97' title='bbox 362 1112 634 1153; x_wconf 83' lang='lat' dir='ltr'>Conditionale,</span> <span class='ocrx_word' id='word_1_98' title='bbox 676 1123 738 1145; x_wconf 88' lang='lat' dir='ltr'>seu</span> <span class='ocrx_word' id='word_1_99' title='bbox 767 1110 966 1151; x_wconf 74' lang='lat' dir='ltr'>rationale,</span> <span class='ocrx_word' id='word_1_100' title='bbox 1006 1107 1062 1142; x_wconf 84' lang='lat' dir='ltr'>cui</span> <span class='ocrx_word' id='word_1_101' title='bbox 1087 1110 1120 1142; x_wconf 69' lang='lat' dir='ltr'>si</span> <span class='ocrx_word' id='word_1_102' title='bbox 1144 1119 1267 1141; x_wconf 86' lang='lat' dir='ltr'>conse-</span> 
     </span>
     <span class='ocr_line' id='line_1_21' title="bbox 259 1158 1267 1213; baseline -0.009 -13"><span class='ocrx_word' id='word_1_103' title='bbox 259 1166 427 1213; x_wconf 79' lang='lat' dir='ltr'>quentiae</span> <span class='ocrx_word' id='word_1_104' title='bbox 443 1171 529 1198; x_wconf 79' lang='lat' dir='ltr'>nota</span> <span class='ocrx_word' id='word_1_105' title='bbox 547 1163 804 1209; x_wconf 80' lang='lat' dir='ltr'>praeponitur,</span> <span class='ocrx_word' id='word_1_106' title='bbox 833 1168 884 1203; x_wconf 86' lang='lat' dir='ltr'>ut,</span> <span class='ocrx_word' id='word_1_107' title='bbox 913 1161 950 1195; x_wconf 90' lang='lat' dir='ltr'>Si</span> <span class='ocrx_word' id='word_1_108' title='bbox 968 1158 1080 1194; x_wconf 88' lang='lat' dir='ltr'>homo</span> <span class='ocrx_word' id='word_1_109' title='bbox 1100 1166 1162 1202; x_wconf 87' lang='lat' dir='ltr'>est,</span> <span class='ocrx_word' id='word_1_110' title='bbox 1191 1159 1267 1192; x_wconf 87' lang='lat' dir='ltr'>ani-</span> 
     </span>
    </p>
   </div>
   <div class='ocr_carea' id='block_1_7' title="bbox 258 1219 1268 1308">
    <p class='ocr_par' dir='ltr' id='par_1_10' title="bbox 258 1219 1268 1308">
     <span class='ocr_line' id='line_1_22' title="bbox 258 1219 414 1253; baseline 0 -1"><span class='ocrx_word' id='word_1_111' title='bbox 258 1219 332 1252; x_wconf 85' lang='lat' dir='ltr'>mal</span> <span class='ocrx_word' id='word_1_112' title='bbox 350 1225 414 1253; x_wconf 88' lang='lat' dir='ltr'>est.</span> 
     </span>
     <span class='ocr_line' id='line_1_23' title="bbox 362 1267 1268 1308; baseline -0.009 -5"><span class='ocrx_word' id='word_1_113' title='bbox 362 1269 415 1303; x_wconf 86' lang='lat' dir='ltr'>Ex</span> <span class='ocrx_word' id='word_1_114' title='bbox 450 1267 505 1302; x_wconf 88' lang='lat' dir='ltr'>his</span> <span class='ocrx_word' id='word_1_115' title='bbox 534 1267 661 1301; x_wconf 86' lang='lat' dir='ltr'>formis</span> <span class='ocrx_word' id='word_1_116' title='bbox 692 1271 933 1300; x_wconf 80' lang='lat' dir='ltr'>contexuntur</span> <span class='ocrx_word' id='word_1_117' title='bbox 963 1270 1177 1308; x_wconf 85' lang='lat' dir='ltr'>argumenta</span> <span class='ocrx_word' id='word_1_118' title='bbox 1202 1275 1268 1296; x_wconf 87' lang='lat' dir='ltr'>va-</span> 
     </span>
    </p>
   </div>
   <div class='ocr_carea' id='block_1_8' title="bbox 258 1314 1267 1729">
    <p class='ocr_par' dir='ltr' id='par_1_11' title="bbox 258 1314 1267 1729">
     <span class='ocr_line' id='line_1_24' title="bbox 258 1314 1267 1368; baseline -0.006 -13"><span class='ocrx_word' id='word_1_119' title='bbox 258 1322 405 1368; x_wconf 84' lang='lat' dir='ltr'>riaeque</span> <span class='ocrx_word' id='word_1_120' title='bbox 439 1320 618 1364; x_wconf 84' lang='lat' dir='ltr'>argutiae,</span> <span class='ocrx_word' id='word_1_121' title='bbox 658 1330 747 1364; x_wconf 87' lang='lat' dir='ltr'>quas</span> <span class='ocrx_word' id='word_1_122' title='bbox 779 1323 986 1363; x_wconf 87' lang='lat' dir='ltr'>persecutus</span> <span class='ocrx_word' id='word_1_123' title='bbox 1017 1322 1069 1350; x_wconf 86' lang='lat' dir='ltr'>est</span> <span class='ocrx_word' id='word_1_124' title='bbox 1103 1314 1267 1361; x_wconf 90' lang='lat' dir='ltr'>pluribus</span> 
     </span>
     <span class='ocr_line' id='line_1_25' title="bbox 259 1368 1091 1419; baseline -0.007 -11"><span class='ocrx_word' id='word_1_125' title='bbox 259 1373 543 1419; x_wconf 85' lang='lat' dir='ltr'>Trapezontius,</span> <span class='ocrx_word' id='word_1_126' title='bbox 570 1383 637 1404; x_wconf 87' lang='lat' dir='ltr'>nos</span> <span class='ocrx_word' id='word_1_127' title='bbox 656 1371 940 1415; x_wconf 82' lang='lat' dir='ltr'>perstringemus</span> <span class='ocrx_word' id='word_1_128' title='bbox 957 1368 1091 1413; x_wconf 88' lang='lat' dir='ltr'>paucis.</span> 
     </span>
     <span class='ocr_line' id='line_1_26' title="bbox 363 1422 1040 1469; baseline -0.01 -10"><span class='ocrx_word' id='word_1_129' title='bbox 363 1425 417 1459; x_wconf 83' lang='lat' dir='ltr'>Ex</span> <span class='ocrx_word' id='word_1_130' title='bbox 434 1423 640 1469; x_wconf 80' lang='lat' dir='ltr'>copulativo</span> <span class='ocrx_word' id='word_1_131' title='bbox 657 1422 707 1457; x_wconf 87' lang='lat' dir='ltr'>sic</span> <span class='ocrx_word' id='word_1_132' title='bbox 727 1427 1040 1466; x_wconf 76' lang='lat' dir='ltr'>argumentamur:</span> 
     </span>
     <span class='ocr_line' id='line_1_27' title="bbox 469 1473 956 1516; baseline -0.004 -7"><span class='ocrx_word' id='word_1_133' title='bbox 469 1476 516 1509; x_wconf 83' lang='lat' dir='ltr'>Et</span> <span class='ocrx_word' id='word_1_134' title='bbox 531 1473 642 1508; x_wconf 89' lang='lat' dir='ltr'>homo</span> <span class='ocrx_word' id='word_1_135' title='bbox 660 1481 728 1516; x_wconf 91' lang='lat' dir='ltr'>est,</span> <span class='ocrx_word' id='word_1_136' title='bbox 758 1481 791 1508; x_wconf 90' lang='lat' dir='ltr'>et</span> <span class='ocrx_word' id='word_1_137' title='bbox 808 1475 873 1508; x_wconf 92' lang='lat' dir='ltr'>bos</span> <span class='ocrx_word' id='word_1_138' title='bbox 892 1479 956 1512; x_wconf 73' lang='lat' dir='ltr'>est,</span> 
     </span>
     <span class='ocr_line' id='line_1_28' title="bbox 466 1525 744 1566; baseline -0.011 -4"><span class='ocrx_word' id='word_1_139' title='bbox 466 1528 537 1562; x_wconf 89' lang='lat' dir='ltr'>Sed</span> <span class='ocrx_word' id='word_1_140' title='bbox 552 1525 663 1560; x_wconf 89' lang='lat' dir='ltr'>homo</span> <span class='ocrx_word' id='word_1_141' title='bbox 682 1532 744 1566; x_wconf 80' lang='lat' dir='ltr'>est,</span> 
     </span>
     <span class='ocr_line' id='line_1_29' title="bbox 466 1578 741 1623; baseline -0.004 -11"><span class='ocrx_word' id='word_1_142' title='bbox 466 1578 580 1623; x_wconf 85' lang='lat' dir='ltr'>Igitur</span> <span class='ocrx_word' id='word_1_143' title='bbox 596 1579 661 1612; x_wconf 88' lang='lat' dir='ltr'>bos</span> <span class='ocrx_word' id='word_1_144' title='bbox 678 1584 741 1612; x_wconf 88' lang='lat' dir='ltr'>est.</span> 
     </span>
     <span class='ocr_line' id='line_1_30' title="bbox 363 1624 1266 1676; baseline -0.007 -12"><span class='ocrx_word' id='word_1_145' title='bbox 363 1631 464 1676; x_wconf 83' lang='lat' dir='ltr'>Quae</span> <span class='ocrx_word' id='word_1_146' title='bbox 481 1631 599 1664; x_wconf 88' lang='lat' dir='ltr'>forma</span> <span class='ocrx_word' id='word_1_147' title='bbox 621 1635 797 1676; x_wconf 84' lang='lat' dir='ltr'>quantum</span> <span class='ocrx_word' id='word_1_148' title='bbox 820 1628 948 1669; x_wconf 74' lang='lat' dir='ltr'>valeat,</span> <span class='ocrx_word' id='word_1_149' title='bbox 975 1627 1084 1659; x_wconf 86' lang='lat' dir='ltr'>modo</span> <span class='ocrx_word' id='word_1_150' title='bbox 1103 1636 1177 1658; x_wconf 90' lang='lat' dir='ltr'>non</span> <span class='ocrx_word' id='word_1_151' title='bbox 1196 1624 1266 1658; x_wconf 89' lang='lat' dir='ltr'>dis-</span> 
     </span>
     <span class='ocr_line' id='line_1_31' title="bbox 258 1680 1264 1729; baseline -0.008 -12"><span class='ocrx_word' id='word_1_152' title='bbox 258 1690 366 1729; x_wconf 92' lang='lat' dir='ltr'>puto,</span> <span class='ocrx_word' id='word_1_153' title='bbox 402 1683 462 1717; x_wconf 87' lang='lat' dir='ltr'>sed</span> <span class='ocrx_word' id='word_1_154' title='bbox 490 1694 569 1716; x_wconf 90' lang='lat' dir='ltr'>cum</span> <span class='ocrx_word' id='word_1_155' title='bbox 597 1683 640 1714; x_wconf 90' lang='lat' dir='ltr'>ab</span> <span class='ocrx_word' id='word_1_156' title='bbox 666 1694 733 1716; x_wconf 89' lang='lat' dir='ltr'>usu</span> <span class='ocrx_word' id='word_1_157' title='bbox 758 1687 896 1714; x_wconf 85' lang='lat' dir='ltr'>remota</span> <span class='ocrx_word' id='word_1_158' title='bbox 919 1680 981 1719; x_wconf 81' lang='lat' dir='ltr'>sit,</span> <span class='ocrx_word' id='word_1_159' title='bbox 1021 1690 1085 1722; x_wconf 82' lang='lat' dir='ltr'>ego</span> <span class='ocrx_word' id='word_1_160' title='bbox 1119 1688 1264 1723; x_wconf 87' lang='lat' dir='ltr'>quoque</span> 
     </span>
    </p>
   </div>
   <div class='ocr_carea' id='block_1_9' title="bbox 258 1780 1267 2040">
    <p class='ocr_par' dir='ltr' id='par_1_12' title="bbox 258 1780 1267 2040">
     <span class='ocr_line' id='line_1_32' title="bbox 258 1780 1266 1833; baseline -0.008 -12"><span class='ocrx_word' id='word_1_161' title='bbox 258 1799 389 1833; x_wconf 85' lang='lat' dir='ltr'>genere</span> <span class='ocrx_word' id='word_1_162' title='bbox 407 1786 505 1819; x_wconf 81' lang='lat' dir='ltr'>varie</span> <span class='ocrx_word' id='word_1_163' title='bbox 524 1792 709 1826; x_wconf 85' lang='lat' dir='ltr'>texuntur,</span> <span class='ocrx_word' id='word_1_164' title='bbox 739 1783 935 1825; x_wconf 85' lang='lat' dir='ltr'>meditaris,</span> <span class='ocrx_word' id='word_1_165' title='bbox 962 1782 1066 1815; x_wconf 89' lang='lat' dir='ltr'>liceat</span> <span class='ocrx_word' id='word_1_166' title='bbox 1084 1782 1122 1815; x_wconf 87' lang='lat' dir='ltr'>in</span> <span class='ocrx_word' id='word_1_167' title='bbox 1141 1780 1266 1814; x_wconf 87' lang='lat' dir='ltr'>melio-</span> 
     </span>
     <span class='ocr_line' id='line_1_33' title="bbox 258 1834 1266 1883; baseline -0.007 -10"><span class='ocrx_word' id='word_1_168' title='bbox 258 1839 359 1873; x_wconf 86' lang='lat' dir='ltr'>ribus</span> <span class='ocrx_word' id='word_1_169' title='bbox 385 1850 533 1883; x_wconf 88' lang='lat' dir='ltr'>operam</span> <span class='ocrx_word' id='word_1_170' title='bbox 561 1849 707 1881; x_wconf 88' lang='lat' dir='ltr'>ponere.</span> <span class='ocrx_word' id='word_1_171' title='bbox 768 1837 861 1871; x_wconf 87' lang='lat' dir='ltr'>Nam</span> <span class='ocrx_word' id='word_1_172' title='bbox 891 1843 925 1870; x_wconf 87' lang='lat' dir='ltr'>et</span> <span class='ocrx_word' id='word_1_173' title='bbox 954 1834 1127 1868; x_wconf 84' lang='lat' dir='ltr'>iudicium</span> <span class='ocrx_word' id='word_1_174' title='bbox 1156 1845 1266 1877; x_wconf 90' lang='lat' dir='ltr'>copu-</span> 
     </span>
     <span class='ocr_line' id='line_1_34' title="bbox 259 1886 1266 1935; baseline -0.006 -11"><span class='ocrx_word' id='word_1_175' title='bbox 259 1891 454 1924; x_wconf 86' lang='lat' dir='ltr'>lativorum</span> <span class='ocrx_word' id='word_1_176' title='bbox 482 1891 615 1935; x_wconf 82' lang='lat' dir='ltr'>pendet</span> <span class='ocrx_word' id='word_1_177' title='bbox 639 1902 681 1923; x_wconf 88' lang='lat' dir='ltr'>ex</span> <span class='ocrx_word' id='word_1_178' title='bbox 704 1889 845 1923; x_wconf 87' lang='lat' dir='ltr'>ratione</span> <span class='ocrx_word' id='word_1_179' title='bbox 868 1886 1084 1933; x_wconf 85' lang='lat' dir='ltr'>simplicium</span> <span class='ocrx_word' id='word_1_180' title='bbox 1104 1897 1266 1931; x_wconf 89' lang='lat' dir='ltr'>pronun-</span> 
     </span>
     <span class='ocr_line' id='line_1_35' title="bbox 260 1938 1267 1986; baseline -0.005 -10"><span class='ocrx_word' id='word_1_181' title='bbox 260 1943 449 1983; x_wconf 87' lang='lat' dir='ltr'>tiatorum,</span> <span class='ocrx_word' id='word_1_182' title='bbox 471 1942 519 1975; x_wconf 88' lang='lat' dir='ltr'>ita</span> <span class='ocrx_word' id='word_1_183' title='bbox 538 1948 588 1984; x_wconf 86' lang='lat' dir='ltr'>ut,</span> <span class='ocrx_word' id='word_1_184' title='bbox 609 1948 704 1975; x_wconf 87' lang='lat' dir='ltr'>recte</span> <span class='ocrx_word' id='word_1_185' title='bbox 719 1941 861 1986; x_wconf 85' lang='lat' dir='ltr'>cognita</span> <span class='ocrx_word' id='word_1_186' title='bbox 879 1938 1096 1986; x_wconf 86' lang='lat' dir='ltr'>simplicium</span> <span class='ocrx_word' id='word_1_187' title='bbox 1113 1938 1267 1978; x_wconf 81' lang='lat' dir='ltr'>ratione,</span> 
     </span>
     <span class='ocr_line' id='line_1_36' title="bbox 262 1994 819 2040; baseline 0 -12"><span class='ocrx_word' id='word_1_188' title='bbox 262 1996 304 2028; x_wconf 93' lang='lat' dir='ltr'>de</span> <span class='ocrx_word' id='word_1_189' title='bbox 323 1995 536 2040; x_wconf 85' lang='lat' dir='ltr'>copulativis</span> <span class='ocrx_word' id='word_1_190' title='bbox 555 1994 656 2028; x_wconf 85' lang='lat' dir='ltr'>facile</span> <span class='ocrx_word' id='word_1_191' title='bbox 674 1994 819 2028; x_wconf 88' lang='lat' dir='ltr'>iudices.</span> 
     </span>
    </p>
   </div>
   <div class='ocr_carea' id='block_1_10' title="bbox 259 1081 1298 2025">
    <p class='ocr_par' dir='ltr' id='par_1_13' title="bbox 259 1081 1298 2025">
     <span class='ocr_line' id='line_1_37' title="bbox 1292 1081 1294 1095; baseline 0 0"><span class='ocrx_word' id='word_1_192' title='bbox 1292 1081 1294 1095; x_wconf 68' lang='grc' dir='ltr'>ι</span> 
     </span>
     <span class='ocr_line' id='line_1_38' title="bbox 1292 1098 1295 1180; baseline 0 0"><span class='ocrx_word' id='word_1_193' title='bbox 1292 1098 1295 1180; x_wconf 72' lang='grc' dir='ltr'>ἔ</span> 
     </span>
     <span class='ocr_line' id='line_1_39' title="bbox 1292 1195 1295 1220; baseline 0 0"><span class='ocrx_word' id='word_1_194' title='bbox 1292 1195 1295 1220; x_wconf 81' lang='lat' dir='ltr'>l</span> 
     </span>
     <span class='ocr_line' id='line_1_40' title="bbox 259 1726 1298 2025; baseline -0.009 -256"><span class='ocrx_word' id='word_1_195' title='bbox 259 1735 448 1780; x_wconf 82' lang='lat' dir='ltr'>relinquO,</span> <span class='ocrx_word' id='word_1_196' title='bbox 485 1734 583 1780; x_wconf 92' lang='lat' dir='ltr'>quod</span> <span class='ocrx_word' id='word_1_197' title='bbox 615 1733 760 1767; x_wconf 86' lang='lat' dir='ltr'>interim</span> <span class='ocrx_word' id='word_1_198' title='bbox 791 1732 969 1776; x_wconf 84' lang='lat' dir='ltr'>argutias,</span> <span class='ocrx_word' id='word_1_199' title='bbox 1011 1742 1103 1776; x_wconf 88' lang='lat' dir='ltr'>quae</span> <span class='ocrx_word' id='word_1_200' title='bbox 1131 1741 1172 1762; x_wconf 81' lang='lat' dir='ltr'>ex</span> <span class='ocrx_word' id='word_1_201' title='bbox 1196 1726 1298 2025; x_wconf 53' lang='lat' dir='ltr'>hoc!</span> 
     </span>
    </p>
   </div>
   <div class='ocr_carea' id='block_1_11' title="bbox 1319 92 2330 132">
    <p class='ocr_par' dir='ltr' id='par_1_14' title="bbox 1319 92 2330 132">
     <span class='ocr_line' id='line_1_41' title="bbox 1319 92 2330 132; baseline 0.005 -5"><span class='ocrx_word' id='word_1_202' title='bbox 1319 93 1451 128; x_wconf 81' lang='lat' dir='ltr'>VARu</span> <span class='ocrx_word' id='word_1_203' title='bbox 1475 92 1787 129; x_wconf 76' lang='lat' dir='ltr'><strong>ARGUMENTI.</strong></span> <span class='ocrx_word' id='word_1_204' title='bbox 2252 95 2330 132; x_wconf 79' lang='lat'>764</span> 
     </span>
    </p>
   </div>
   <div class='ocr_carea' id='block_1_12' title="bbox 1421 180 2196 537">
    <p class='ocr_par' dir='ltr' id='par_1_15' title="bbox 1421 180 2196 537">
     <span class='ocr_line' id='line_1_42' title="bbox 1421 180 2196 225; baseline 0 -11"><span class='ocrx_word' id='word_1_205' title='bbox 1421 180 1474 214; x_wconf 84' lang='lat' dir='ltr'>Ex</span> <span class='ocrx_word' id='word_1_206' title='bbox 1491 180 1708 215; x_wconf 83' lang='lat' dir='ltr'>disiunctivo</span> <span class='ocrx_word' id='word_1_207' title='bbox 1726 181 1857 215; x_wconf 86' lang='lat' dir='ltr'>rectius</span> <span class='ocrx_word' id='word_1_208' title='bbox 1876 187 2196 225; x_wconf 78' lang='lat' dir='ltr'>argumentamur:</span> 
     </span>
     <span class='ocr_line' id='line_1_43' title="bbox 1528 239 2076 279; baseline 0.002 -6"><span class='ocrx_word' id='word_1_209' title='bbox 1528 242 1603 274; x_wconf 88' lang='lat' dir='ltr'>Aut</span> <span class='ocrx_word' id='word_1_210' title='bbox 1619 239 1731 275; x_wconf 85' lang='lat' dir='ltr'>homo</span> <span class='ocrx_word' id='word_1_211' title='bbox 1750 247 1819 277; x_wconf 85' lang='lat' dir='ltr'>est,</span> <span class='ocrx_word' id='word_1_212' title='bbox 1847 247 1910 274; x_wconf 87' lang='lat' dir='ltr'>aut</span> <span class='ocrx_word' id='word_1_213' title='bbox 1929 241 1994 274; x_wconf 93' lang='lat' dir='ltr'>bos</span> <span class='ocrx_word' id='word_1_214' title='bbox 2013 246 2076 279; x_wconf 78' lang='lat' dir='ltr'>est,</span> 
     </span>
     <span class='ocr_line' id='line_1_44' title="bbox 1527 284 1898 329; baseline 0.008 -10"><span class='ocrx_word' id='word_1_215' title='bbox 1527 286 1597 320; x_wconf 88' lang='lat' dir='ltr'>Sed</span> <span class='ocrx_word' id='word_1_216' title='bbox 1615 284 1726 320; x_wconf 88' lang='lat' dir='ltr'>homo</span> <span class='ocrx_word' id='word_1_217' title='bbox 1745 300 1818 321; x_wconf 90' lang='lat' dir='ltr'>non</span> <span class='ocrx_word' id='word_1_218' title='bbox 1837 295 1898 329; x_wconf 83' lang='lat' dir='ltr'>est,</span> 
     </span>
     <span class='ocr_line' id='line_1_45' title="bbox 1526 337 1804 382; baseline 0.011 -12"><span class='ocrx_word' id='word_1_219' title='bbox 1526 337 1638 382; x_wconf 89' lang='lat' dir='ltr'>lgitur</span> <span class='ocrx_word' id='word_1_220' title='bbox 1657 339 1722 373; x_wconf 88' lang='lat' dir='ltr'>bos</span> <span class='ocrx_word' id='word_1_221' title='bbox 1742 345 1804 373; x_wconf 87' lang='lat' dir='ltr'>est.</span> 
     </span>
     <span class='ocr_line' id='line_1_46' title="bbox 1525 387 2004 432; baseline 0.006 -10"><span class='ocrx_word' id='word_1_222' title='bbox 1525 390 1599 423; x_wconf 86' lang='lat' dir='ltr'>Aut</span> <span class='ocrx_word' id='word_1_223' title='bbox 1616 387 1727 423; x_wconf 89' lang='lat' dir='ltr'>homo</span> <span class='ocrx_word' id='word_1_224' title='bbox 1747 397 1799 425; x_wconf 89' lang='lat' dir='ltr'>est</span> <span class='ocrx_word' id='word_1_225' title='bbox 1811 419 1819 431; x_wconf 93' lang='lat'><strong>‚</strong></span> <span class='ocrx_word' id='word_1_226' title='bbox 1848 398 1910 425; x_wconf 86' lang='lat' dir='ltr'>aut</span> <span class='ocrx_word' id='word_1_227' title='bbox 1927 392 2004 432; x_wconf 89' lang='lat' dir='ltr'>bos,</span> 
     </span>
     <span class='ocr_line' id='line_1_47' title="bbox 1527 441 1758 484; baseline 0.009 -10"><span class='ocrx_word' id='word_1_228' title='bbox 1527 441 1594 474; x_wconf 89' lang='lat' dir='ltr'>Sed</span> <span class='ocrx_word' id='word_1_229' title='bbox 1613 443 1678 476; x_wconf 93' lang='lat' dir='ltr'>bos</span> <span class='ocrx_word' id='word_1_230' title='bbox 1696 449 1758 484; x_wconf 84' lang='lat' dir='ltr'>est,</span> 
     </span>
     <span class='ocr_line' id='line_1_48' title="bbox 1527 492 1879 537; baseline 0.003 -11"><span class='ocrx_word' id='word_1_231' title='bbox 1527 493 1610 527; x_wconf 89' lang='lat' dir='ltr'>Non</span> <span class='ocrx_word' id='word_1_232' title='bbox 1627 493 1736 537; x_wconf 86' lang='lat' dir='ltr'>igitur</span> <span class='ocrx_word' id='word_1_233' title='bbox 1755 492 1879 528; x_wconf 89' lang='lat' dir='ltr'>homo.</span> 
     </span>
    </p>
   </div>
   <div class='ocr_carea' id='block_1_13' title="bbox 1319 550 2325 652">
    <p class='ocr_par' dir='ltr' id='par_1_16' title="bbox 1319 550 2325 652">
     <span class='ocr_line' id='line_1_49' title="bbox 1421 550 2325 596; baseline 0.004 -11"><span class='ocrx_word' id='word_1_234' title='bbox 1421 550 1461 585; x_wconf 90' lang='lat' dir='ltr'>ln</span> <span class='ocrx_word' id='word_1_235' title='bbox 1477 553 1595 586; x_wconf 85' lang='lat' dir='ltr'>forma</span> <span class='ocrx_word' id='word_1_236' title='bbox 1612 553 1926 596; x_wconf 85' lang='lat' dir='ltr'>disiunctivorum,</span> <span class='ocrx_word' id='word_1_237' title='bbox 1946 566 2088 589; x_wconf 89' lang='lat' dir='ltr'>necesse</span> <span class='ocrx_word' id='word_1_238' title='bbox 2105 561 2157 589; x_wconf 89' lang='lat' dir='ltr'>est</span> <span class='ocrx_word' id='word_1_239' title='bbox 2173 555 2325 590; x_wconf 88' lang='lat' dir='ltr'>alteram</span> 
     </span>
     <span class='ocr_line' id='line_1_50' title="bbox 1319 605 2258 652; baseline 0.004 -16"><span class='ocrx_word' id='word_1_240' title='bbox 1319 609 1458 648; x_wconf 89' lang='lat' dir='ltr'>partem</span> <span class='ocrx_word' id='word_1_241' title='bbox 1479 605 1708 639; x_wconf 89' lang='lat' dir='ltr'>conclusione</span> <span class='ocrx_word' id='word_1_242' title='bbox 1729 605 1866 650; x_wconf 85' lang='lat' dir='ltr'>colligi,</span> <span class='ocrx_word' id='word_1_243' title='bbox 1894 606 2043 639; x_wconf 88' lang='lat' dir='ltr'>alteram</span> <span class='ocrx_word' id='word_1_244' title='bbox 2059 606 2258 652; x_wconf 85' lang='lat' dir='ltr'>repudiari.</span> 
     </span>
    </p>
   </div>
   <div class='ocr_carea' id='block_1_14' title="bbox 1319 663 2326 815">
    <p class='ocr_par' dir='ltr' id='par_1_17' title="bbox 1319 663 2326 815">
     <span class='ocr_line' id='line_1_51' title="bbox 1421 663 2325 713; baseline 0.003 -15"><span class='ocrx_word' id='word_1_245' title='bbox 1421 663 1475 698; x_wconf 83' lang='lat' dir='ltr'>Ex</span> <span class='ocrx_word' id='word_1_246' title='bbox 1502 666 1758 707; x_wconf 77' lang='lat' dir='ltr'>conditionali,</span> <span class='ocrx_word' id='word_1_247' title='bbox 1787 667 1884 712; x_wconf 91' lang='lat' dir='ltr'>quod</span> <span class='ocrx_word' id='word_1_248' title='bbox 1911 678 2025 700; x_wconf 86' lang='lat' dir='ltr'>unum</span> <span class='ocrx_word' id='word_1_249' title='bbox 2052 667 2242 701; x_wconf 91' lang='lat' dir='ltr'>commode</span> <span class='ocrx_word' id='word_1_250' title='bbox 2259 665 2325 713; x_wconf 87' lang='lat' dir='ltr'>hy-</span> 
     </span>
     <span class='ocr_line' id='line_1_52' title="bbox 1319 714 2326 815; baseline 0.003 -66"><span class='ocrx_word' id='word_1_251' title='bbox 1319 714 1529 815; x_wconf 46' lang='lat' dir='ltr'>pothetilsspf</span> <span class='ocrx_word' id='word_1_252' title='bbox 1555 717 1729 763; x_wconf 82' lang='lat' dir='ltr'>adpellari</span> <span class='ocrx_word' id='word_1_253' title='bbox 1748 724 1884 763; x_wconf 85' lang='lat' dir='ltr'>potest,</span> <span class='ocrx_word' id='word_1_254' title='bbox 1912 719 2120 764; x_wconf 86' lang='lat' dir='ltr'>frequenter</span> <span class='ocrx_word' id='word_1_255' title='bbox 2137 731 2326 764; x_wconf 85' lang='lat' dir='ltr'>argumen-</span> 
     </span>
     <span class='ocr_line' id='line_1_53' title="bbox 1319 774 1529 802; baseline -0.005 0"><span class='ocrx_word' id='word_1_256' title='bbox 1319 774 1439 802; x_wconf 88' lang='lat' dir='ltr'>tamur</span> <span class='ocrx_word' id='word_1_257' title='bbox 1524 782 1529 801; x_wconf 91' lang='grc'>;</span> 
     </span>
    </p>
   </div>
   <div class='ocr_carea' id='block_1_15' title="bbox 1320 828 2326 1872">
    <p class='ocr_par' dir='ltr' id='par_1_18' title="bbox 1530 828 2030 872">
     <span class='ocr_line' id='line_1_54' title="bbox 1530 828 2030 872; baseline 0.006 -10"><span class='ocrx_word' id='word_1_258' title='bbox 1530 830 1567 863; x_wconf 88' lang='lat' dir='ltr'>Si</span> <span class='ocrx_word' id='word_1_259' title='bbox 1586 828 1696 863; x_wconf 82' lang='lat' dir='ltr'>homo</span> <span class='ocrx_word' id='word_1_260' title='bbox 1715 836 1786 870; x_wconf 84' lang='lat' dir='ltr'>est,</span> <span class='ocrx_word' id='word_1_261' title='bbox 1814 831 1949 864; x_wconf 86' lang='lat' dir='ltr'>animal</span> <span class='ocrx_word' id='word_1_262' title='bbox 1967 837 2030 872; x_wconf 86' lang='lat' dir='ltr'>est,</span> 
     </span>
    </p>

    <p class='ocr_par' dir='ltr' id='par_1_19' title="bbox 1530 880 1812 923">
     <span class='ocr_line' id='line_1_55' title="bbox 1530 880 1812 923; baseline 0 -8"><span class='ocrx_word' id='word_1_263' title='bbox 1530 882 1598 915; x_wconf 87' lang='lat' dir='ltr'>Sed</span> <span class='ocrx_word' id='word_1_264' title='bbox 1618 880 1729 915; x_wconf 86' lang='lat' dir='ltr'>homo</span> <span class='ocrx_word' id='word_1_265' title='bbox 1748 889 1812 923; x_wconf 87' lang='lat' dir='ltr'>est,</span> 
     </span>
    </p>

    <p class='ocr_par' dir='ltr' id='par_1_20' title="bbox 1530 933 1874 978">
     <span class='ocr_line' id='line_1_56' title="bbox 1530 933 1874 978; baseline 0.003 -11"><span class='ocrx_word' id='word_1_266' title='bbox 1530 933 1643 978; x_wconf 85' lang='lat' dir='ltr'>Igitur</span> <span class='ocrx_word' id='word_1_267' title='bbox 1659 934 1795 967; x_wconf 89' lang='lat' dir='ltr'>animal</span> <span class='ocrx_word' id='word_1_268' title='bbox 1812 940 1874 968; x_wconf 89' lang='lat' dir='ltr'>est.</span> 
     </span>
    </p>

    <p class='ocr_par' dir='ltr' id='par_1_21' title="bbox 1530 984 2030 1027">
     <span class='ocr_line' id='line_1_57' title="bbox 1530 984 2030 1027; baseline 0 -7"><span class='ocrx_word' id='word_1_269' title='bbox 1530 986 1568 1020; x_wconf 90' lang='lat' dir='ltr'>Si</span> <span class='ocrx_word' id='word_1_270' title='bbox 1586 984 1696 1020; x_wconf 84' lang='lat' dir='ltr'>homo</span> <span class='ocrx_word' id='word_1_271' title='bbox 1714 993 1785 1027; x_wconf 86' lang='lat' dir='ltr'>est,</span> <span class='ocrx_word' id='word_1_272' title='bbox 1813 986 1948 1019; x_wconf 90' lang='lat' dir='ltr'>animal</span> <span class='ocrx_word' id='word_1_273' title='bbox 1966 992 2030 1026; x_wconf 88' lang='lat' dir='ltr'>est,</span> 
     </span>
    </p>

    <p class='ocr_par' dir='ltr' id='par_1_22' title="bbox 1531 1038 1928 1079">
     <span class='ocr_line' id='line_1_58' title="bbox 1531 1038 1928 1079; baseline 0.005 -8"><span class='ocrx_word' id='word_1_274' title='bbox 1531 1038 1601 1072; x_wconf 91' lang='lat' dir='ltr'>Sed</span> <span class='ocrx_word' id='word_1_275' title='bbox 1619 1038 1754 1071; x_wconf 86' lang='lat' dir='ltr'>animal</span> <span class='ocrx_word' id='word_1_276' title='bbox 1773 1050 1848 1072; x_wconf 89' lang='lat' dir='ltr'>non</span> <span class='ocrx_word' id='word_1_277' title='bbox 1865 1045 1928 1079; x_wconf 86' lang='lat' dir='ltr'>est,</span> 
     </span>
    </p>

    <p class='ocr_par' dir='ltr' id='par_1_23' title="bbox 1530 1089 1951 1134">
     <span class='ocr_line' id='line_1_59' title="bbox 1530 1089 1951 1134; baseline 0.002 -11"><span class='ocrx_word' id='word_1_278' title='bbox 1530 1089 1643 1134; x_wconf 85' lang='lat' dir='ltr'>Igitur</span> <span class='ocrx_word' id='word_1_279' title='bbox 1660 1089 1771 1124; x_wconf 92' lang='lat' dir='ltr'>homo</span> <span class='ocrx_word' id='word_1_280' title='bbox 1794 1103 1870 1124; x_wconf 89' lang='lat' dir='ltr'>non</span> <span class='ocrx_word' id='word_1_281' title='bbox 1887 1097 1951 1125; x_wconf 86' lang='lat' dir='ltr'>est.</span> 
     </span>
    </p>

    <p class='ocr_par' dir='ltr' id='par_1_24' title="bbox 1532 1142 2079 1188">
     <span class='ocr_line' id='line_1_60' title="bbox 1532 1142 2079 1188; baseline 0 -12"><span class='ocrx_word' id='word_1_282' title='bbox 1532 1142 1568 1176; x_wconf 86' lang='lat' dir='ltr'>Si</span> <span class='ocrx_word' id='word_1_283' title='bbox 1585 1154 1692 1177; x_wconf 89' lang='lat' dir='ltr'>sanus</span> <span class='ocrx_word' id='word_1_284' title='bbox 1710 1149 1781 1184; x_wconf 89' lang='lat' dir='ltr'>est,</span> <span class='ocrx_word' id='word_1_285' title='bbox 1808 1155 1883 1177; x_wconf 88' lang='lat' dir='ltr'>non</span> <span class='ocrx_word' id='word_1_286' title='bbox 1904 1148 2079 1188; x_wconf 85' lang='lat' dir='ltr'>aegrotat,</span> 
     </span>
    </p>

    <p class='ocr_par' dir='ltr' id='par_1_25' title="bbox 1531 1194 1912 1241">
     <span class='ocr_line' id='line_1_61' title="bbox 1531 1194 1912 1241; baseline 0.003 -13"><span class='ocrx_word' id='word_1_287' title='bbox 1531 1194 1600 1228; x_wconf 90' lang='lat' dir='ltr'>Sed</span> <span class='ocrx_word' id='word_1_288' title='bbox 1619 1202 1801 1240; x_wconf 85' lang='lat' dir='ltr'>aegrotat,</span> <span class='ocrx_word' id='word_1_289' title='bbox 1829 1208 1912 1241; x_wconf 86' lang='lat' dir='ltr'>ergo</span> 
     </span>
    </p>

    <p class='ocr_par' dir='ltr' id='par_1_26' title="bbox 1531 1247 1821 1283">
     <span class='ocr_line' id='line_1_62' title="bbox 1531 1247 1821 1283; baseline 0.01 -3"><span class='ocrx_word' id='word_1_290' title='bbox 1531 1247 1614 1281; x_wconf 73' lang='lat' dir='ltr'>Non</span> <span class='ocrx_word' id='word_1_291' title='bbox 1635 1254 1686 1282; x_wconf 89' lang='lat' dir='ltr'>est</span> <span class='ocrx_word' id='word_1_292' title='bbox 1701 1260 1821 1283; x_wconf 88' lang='lat' dir='ltr'>sanus.</span> 
     </span>
    </p>

    <p class='ocr_par' dir='ltr' id='par_1_27' title="bbox 1426 1304 2325 1354">
     <span class='ocr_line' id='line_1_63' title="bbox 1426 1304 2325 1354; baseline -0.002 -15"><span class='ocrx_word' id='word_1_293' title='bbox 1426 1305 1599 1341; x_wconf 86' lang='lat' dir='ltr'>ludicium</span> <span class='ocrx_word' id='word_1_294' title='bbox 1638 1305 1769 1341; x_wconf 89' lang='lat' dir='ltr'>horum</span> <span class='ocrx_word' id='word_1_295' title='bbox 1805 1307 2098 1354; x_wconf 78' lang='lat' dir='ltr'>syllogismorum</span> <span class='ocrx_word' id='word_1_296' title='bbox 2127 1318 2145 1340; x_wconf 89' lang='lat' dir='ltr'>e</span> <span class='ocrx_word' id='word_1_297' title='bbox 2174 1304 2325 1339; x_wconf 86' lang='lat' dir='ltr'>materia</span> 
     </span>
    </p>

    <p class='ocr_par' dir='ltr' id='par_1_28' title="bbox 1320 1360 2326 1872">
     <span class='ocr_line' id='line_1_64' title="bbox 1322 1360 2326 1405; baseline -0.001 -14"><span class='ocrx_word' id='word_1_298' title='bbox 1322 1364 1418 1403; x_wconf 86' lang='lat' dir='ltr'>petes</span> <span class='ocrx_word' id='word_1_299' title='bbox 1430 1385 1440 1399; x_wconf 86' lang='lat'>,</span> <span class='ocrx_word' id='word_1_300' title='bbox 1466 1372 1542 1392; x_wconf 88' lang='lat' dir='ltr'>non</span> <span class='ocrx_word' id='word_1_301' title='bbox 1560 1372 1577 1392; x_wconf 88' lang='lat' dir='ltr'>e</span> <span class='ocrx_word' id='word_1_302' title='bbox 1594 1360 1710 1392; x_wconf 80' lang='lat' dir='ltr'>forma</span> <span class='ocrx_word' id='word_1_303' title='bbox 1722 1387 1731 1399; x_wconf 88' lang='lat'>,</span> <span class='ocrx_word' id='word_1_304' title='bbox 1759 1360 2020 1405; x_wconf 84' lang='lat' dir='ltr'>spectabisque,</span> <span class='ocrx_word' id='word_1_305' title='bbox 2048 1364 2226 1405; x_wconf 85' lang='lat' dir='ltr'>quatenus</span> <span class='ocrx_word' id='word_1_306' title='bbox 2243 1368 2326 1390; x_wconf 90' lang='lat' dir='ltr'>con-</span> 
     </span>
     <span class='ocr_line' id='line_1_65' title="bbox 1321 1410 2324 1456; baseline -0.001 -14"><span class='ocrx_word' id='word_1_307' title='bbox 1321 1410 1445 1443; x_wconf 83' lang='lat' dir='ltr'>veniat</span> <span class='ocrx_word' id='word_1_308' title='bbox 1469 1411 1631 1455; x_wconf 83' lang='lat' dir='ltr'>partibus</span> <span class='ocrx_word' id='word_1_309' title='bbox 1656 1412 1764 1456; x_wconf 89' lang='lat' dir='ltr'>primi</span> <span class='ocrx_word' id='word_1_310' title='bbox 1791 1411 2017 1456; x_wconf 85' lang='lat' dir='ltr'>pronuntiati</span> <span class='ocrx_word' id='word_1_311' title='bbox 2043 1412 2138 1444; x_wconf 88' lang='lat' dir='ltr'>inter</span> <span class='ocrx_word' id='word_1_312' title='bbox 2155 1422 2210 1450; x_wconf 85' lang='lat' dir='ltr'>se,</span> <span class='ocrx_word' id='word_1_313' title='bbox 2237 1421 2324 1442; x_wconf 90' lang='lat' dir='ltr'>num</span> 
     </span>
     <span class='ocr_line' id='line_1_66' title="bbox 1321 1462 2325 1506; baseline 0 -12"><span class='ocrx_word' id='word_1_314' title='bbox 1321 1462 1432 1495; x_wconf 84' lang='lat' dir='ltr'>altera</span> <span class='ocrx_word' id='word_1_315' title='bbox 1458 1463 1604 1497; x_wconf 88' lang='lat' dir='ltr'>alterius</span> <span class='ocrx_word' id='word_1_316' title='bbox 1628 1464 1671 1497; x_wconf 86' lang='lat' dir='ltr'>sit</span> <span class='ocrx_word' id='word_1_317' title='bbox 1697 1475 1839 1503; x_wconf 80' lang='lat' dir='ltr'>caussa,</span> <span class='ocrx_word' id='word_1_318' title='bbox 1869 1470 1930 1497; x_wconf 90' lang='lat' dir='ltr'>aut</span> <span class='ocrx_word' id='word_1_319' title='bbox 1956 1463 2119 1503; x_wconf 84' lang='lat' dir='ltr'>effectus,</span> <span class='ocrx_word' id='word_1_320' title='bbox 2149 1474 2236 1496; x_wconf 89' lang='lat' dir='ltr'>num</span> <span class='ocrx_word' id='word_1_321' title='bbox 2260 1473 2325 1506; x_wconf 84' lang='lat' dir='ltr'>pu·</span> 
     </span>
     <span class='ocr_line' id='line_1_67' title="bbox 1321 1513 2325 1559; baseline -0.001 -13"><span class='ocrx_word' id='word_1_322' title='bbox 1321 1520 1450 1557; x_wconf 83' lang='lat' dir='ltr'>guent,</span> <span class='ocrx_word' id='word_1_323' title='bbox 1486 1526 1571 1547; x_wconf 87' lang='lat' dir='ltr'>num</span> <span class='ocrx_word' id='word_1_324' title='bbox 1607 1528 1624 1547; x_wconf 87' lang='lat' dir='ltr'>a</span> <span class='ocrx_word' id='word_1_325' title='bbox 1658 1527 1787 1559; x_wconf 80' lang='lat' dir='ltr'>genere</span> <span class='ocrx_word' id='word_1_326' title='bbox 1815 1517 1860 1548; x_wconf 89' lang='lat' dir='ltr'>ad</span> <span class='ocrx_word' id='word_1_327' title='bbox 1884 1515 2060 1559; x_wconf 89' lang='lat' dir='ltr'>speciem,</span> <span class='ocrx_word' id='word_1_328' title='bbox 2097 1526 2117 1547; x_wconf 87' lang='lat' dir='ltr'>a</span> <span class='ocrx_word' id='word_1_329' title='bbox 2141 1514 2257 1559; x_wconf 89' lang='lat' dir='ltr'>specie</span> <span class='ocrx_word' id='word_1_330' title='bbox 2280 1513 2325 1546; x_wconf 81' lang='lat' dir='ltr'>ad</span> 
     </span>
     <span class='ocr_line' id='line_1_68' title="bbox 1321 1564 2325 1612; baseline 0 -14"><span class='ocrx_word' id='word_1_331' title='bbox 1321 1577 1430 1609; x_wconf 85' lang='lat' dir='ltr'>genus</span> <span class='ocrx_word' id='word_1_332' title='bbox 1457 1564 1622 1600; x_wconf 82' lang='lat' dir='ltr'>trahatur</span> <span class='ocrx_word' id='word_1_333' title='bbox 1647 1574 1913 1611; x_wconf 85' lang='lat' dir='ltr'>argumentum.</span> <span class='ocrx_word' id='word_1_334' title='bbox 1966 1565 2007 1599; x_wconf 89' lang='lat' dir='ltr'>In</span> <span class='ocrx_word' id='word_1_335' title='bbox 2031 1566 2160 1612; x_wconf 86' lang='lat' dir='ltr'>quibus</span> <span class='ocrx_word' id='word_1_336' title='bbox 2184 1565 2325 1610; x_wconf 85' lang='lat' dir='ltr'>regulas</span> 
     </span>
     <span class='ocr_line' id='line_1_69' title="bbox 1320 1617 2325 1664; baseline 0.001 -15"><span class='ocrx_word' id='word_1_337' title='bbox 1320 1617 1482 1650; x_wconf 83' lang='lat' dir='ltr'>locorum</span> <span class='ocrx_word' id='word_1_338' title='bbox 1511 1618 1739 1659; x_wconf 68' lang='lat' dir='ltr'>observabis,</span> <span class='ocrx_word' id='word_1_339' title='bbox 1766 1626 1807 1653; x_wconf 90' lang='lat' dir='ltr'>ut</span> <span class='ocrx_word' id='word_1_340' title='bbox 1826 1619 2066 1664; x_wconf 86' lang='lat' dir='ltr'>pugnantium</span> <span class='ocrx_word' id='word_1_341' title='bbox 2092 1618 2245 1652; x_wconf 87' lang='lat' dir='ltr'>alterum</span> <span class='ocrx_word' id='word_1_342' title='bbox 2263 1617 2325 1650; x_wconf 88' lang='lat' dir='ltr'>ad-</span> 
     </span>
     <span class='ocr_line' id='line_1_70' title="bbox 1320 1669 2324 1716; baseline 0.001 -15"><span class='ocrx_word' id='word_1_343' title='bbox 1320 1670 1439 1703; x_wconf 84' lang='lat' dir='ltr'>firmes</span> <span class='ocrx_word' id='word_1_344' title='bbox 1451 1697 1460 1710; x_wconf 93' lang='lat'>,</span> <span class='ocrx_word' id='word_1_345' title='bbox 1489 1669 1641 1703; x_wconf 86' lang='lat' dir='ltr'>alterum</span> <span class='ocrx_word' id='word_1_346' title='bbox 1660 1683 1786 1715; x_wconf 83' lang='lat' dir='ltr'>neges,</span> <span class='ocrx_word' id='word_1_347' title='bbox 1814 1677 1854 1704; x_wconf 92' lang='lat' dir='ltr'>ut</span> <span class='ocrx_word' id='word_1_348' title='bbox 1872 1683 1913 1704; x_wconf 78' lang='lat' dir='ltr'>ex</span> <span class='ocrx_word' id='word_1_349' title='bbox 1929 1683 2051 1705; x_wconf 86' lang='lat' dir='ltr'>caussa</span> <span class='ocrx_word' id='word_1_350' title='bbox 2074 1670 2222 1716; x_wconf 84' lang='lat' dir='ltr'>propria</span> <span class='ocrx_word' id='word_1_351' title='bbox 2240 1681 2324 1714; x_wconf 94' lang='lat' dir='ltr'>pro-</span> 
     </span>
     <span class='ocr_line' id='line_1_71' title="bbox 1321 1721 2323 1768; baseline 0.001 -15"><span class='ocrx_word' id='word_1_352' title='bbox 1321 1721 1438 1765; x_wconf 83' lang='lat' dir='ltr'>prium</span> <span class='ocrx_word' id='word_1_353' title='bbox 1480 1722 1644 1756; x_wconf 79' lang='lat' dir='ltr'>effectum</span> <span class='ocrx_word' id='word_1_354' title='bbox 1657 1750 1665 1763; x_wconf 95' lang='lat'>,</span> <span class='ocrx_word' id='word_1_355' title='bbox 1709 1735 1750 1756; x_wconf 81' lang='lat' dir='ltr'>ex</span> <span class='ocrx_word' id='word_1_356' title='bbox 1786 1723 1936 1768; x_wconf 87' lang='lat' dir='ltr'>proprio</span> <span class='ocrx_word' id='word_1_357' title='bbox 1972 1722 2100 1756; x_wconf 84' lang='lat' dir='ltr'>effectu</span> <span class='ocrx_word' id='word_1_358' title='bbox 2135 1721 2323 1767; x_wconf 85' lang='lat' dir='ltr'>propriam</span> 
     </span>
     <span class='ocr_line' id='line_1_72' title="bbox 1320 1773 2323 1820; baseline 0.002 -15"><span class='ocrx_word' id='word_1_359' title='bbox 1320 1785 1479 1807; x_wconf 84' lang='lat' dir='ltr'>caussam</span> <span class='ocrx_word' id='word_1_360' title='bbox 1498 1774 1655 1818; x_wconf 86' lang='lat' dir='ltr'>colligas,</span> <span class='ocrx_word' id='word_1_361' title='bbox 1680 1781 1719 1808; x_wconf 89' lang='lat' dir='ltr'>ut</span> <span class='ocrx_word' id='word_1_362' title='bbox 1735 1787 1752 1807; x_wconf 92' lang='lat' dir='ltr'>a</span> <span class='ocrx_word' id='word_1_363' title='bbox 1772 1775 1888 1820; x_wconf 89' lang='lat' dir='ltr'>specie</span> <span class='ocrx_word' id='word_1_364' title='bbox 1907 1775 1951 1809; x_wconf 88' lang='lat' dir='ltr'>ad</span> <span class='ocrx_word' id='word_1_365' title='bbox 1969 1787 2079 1820; x_wconf 88' lang='lat' dir='ltr'>genus</span> <span class='ocrx_word' id='word_1_366' title='bbox 2095 1773 2323 1813; x_wconf 86' lang='lat' dir='ltr'>affirmative,</span> 
     </span>
     <span class='ocr_line' id='line_1_73' title="bbox 1320 1826 2191 1872; baseline 0.005 -15"><span class='ocrx_word' id='word_1_367' title='bbox 1320 1837 1338 1857; x_wconf 87' lang='lat' dir='ltr'>a</span> <span class='ocrx_word' id='word_1_368' title='bbox 1357 1837 1487 1869; x_wconf 86' lang='lat' dir='ltr'>genere</span> <span class='ocrx_word' id='word_1_369' title='bbox 1506 1827 1550 1859; x_wconf 91' lang='lat' dir='ltr'>ad</span> <span class='ocrx_word' id='word_1_370' title='bbox 1566 1827 1719 1871; x_wconf 89' lang='lat' dir='ltr'>speciem</span> <span class='ocrx_word' id='word_1_371' title='bbox 1736 1827 1901 1872; x_wconf 87' lang='lat' dir='ltr'>negative</span> <span class='ocrx_word' id='word_1_372' title='bbox 1919 1826 2191 1872; x_wconf 86' lang='lat' dir='ltr'>argumenteris.</span> 
     </span>
    </p>
   </div>
   <div class='ocr_carea' id='block_1_16' title="bbox 1415 1915 1539 1920">
    <p class='ocr_par' dir='ltr' id='par_1_29' title="bbox 1415 1915 1539 1920">
     <span class='ocr_line' id='line_1_74' title="bbox 1415 1915 1539 1920; baseline 0 0"><span class='ocrx_word' id='word_1_373' title='bbox 1415 1915 1539 1920; x_wconf 95' lang='lat' dir='ltr'> </span> 
     </span>
    </p>
   </div>
   <div class='ocr_carea' id='block_1_17' title="bbox 1356 1970 2321 2037">
    <p class='ocr_par' dir='ltr' id='par_1_30' title="bbox 1356 1970 2321 2037">
     <span class='ocr_line' id='line_1_75' title="bbox 1356 1970 2321 2011; baseline 0.001 -15"><span class='ocrx_word' id='word_1_374' title='bbox 1356 1970 1420 2011; x_wconf 73' lang='lat'>100)</span> <span class='ocrx_word' id='word_1_375' title='bbox 1440 1972 1541 1996; x_wconf 75' lang='lat' dir='ltr'>Annot.</span> <span class='ocrx_word' id='word_1_376' title='bbox 1555 1978 1659 2003; x_wconf 84' lang='lat' dir='ltr'>marg.:</span> <span class='ocrx_word' id='word_1_377' title='bbox 1685 1972 1876 2004; x_wconf 65' lang='lat' dir='ltr'>Syllogi‘smus</span> <span class='ocrx_word' id='word_1_378' title='bbox 1894 1971 2092 2004; x_wconf 74' lang='lat' dir='ltr'>hypotheticus</span> <span class='ocrx_word' id='word_1_379' title='bbox 2107 1972 2240 1998; x_wconf 75' lang='lat' dir='ltr'>materiae</span> <span class='ocrx_word' id='word_1_380' title='bbox 2252 1978 2321 2005; x_wconf 81' lang='lat' dir='ltr'>gra-</span> 
     </span>
     <span class='ocr_line' id='line_1_76' title="bbox 1389 2007 1741 2037; baseline 0.003 -7"><span class='ocrx_word' id='word_1_381' title='bbox 1389 2008 1438 2037; x_wconf 79' lang='lat' dir='ltr'>tia,</span> <span class='ocrx_word' id='word_1_382' title='bbox 1458 2013 1513 2031; x_wconf 86' lang='lat' dir='ltr'>nou</span> <span class='ocrx_word' id='word_1_383' title='bbox 1531 2007 1638 2032; x_wconf 82' lang='lat' dir='ltr'>formae</span> <span class='ocrx_word' id='word_1_384' title='bbox 1657 2007 1741 2031; x_wconf 80' lang='lat' dir='ltr'>valet.</span> 
     </span>
    </p>
   </div>
  </div>
 </body>
</html>
