2389 3037
99 122 175 158 697
694 118 738 153 V.
794 118 859 151 DE
889 117 1029 152 LOCIS
1059 117 1388 153 COMMUMBUS
1416 119 1581 156 RATIO.
2103 128 2179 164 698

99 221 167 254 pus
186 209 229 240 de
248 206 466 252 prodigiosis
485 207 637 240 deorum
660 205 833 246 cultibus,
863 218 903 239 ac
925 206 969 240 de
997 205 1114 239 diver·
1170 205 1250 239 sim.
1305 205 1515 240 Notandum
1534 205 1703 249 adhaec,
1732 209 1761 243 si
1784 210 1871 255 quid
1896 212 2036 257 uspiam
2062 215 2105 247 de
2127 215 2180 249 iu-

101 272 221 294 sarum
243 259 405 303 gentium
427 259 577 292 diversis
605 258 832 292 ceremoniis.
886 257 950 292 Est
978 255 1114 291 adhaec
1169 257 1265 291 stitia
1284 257 1424 302 insigne
1442 259 1610 293 dixerunt
1627 267 1775 305 poetae,
1813 262 1926 297 sicubi
1954 263 2114 310 epitheto
2141 267 2182 299 il-

101 313 316 345 accersenda
340 311 448 344 etiam
473 311 560 344 fides
579 310 616 342 in
641 310 798 350 amicos,
828 310 866 342 in
891 308 1030 349 hostes,
1059 315 1113 342 to-
1169 309 1273 342 lustri
1290 316 1529 351 notaverunt,
1555 317 1595 344 ut
1613 315 1798 357 quomodo
1814 327 1892 348 eam
1912 316 2000 350 dixit
2012 315 2182 362 Orpheus

100 363 286 410 iidemque
309 364 352 396 de
376 363 538 408 perfidia.
592 361 680 395 Item
701 363 746 396 sit
763 362 888 395 titulus
904 361 1113 395 Beneficen-
1169 359 1396 407 ἄθραυστον
1421 360 1464 396 τὸ
1484 360 1664 402 συνειὸός.
1719 364 1793 398 Iam
1814 369 2013 402 sententiae
2030 369 2182 413 diligen-

101 415 206 461 tiafl).
268 415 361 448 Huic
387 427 465 448 cum
494 426 575 449 suas
599 415 732 459 species
757 414 970 453 subieceris,
1002 419 1113 447 restat
1168 419 1223 445 ter
1250 415 1520 447 coacervandae
1547 421 1648 455 sunt,
1686 428 1951 465 nonnunquam
1979 422 2025 454 ad
2049 422 2181 455 descri-

99 466 304 512 gratitudo,
348 479 424 500 non
449 467 509 499 illa
538 466 685 512 quidem
709 465 793 499 huic
824 465 1002 506 subiecta,
1047 477 1112 498 nec
1166 465 1340 505 bendum,
1363 467 1549 510 quomodo
1567 480 1652 501 usus
1669 467 1714 501 sit
1731 475 1838 503 autor
1853 473 2044 514 sententia,
2073 486 2090 507 e
2109 486 2181 519 qua

100 531 246 553 rursum
264 519 446 552 contraria
459 546 468 559 ,
498 519 561 553 sed
580 517 801 558 adhaerens,
831 530 921 563 eque
941 529 980 550 ea
1001 517 1112 551 veluti
1167 516 1314 561 petitur.
1368 516 1495 563 Neque
1513 519 1608 551 enim
1627 520 1786 564 proclive
1804 529 1856 556 est
1878 524 2010 564 cuivis,
2039 532 2182 559 senten-

101 582 337 616 consequens.
392 570 578 605 Virtutum
597 583 637 604 ac
662 571 834 604 vitiorum
856 569 1021 603 ordinem
1045 569 1112 603 sibi
1167 569 1236 602 tias
1271 570 1538 615 proverbiaque
1569 571 1617 604 sic
1649 585 1844 617 usurpare,
1884 581 1924 609 ut
1958 588 2060 609 suam
2092 578 2181 610 refe-

100 622 253 668 quisque
284 635 350 657 suo
380 623 492 667 fingat
519 622 690 663 arbitrio,
733 629 795 656 aut
819 634 861 655 ex
885 619 1112 667 philosophis
1167 627 1253 654 rant
1269 621 1410 655 faciem.
1475 621 1602 667 Qualis
1629 630 1680 657 est
1706 625 1766 658 illa
1785 624 2010 671 Theognidis
2038 636 2178 673 poetae.

98 680 210 719 petat.
277 675 375 708 Utile
410 675 599 709 consilium
638 681 710 715 est,
756 675 855 720 quod
882 687 990 719 supra
1017 674 1112 714 dedi,
1166 671 1304 707 Iustitia
1323 673 1360 706 in
1379 686 1452 708 sese
1467 675 1638 708 virtutem
1657 678 1907 721 complectitur
1926 691 2085 721 omnem,
2109 692 2181 726 qua

101 728 319 760 exercendos
349 727 387 760 in
410 727 499 762 locis
525 726 779 760 communibus
804 739 934 771 genere
961 726 1111 759 didacti-
1167 725 1216 759 sic
1232 725 1284 758 uti
1306 725 1429 766 liceat,
1458 732 1499 760 ut
1514 733 1565 760 est
1582 740 1667 761 usus
1689 728 1726 760 in
1745 731 1944 765 moralibus
1963 731 2179 767 Aristotelis.

100 778 204 826 co⁹)‚
245 779 411 820 iuvenes,
454 785 494 813 ut
518 779 745 824 singulorum
767 786 936 812 naturam
964 779 1112 824 vimque
1166 777 1361 823 Exempla,
1389 784 1429 811 ut
1446 784 1498 812 est
1512 778 1657 812 Camilli
1674 781 1717 813 de
1733 781 1958 817 Faliscorum
1978 785 2180 828 proditore,

98 829 247 875 proprie
272 830 558 878 perspiciantffl).
625 831 831 865 Plurimum
856 844 898 865 ex
922 843 964 865 eo
991 831 1111 865 studio
1166 829 1271 864 Bruti
1299 831 1342 864 de
1367 830 1545 876 Aquiliis‚
1581 831 1711 865 Manlii
1738 834 1781 867 de
1805 835 1898 875 filio,
1932 837 2031 881 quod
2054 843 2181 870 contra

98 882 223 916 iudicii
235 881 281 930 ¹¹)
313 883 542 928 comparari,
586 886 615 917 si
646 885 794 930 quando
827 884 865 917 in
897 883 1112 918 sublimibus
1167 883 1361 927 imperium
1388 890 1595 927 pugnasset.
1664 884 1728 919 His
1756 886 1819 932 qui
1851 886 2064 921 instruxerit
2093 901 2181 928 sese,

99 935 280 979 agendum
309 935 372 977 sit,
407 936 510 969 utin
534 933 716 981 theologia
729 936 797 984 l²),
838 935 926 982 quid
951 936 1112 976 affectus,
1166 932 1316 968 habebit
1349 936 1447 981 quod
1480 935 1687 980 suppeditet
1719 939 1765 971 ad
1797 939 1940 984 copiam
1972 952 2113 985 semper
2143 940 2182 972 in

99 987 187 1033 quid
212 987 348 1028 virtus,
391 988 480 1034 quid
506 988 654 1027 vitium;
701 989 739 1022 in
766 989 844 1022 iure
871 988 986 1029 civili,
1024 988 1112 1033 quid
1166 993 1362 1031 promptu,
1391 987 1419 1021 si
1439 988 1690 1034 qualecunque
1716 990 1885 1024 inciderit
1912 998 2182 1035 argumentum,

97 1039 256 1080 iustitia,
283 1039 372 1086 quid
395 1038 703 1088 ἅκριβοδικαῖον,
741 1040 829 1086 quid
855 1038 1016 1080 ἐπιεικές.
1072 1038 1113 1072 In
1167 1040 1205 1071 in
1221 1039 1378 1084 aliquem
1395 1040 1560 1073 locorum
1581 1042 1830 1076 communium
1850 1044 2017 1088 pluresve
2035 1044 2180 1084 referat,

97 1092 259 1136 singulos
290 1099 409 1126 autem
442 1093 541 1127 locos
577 1092 761 1137 pertinent
794 1092 1005 1133 fruitiones,
1052 1092 1113 1125 de-
1166 1097 1207 1124 ut
1223 1090 1349 1124 Cicero
1366 1092 1633 1126 restitutionem
1653 1093 1837 1135 Marcelli,
1874 1095 1911 1128 in
1936 1096 2181 1136 clementiam,

97 1143 332 1189 scriptiones,
357 1146 556 1179 sententiae
569 1172 578 1186 ,
606 1151 641 1178 et
658 1145 821 1190 exempla
838 1145 1023 1186 fabulosa,
1050 1157 1113 1178 seu
1167 1144 1205 1176 in
1222 1156 1291 1189 qua
1311 1143 1554 1188 praedicanda
1572 1145 1643 1178 dici
1663 1158 1738 1179 non
1755 1153 1875 1191 potest
1899 1160 2009 1193 quam
2037 1148 2180 1193 elegan-

96 1194 282 1231 historica.
335 1197 387 1231 Ut
402 1197 432 1232 si
448 1197 583 1232 iustitia
600 1197 726 1231 titulus
750 1198 817 1238 sit,
843 1197 911 1230 erit
935 1197 1010 1231 eius
1033 1196 1113 1230 fini·
1167 1202 1222 1228 ter
1246 1201 1420 1229 versetur.
1478 1195 1631 1230 Causam
1654 1196 1810 1232 Archiae
1835 1199 1918 1232 fecit
1943 1200 2087 1233 laudem
2114 1197 2181 1233 hu-

96 1249 168 1283 tio:
195 1247 334 1284 Iustitia
353 1257 417 1291 est,
446 1262 516 1296 qua
535 1250 677 1296 cuique,
701 1250 800 1296 quod
818 1262 922 1283 suum
943 1256 1006 1290 est,
1030 1249 1112 1282 red·
1166 1247 1364 1282 manitatis.
1410 1247 1508 1282 Haec
1527 1250 1571 1282 de
1588 1249 1677 1284 locis
1697 1251 1952 1285 communibus
1970 1252 2066 1286 satis.
2109 1251 2180 1286 Ne-

97 1302 208 1336 ditur.
274 1301 501 1348 Descriptio,
544 1302 660 1348 qualis
686 1308 738 1336 est
761 1303 858 1347 apud
884 1301 1042 1335 Gellium
1070 1313 1112 1334 ex
1167 1312 1236 1346 que
1261 1312 1347 1334 vero
1373 1306 1477 1345 putes
1503 1313 1562 1335 eos
1590 1308 1724 1336 temere
1757 1304 1933 1347 confingi,
1975 1316 2017 1337 ex
2043 1303 2180 1337 intimis

98 1352 325 1400 Chrysippo,
359 1361 421 1388 aut
447 1355 544 1400 apud
561 1355 781 1395 Hesiodum,
808 1353 997 1398 Virginem
1024 1366 1112 1394 esse,
1165 1358 1319 1385 naturae
1350 1352 1493 1387 sedibus
1525 1354 1618 1387 eruti
1648 1355 1787 1389 formae
1820 1362 1903 1389 sunt
1937 1367 1999 1389 seu
2034 1355 2179 1400 regulae

97 1418 276 1452 apparere
300 1408 346 1440 ad
362 1406 458 1441 Iovis
479 1407 651 1442 tribunal.
707 1406 939 1440 Subiicienda
963 1406 1110 1440 interim
1167 1405 1331 1438 omnium
1356 1417 1493 1440 rerum.

97 1466 133 1492 et
155 1458 250 1492 ratio
262 1458 308 1504 ¹3)
333 1459 606 1501 fabulosorum,
650 1471 712 1493 seu
743 1456 989 1504 mythologia‚
1034 1470 1111 1492 non
1270 1456 1442 1503 Sequitur
1473 1470 1570 1492 nunc
1605 1458 1770 1492 locorum
1798 1460 2031 1506 quorundam
2059 1459 2179 1499 index,

97 1511 158 1545 illa
179 1511 327 1558 quidem
347 1511 515 1557 imperite
534 1518 596 1546 aut
613 1518 749 1545 temere
774 1513 924 1546 conficta
937 1539 946 1552 ,
981 1512 1043 1546 sed
1070 1523 1111 1544 ex
1167 1521 1308 1554 semper
1329 1522 1347 1542 a
1365 1509 1527 1544 studioso
1546 1510 1835 1555 locupletandus.
1886 1512 2004 1557 Quem
2022 1511 2108 1544 olim
2125 1511 2175 1545 M.

97 1563 231 1598 illustri
247 1564 368 1611 aliquo
393 1571 519 1599 autore
540 1564 672 1610 petita,
694 1571 735 1598 ut
759 1565 789 1598 si
805 1563 965 1599 Iustitiae
984 1563 1112 1598 Hesio·
1165 1562 1296 1596 Petrus
1310 1561 1529 1603 Fladrunus,
1554 1574 1595 1595 ex
1611 1562 1828 1607 Brisgaudia
1841 1561 2035 1597 Vualkilch
2055 1563 2178 1596 oriun-

99 1616 303 1663 dianamss)
333 1617 613 1662 descriptionem
647 1629 689 1650 ex
709 1616 864 1650 Platone
894 1618 936 1651 de
962 1617 1112 1662 legibus,
1167 1616 1246 1655 dus,
1270 1615 1413 1648 aedium
1431 1614 1638 1660 Sapientiae
1654 1615 1825 1660 Friburgi
1841 1617 2022 1657 alumnus,
2046 1615 2179 1660 linguis

101 1682 259 1704 enarres.
313 1668 474 1704 Iustitiae
499 1676 551 1704 est
575 1682 695 1704 comes
709 1669 891 1710 Nemesis,
927 1669 1112 1703 temerita-
1167 1667 1282 1701 tribus
1299 1667 1494 1712 praecipue
1513 1667 1685 1712 insignis,
1722 1675 1755 1701 et
1774 1675 1990 1713 praeceptor
2006 1680 2082 1701 non
2103 1674 2175 1701 tam

99 1722 144 1757 tis
172 1729 206 1756 et
229 1723 460 1767 arrogantiae
485 1722 694 1756 mortalium
720 1722 873 1762 vindex,
917 1723 992 1756 eius
1025 1722 1111 1754 item
1168 1720 1416 1759 doctissimus,
1445 1732 1554 1765 quani
1581 1720 1689 1753 etiam
1716 1721 1966 1762 fidelissimus,
1995 1719 2179 1765 discipulis

101 1775 295 1821 descriptio
323 1776 501 1810 addenda.
557 1774 660 1809 Gerit
687 1775 782 1808 enim
804 1775 905 1808 frena
935 1780 969 1808 et
995 1786 1113 1808 amus-
1168 1772 1240 1806 suis
1273 1771 1496 1816 conscripsit.
1566 1771 1638 1816 Qui
1671 1779 1903 1816 praematura
1930 1779 2068 1813 morte,
2103 1784 2179 1805 ma-

1169 1837 1279 1869 gnum
1296 1823 1422 1858 aetatis
1440 1835 1525 1857 suae
1542 1830 1577 1856 et
1592 1830 1758 1858 tenerum
1775 1825 1850 1869 ipse
1868 1825 2052 1869 ingenium
2066 1851 2074 1865 ‚
2102 1835 2179 1857 ma-

1168 1877 1266 1910 ximo
1286 1876 1546 1921 discipulorum
1563 1888 1752 1917 moerore,
1781 1883 1821 1910 ut
1837 1877 1971 1911 maiori
1988 1877 2177 1910 literarum

1140 1926 1143 1978 Ι
1168 1929 1326 1969 iactura,
1369 1929 1467 1962 velut
1492 1928 1529 1960 in
1553 1926 1664 1961 herba
1692 1935 1836 1964 enectus
1860 1930 1898 1962 in
1922 1929 2080 1963 Alsatiae
2106 1928 2165 1961 Ru

137 1968 349 2033 9)d‹}(1¹‹{lag{tit:)‹io‚]
369 1974 409 1991 Sic
427 1966 479 1990 Ed.
495 1965 591 1996 1032.;
622 1966 672 1990 Ed.
690 1966 766 1990 1031.
787 1965 943 1996 diductlc03
970 1965 1019 1989 Ed.
1037 1964 1113 1989 1033.
1141 1982 1143 2000 1
1169 1983 1280 2015 henco
1308 1980 1398 2014 Obiit
1425 1981 1534 2013 Anno
1563 1980 1790 2015 BLD·XXVL
1839 1981 1915 2015 XV.
1934 1981 2175 2015 Calendarum

136 1922 168 1955 8)
189 1923 249 1947 Hoc
266 1928 367 1947 nomen
386 1922 416 1947 iu
434 1928 523 1953 marg.
543 1922 690 1952 repetitum
710 1923 764 1948 est.

140 2044 187 2078 ιο)
207 2044 404 2076 perspiciant]
434 2045 476 2069 sic
494 2045 544 2069 Ed.
561 2044 656 2076 1532.;
682 2044 877 2075 Eaztt.1531.‚
906 2043 981 2068 1533.
1001 2044 1114 2075 perspi-
1141 2025 1144 2080 J
1168 2033 1432 2069 Novembrium
1450 2032 1509 2079 15).

262 2082 280 2104 t.
1141 2087 1144 2104 x

141 2087 319 2156 nieitigieii]
339 2123 389 2148 Ed.
408 2123 483 2147 1533.
504 2123 607 2148 iudicio
1141 2105 1144 2137 f
1279 2153 1282 2154 ⁷
1349 2151 1354 2156 ⁵

140 2167 188 2199 ¹2)
208 2167 376 2199 theologia*
397 2167 437 2191 sic
456 2167 506 2193 Ed⁸
527 2167 621 2198 ¹532&
650 2167 735 2192 Edm.
750 2167 846 2198 ¹53¹·⁷
868 2167 944 2191 ¹533¹
965 2167 1115 2199 theologis,
1206 2151 1251 2183 15)
1273 2152 1402 2182 sequitur
1434 2158 1506 2176 nnnc
1535 2152 1660 2176 locorum
1692 2152 1863 2182 quorundam
1891 2165 1925 2169 —-
1957 2152 2176 2181 Novembrium]

142 2210 189 2243 ¹3)
208 2212 298 2240 ratio]
319 2211 346 2235 in
366 2211 407 2234 πᾶ
438 2211 505 2235 ¹533
536 2211 615 2234 deest
1239 2189 1332 2229 utrum
1346 2188 1413 2227 haec
1428 2189 1515 2212 verba
1529 2188 1734 2212 Melanthonis.
1754 2193 1789 2211 an
1801 2187 1918 2227 editoris
1933 2187 2006 2219 sint,
2027 2187 2132 2227 nescio.
2144 2200 2178 2204 —-

141 2254 188 2287 14)
208 2255 424 2284 Hesiodianam]
446 2255 637 2287 Editt.1531.,
660 2255 755 2288 1532.,
776 2256 853 2281 1533,
875 2255 1040 2280 Hesiodiani
1141 2265 1143 2268 ·
1242 2223 1705 2290 giiiiiigliiiiirn(iiidliiielziii’tclid-liliig,
1728 2223 2009 2283 iszillmsslliiili‘iinihesii
2043 2229 2178 2254 Olmssus⁷
