<?xml version="1.0" encoding="UTF-8"?>
<!DOCTYPE html PUBLIC "-//W3C//DTD XHTML 1.0 Transitional//EN"
    "http://www.w3.org/TR/xhtml1/DTD/xhtml1-transitional.dtd">
<html xmlns="http://www.w3.org/1999/xhtml" xml:lang="en" lang="en">
 <head>
  <title>
</title>
<meta http-equiv="Content-Type" content="text/html;charset=utf-8" />
  <meta name='ocr-system' content='tesseract 3.04.00' />
  <meta name='ocr-capabilities' content='ocr_page ocr_carea ocr_par ocr_line ocrx_word'/>
</head>
<body>
  <div class='ocr_page' id='page_1' title='image "./operaquaesupersu20melauoft/operaquaesupersu20melauoft_0407.png"; bbox 0 0 2389 3037; ppageno 0'>
   <div class='ocr_carea' id='block_1_1' title="bbox 56 116 2112 154">
    <p class='ocr_par' dir='ltr' id='par_1_1' title="bbox 56 116 2112 154">
     <span class='ocr_line' id='line_1_1' title="bbox 56 116 2112 154; baseline 0 -1"><span class='ocrx_word' id='word_1_1' title='bbox 56 119 128 154; x_wconf 88' lang='grc'>789</span> <span class='ocrx_word' id='word_1_2' title='bbox 696 116 1057 151; x_wconf 65' lang='grc' dir='ltr'><strong>ΑΒΒΙΤΑΜΕΝΤΑ</strong></span> <span class='ocrx_word' id='word_1_3' title='bbox 1089 117 1154 151; x_wconf 58' lang='lat' dir='ltr'>AD</span> <span class='ocrx_word' id='word_1_4' title='bbox 1182 116 1324 151; x_wconf 84' lang='lat' dir='ltr'>VOLL.</span> <span class='ocrx_word' id='word_1_5' title='bbox 1354 117 1478 152; x_wconf 89' lang='lat' dir='ltr'><em>I—X.</em></span> <span class='ocrx_word' id='word_1_6' title='bbox 2040 120 2112 154; x_wconf 89' lang='grc'>790</span> 
     </span>
    </p>
   </div>
   <div class='ocr_carea' id='block_1_2' title="bbox 56 202 2112 376">
    <p class='ocr_par' dir='ltr' id='par_1_2' title="bbox 56 202 2112 376">
     <span class='ocr_line' id='line_1_2' title="bbox 185 202 2112 244; baseline -0.001 -10"><span class='ocrx_word' id='word_1_7' title='bbox 185 205 416 234; x_wconf 80' lang='lat' dir='ltr'>Seckendorfius</span> <span class='ocrx_word' id='word_1_8' title='bbox 442 205 475 233; x_wconf 89' lang='lat' dir='ltr'>L.</span> <span class='ocrx_word' id='word_1_9' title='bbox 503 204 530 233; x_wconf 90' lang='lat' dir='ltr'>l.</span> <span class='ocrx_word' id='word_1_10' title='bbox 556 211 712 232; x_wconf 81' lang='lat' dir='ltr'>comment.</span> <span class='ocrx_word' id='word_1_11' title='bbox 737 204 775 232; x_wconf 92' lang='lat' dir='ltr'>de</span> <span class='ocrx_word' id='word_1_12' title='bbox 799 203 889 231; x_wconf 89' lang='lat' dir='ltr'>Luth.</span> <span class='ocrx_word' id='word_1_13' title='bbox 914 213 942 240; x_wconf 88' lang='lat' dir='ltr'>p.</span> <span class='ocrx_word' id='word_1_14' title='bbox 970 202 1031 232; x_wconf 83' lang='lat'>137</span> <span class='ocrx_word' id='word_1_15' title='bbox 1054 213 1098 240; x_wconf 87' lang='lat' dir='ltr'>sq.</span> <span class='ocrx_word' id='word_1_16' title='bbox 1123 204 1203 231; x_wconf 87' lang='lat' dir='ltr'>varia</span> <span class='ocrx_word' id='word_1_17' title='bbox 1226 204 1264 232; x_wconf 89' lang='lat' dir='ltr'>de</span> <span class='ocrx_word' id='word_1_18' title='bbox 1287 204 1341 232; x_wconf 86' lang='lat' dir='ltr'>hoc</span> <span class='ocrx_word' id='word_1_19' title='bbox 1366 205 1575 232; x_wconf 87' lang='lat' dir='ltr'>commentario</span> <span class='ocrx_word' id='word_1_20' title='bbox 1606 205 1702 242; x_wconf 79' lang='lat' dir='ltr'>elogia</span> <span class='ocrx_word' id='word_1_21' title='bbox 1725 205 1841 233; x_wconf 83' lang='lat' dir='ltr'>adducit</span> <span class='ocrx_word' id='word_1_22' title='bbox 1865 212 1895 233; x_wconf 89' lang='lat' dir='ltr'>et</span> <span class='ocrx_word' id='word_1_23' title='bbox 1918 205 1969 233; x_wconf 90' lang='lat' dir='ltr'>has</span> <span class='ocrx_word' id='word_1_24' title='bbox 1993 206 2112 244; x_wconf 79' lang='lat' dir='ltr'>praefa-</span> 
     </span>
     <span class='ocr_line' id='line_1_3' title="bbox 56 247 2112 287; baseline -0.001 -11"><span class='ocrx_word' id='word_1_25' title='bbox 56 253 148 281; x_wconf 69' lang='lat' dir='ltr'>tiones</span> <span class='ocrx_word' id='word_1_26' title='bbox 173 249 275 287; x_wconf 78' lang='lat' dir='ltr'>dignas</span> <span class='ocrx_word' id='word_1_27' title='bbox 299 249 494 284; x_wconf 81' lang='lat' dir='ltr'>existimavit,</span> <span class='ocrx_word' id='word_1_28' title='bbox 518 258 594 285; x_wconf 80' lang='lat' dir='ltr'>quae</span> <span class='ocrx_word' id='word_1_29' title='bbox 617 254 777 276; x_wconf 74' lang='lat' dir='ltr'>renovatae</span> <span class='ocrx_word' id='word_1_30' title='bbox 801 256 864 273; x_wconf 88' lang='lat' dir='ltr'>cum</span> <span class='ocrx_word' id='word_1_31' title='bbox 891 247 963 274; x_wconf 89' lang='lat' dir='ltr'>libro</span> <span class='ocrx_word' id='word_1_32' title='bbox 987 256 1038 273; x_wconf 86' lang='lat' dir='ltr'>suo</span> <span class='ocrx_word' id='word_1_33' title='bbox 1063 247 1161 273; x_wconf 86' lang='lat' dir='ltr'>denuo</span> <span class='ocrx_word' id='word_1_34' title='bbox 1187 247 1348 283; x_wconf 85' lang='lat' dir='ltr'>productae</span> <span class='ocrx_word' id='word_1_35' title='bbox 1371 254 1570 277; x_wconf 69' lang='lat' dir='ltr'>servarentur.</span> <span class='ocrx_word' id='word_1_36' title='bbox 1617 248 1730 275; x_wconf 87' lang='lat' dir='ltr'>Dubius</span> <span class='ocrx_word' id='word_1_37' title='bbox 1754 254 1798 276; x_wconf 86' lang='lat' dir='ltr'>est</span> <span class='ocrx_word' id='word_1_38' title='bbox 1821 255 1937 286; x_wconf 83' lang='lat' dir='ltr'>autem,</span> <span class='ocrx_word' id='word_1_39' title='bbox 1961 259 2029 276; x_wconf 89' lang='lat' dir='ltr'>num</span> <span class='ocrx_word' id='word_1_40' title='bbox 2045 250 2112 279; x_wconf 87' lang='lat' dir='ltr'>Me..</span> 
     </span>
     <span class='ocr_line' id='line_1_4' title="bbox 57 289 2111 330; baseline -0.002 -6"><span class='ocrx_word' id='word_1_41' title='bbox 57 293 226 324; x_wconf 85' lang='lat' dir='ltr'>lanchthoni</span> <span class='ocrx_word' id='word_1_42' title='bbox 250 292 361 319; x_wconf 89' lang='lat' dir='ltr'>auctori</span> <span class='ocrx_word' id='word_1_43' title='bbox 385 291 561 318; x_wconf 80' lang='lat' dir='ltr'>tribuendae</span> <span class='ocrx_word' id='word_1_44' title='bbox 585 291 660 327; x_wconf 85' lang='lat' dir='ltr'>sint,</span> <span class='ocrx_word' id='word_1_45' title='bbox 685 291 798 318; x_wconf 89' lang='lat' dir='ltr'>scilicet</span> <span class='ocrx_word' id='word_1_46' title='bbox 821 290 899 326; x_wconf 85' lang='lat' dir='ltr'>stylo</span> <span class='ocrx_word' id='word_1_47' title='bbox 924 289 1062 326; x_wconf 88' lang='lat' dir='ltr'>quidem,</span> <span class='ocrx_word' id='word_1_48' title='bbox 1096 296 1124 317; x_wconf 86' lang='lat' dir='ltr'>ut</span> <span class='ocrx_word' id='word_1_49' title='bbox 1150 290 1266 318; x_wconf 81' lang='lat' dir='ltr'>videtur</span> <span class='ocrx_word' id='word_1_50' title='bbox 1292 290 1469 327; x_wconf 84' lang='lat' dir='ltr'>(scribens),</span> <span class='ocrx_word' id='word_1_51' title='bbox 1493 290 1747 327; x_wconf 86' lang='lat' dir='ltr'>Melanchthonis,</span> <span class='ocrx_word' id='word_1_52' title='bbox 1769 292 1819 319; x_wconf 85' lang='lat' dir='ltr'>sed</span> <span class='ocrx_word' id='word_1_53' title='bbox 1845 291 2002 329; x_wconf 84' lang='lat' dir='ltr'>floridiori,</span> <span class='ocrx_word' id='word_1_54' title='bbox 2025 303 2111 330; x_wconf 89' lang='lat' dir='ltr'>quam</span> 
     </span>
     <span class='ocr_line' id='line_1_5' title="bbox 74 331 2110 376; baseline -0 -13"><span class='ocrx_word' id='word_1_55' title='bbox 74 347 111 365; x_wconf 90' lang='lat' dir='ltr'>uo</span> <span class='ocrx_word' id='word_1_56' title='bbox 135 341 236 373; x_wconf 88' lang='lat' dir='ltr'>postea</span> <span class='ocrx_word' id='word_1_57' title='bbox 263 335 303 361; x_wconf 91' lang='lat' dir='ltr'>uti</span> <span class='ocrx_word' id='word_1_58' title='bbox 327 334 450 361; x_wconf 76' lang='lat' dir='ltr'>solebat.</span> <span class='ocrx_word' id='word_1_59' title='bbox 497 334 648 361; x_wconf 79' lang='lat' dir='ltr'>VValchius</span> <span class='ocrx_word' id='word_1_60' title='bbox 673 335 697 360; x_wconf 90' lang='lat' dir='ltr'>b.</span> <span class='ocrx_word' id='word_1_61' title='bbox 723 343 760 361; x_wconf 90' lang='lat' dir='ltr'>m.</span> <span class='ocrx_word' id='word_1_62' title='bbox 782 333 875 360; x_wconf 90' lang='lat' dir='ltr'>Tomo</span> <span class='ocrx_word' id='word_1_63' title='bbox 901 331 980 360; x_wconf 85' lang='lat' dir='ltr'>Vlll.</span> <span class='ocrx_word' id='word_1_64' title='bbox 1005 331 1084 369; x_wconf 85' lang='lat' dir='ltr'>Opp.</span> <span class='ocrx_word' id='word_1_65' title='bbox 1107 331 1196 360; x_wconf 90' lang='lat' dir='ltr'>Luth.</span> <span class='ocrx_word' id='word_1_66' title='bbox 1229 334 1257 360; x_wconf 90' lang='lat' dir='ltr'>in</span> <span class='ocrx_word' id='word_1_67' title='bbox 1284 332 1379 370; x_wconf 87' lang='lat' dir='ltr'>praef.</span> <span class='ocrx_word' id='word_1_68' title='bbox 1410 343 1440 370; x_wconf 90' lang='lat' dir='ltr'>p.</span> <span class='ocrx_word' id='word_1_69' title='bbox 1474 333 1518 361; x_wconf 68' lang='lat'>14.</span> <span class='ocrx_word' id='word_1_70' title='bbox 1545 341 1605 362; x_wconf 85' lang='lat' dir='ltr'>not.</span> <span class='ocrx_word' id='word_1_71' title='bbox 1631 332 1661 372; x_wconf 88' lang='lat' dir='ltr'>e)</span> <span class='ocrx_word' id='word_1_72' title='bbox 1683 335 1799 363; x_wconf 75' lang='lat' dir='ltr'>scribit:</span> <span class='ocrx_word' id='word_1_73' title='bbox 1830 333 1902 365; x_wconf 60' lang='lat' dir='ltr'>§Isset</span> <span class='ocrx_word' id='word_1_74' title='bbox 1927 336 1977 366; x_wconf 63' lang='lat' dir='ltr'>Det</span> <span class='ocrx_word' id='word_1_75' title='bbox 2001 333 2110 376; x_wconf 70' lang='lat' dir='ltr'>eigent:</span> 
     </span>
    </p>
   </div>
   <div class='ocr_carea' id='block_1_3' title="bbox 53 372 2110 461">
    <p class='ocr_par' dir='ltr' id='par_1_3' title="bbox 53 372 2110 461">
     <span class='ocr_line' id='line_1_6' title="bbox 53 372 2110 417; baseline 0.001 -10"><span class='ocrx_word' id='word_1_76' title='bbox 53 378 122 417; x_wconf 72' lang='lat' dir='ltr'>1id&gt;e</span> <span class='ocrx_word' id='word_1_77' title='bbox 147 375 302 414; x_wconf 66' lang='lat' dir='ltr'>§Betfaffet</span> <span class='ocrx_word' id='word_1_78' title='bbox 324 374 388 413; x_wconf 71' lang='lat' dir='ltr'>sei),</span> <span class='ocrx_word' id='word_1_79' title='bbox 420 373 454 412; x_wconf 79' lang='lat' dir='ltr'>ist</span> <span class='ocrx_word' id='word_1_80' title='bbox 486 374 561 412; x_wconf 72' lang='lat' dir='ltr'>nicht</span> <span class='ocrx_word' id='word_1_81' title='bbox 588 374 724 406; x_wconf 62' lang='lat' dir='ltr'>retonat,</span> <span class='ocrx_word' id='word_1_82' title='bbox 772 372 879 415; x_wconf 66' lang='lat' dir='ltr'>eintge</span> <span class='ocrx_word' id='word_1_83' title='bbox 905 373 1127 411; x_wconf 70' lang='lat' dir='ltr'>mutbmast‘en,</span> <span class='ocrx_word' id='word_1_84' title='bbox 1167 377 1198 405; x_wconf 63' lang='grc' dir='ltr'>ες</span> <span class='ocrx_word' id='word_1_85' title='bbox 1231 373 1276 412; x_wconf 71' lang='lat' dir='ltr'>sei)</span> <span class='ocrx_word' id='word_1_86' title='bbox 1302 373 1409 411; x_wconf 56' lang='lat' dir='ltr'>folches</span> <span class='ocrx_word' id='word_1_87' title='bbox 1436 374 1672 415; x_wconf 56' lang='lat' dir='ltr'>&amp;Retandythom</span> <span class='ocrx_word' id='word_1_88' title='bbox 1704 375 1810 408; x_wconf 74' lang='lat' dir='ltr'>momit</span> <span class='ocrx_word' id='word_1_89' title='bbox 1843 376 1912 408; x_wconf 75' lang='lat' dir='ltr'>abet</span> <span class='ocrx_word' id='word_1_90' title='bbox 1944 379 2041 409; x_wconf 69' lang='lat' dir='ltr'>meoet</span> <span class='ocrx_word' id='word_1_91' title='bbox 2066 376 2110 409; x_wconf 78' lang='lat' dir='ltr'>bie</span> 
     </span>
     <span class='ocr_line' id='line_1_7' title="bbox 53 415 2110 461; baseline 0 -10"><span class='ocrx_word' id='word_1_92' title='bbox 53 418 251 459; x_wconf 51' lang='lat' dir='ltr'>&amp;ebreibart&#39;</span> <span class='ocrx_word' id='word_1_93' title='bbox 284 419 353 455; x_wconf 81' lang='lat' dir='ltr'>nod)</span> <span class='ocrx_word' id='word_1_94' title='bbox 379 418 422 449; x_wconf 75' lang='lat' dir='ltr'>bie</span> <span class='ocrx_word' id='word_1_95' title='bbox 448 418 592 457; x_wconf 55' lang='lat' dir='ltr'>&amp;nehem</span> <span class='ocrx_word' id='word_1_96' title='bbox 625 416 783 455; x_wconf 61' lang='lat' dir='ltr'>Tonberlid)</span> <span class='ocrx_word' id='word_1_97' title='bbox 815 419 870 448; x_wconf 60' lang='lat' dir='ltr'>bas</span> <span class='ocrx_word' id='word_1_98' title='bbox 895 424 955 448; x_wconf 70' lang='lat' dir='ltr'>non</span> <span class='ocrx_word' id='word_1_99' title='bbox 981 419 1031 448; x_wconf 76' lang='lat' dir='ltr'>ber</span> <span class='ocrx_word' id='word_1_100' title='bbox 1054 415 1286 455; x_wconf 65' lang='lat' dir='ltr'>‘lsristoteIiscben</span> <span class='ocrx_word' id='word_1_101' title='bbox 1312 416 1506 457; x_wconf 51' lang='lat' dir='ltr'>5multiforme</span> <span class='ocrx_word' id='word_1_102' title='bbox 1530 418 1652 460; x_wconf 66' lang='lat' dir='ltr'>getd&#39;llte</span> <span class='ocrx_word' id='word_1_103' title='bbox 1676 419 1790 457; x_wconf 73' lang='lat' dir='ltr'>llrtbeit</span> <span class='ocrx_word' id='word_1_104' title='bbox 1813 418 2110 461; x_wconf 66' lang='lat' dir='ltr'>iiberein511stimmen</span> 
     </span>
    </p>
   </div>
   <div class='ocr_carea' id='block_1_4' title="bbox 49 462 2109 1018">
    <p class='ocr_par' dir='ltr' id='par_1_4' title="bbox 49 462 2109 1018">
     <span class='ocr_line' id='line_1_8' title="bbox 54 462 2109 503; baseline -0.001 -8"><span class='ocrx_word' id='word_1_105' title='bbox 54 462 195 503; x_wconf 68' lang='lat' dir='ltr'>febeinet‘t.</span> <span class='ocrx_word' id='word_1_106' title='bbox 239 463 300 492; x_wconf 87' lang='lat' dir='ltr'>Sed</span> <span class='ocrx_word' id='word_1_107' title='bbox 324 462 382 491; x_wconf 89' lang='lat' dir='ltr'>hae</span> <span class='ocrx_word' id='word_1_108' title='bbox 406 464 535 491; x_wconf 85' lang='lat' dir='ltr'>rationes</span> <span class='ocrx_word' id='word_1_109' title='bbox 562 473 609 491; x_wconf 89' lang='lat' dir='ltr'>me</span> <span class='ocrx_word' id='word_1_110' title='bbox 637 472 694 490; x_wconf 89' lang='lat' dir='ltr'>non</span> <span class='ocrx_word' id='word_1_111' title='bbox 724 468 863 498; x_wconf 79' lang='lat' dir='ltr'>movent,</span> <span class='ocrx_word' id='word_1_112' title='bbox 893 467 923 488; x_wconf 91' lang='lat' dir='ltr'>ut</span> <span class='ocrx_word' id='word_1_113' title='bbox 955 462 1064 499; x_wconf 88' lang='lat' dir='ltr'>alium,</span> <span class='ocrx_word' id='word_1_114' title='bbox 1093 471 1180 499; x_wconf 79' lang='lat' dir='ltr'>quam</span> <span class='ocrx_word' id='word_1_115' title='bbox 1206 462 1465 490; x_wconf 83' lang='lat' dir='ltr'>Melanchthonem</span> <span class='ocrx_word' id='word_1_116' title='bbox 1490 470 1641 491; x_wconf 73' lang='lat' dir='ltr'><strong>auctorem</strong></span> <span class='ocrx_word' id='word_1_117' title='bbox 1665 463 1767 492; x_wconf 89' lang='lat' dir='ltr'>harum</span> <span class='ocrx_word' id='word_1_118' title='bbox 1793 463 2008 502; x_wconf 80' lang='lat' dir='ltr'>praefationum</span> <span class='ocrx_word' id='word_1_119' title='bbox 2033 466 2109 494; x_wconf 92' lang='lat' dir='ltr'>iudi-</span> 
     </span>
     <span class='ocr_line' id='line_1_9' title="bbox 53 503 2109 545; baseline -0 -8"><span class='ocrx_word' id='word_1_120' title='bbox 53 518 128 537; x_wconf 88' lang='lat' dir='ltr'>cem.</span> <span class='ocrx_word' id='word_1_121' title='bbox 172 507 337 534; x_wconf 88' lang='lat' dir='ltr'>Discrimen</span> <span class='ocrx_word' id='word_1_122' title='bbox 363 512 407 534; x_wconf 86' lang='lat' dir='ltr'>est</span> <span class='ocrx_word' id='word_1_123' title='bbox 430 505 599 533; x_wconf 84' lang='lat' dir='ltr'>faciendum</span> <span class='ocrx_word' id='word_1_124' title='bbox 630 508 708 533; x_wconf 91' lang='lat' dir='ltr'>inter</span> <span class='ocrx_word' id='word_1_125' title='bbox 731 504 991 532; x_wconf 87' lang='lat' dir='ltr'>Melanchthonem</span> <span class='ocrx_word' id='word_1_126' title='bbox 1016 505 1152 532; x_wconf 80' lang='lat' dir='ltr'>iuvenem</span> <span class='ocrx_word' id='word_1_127' title='bbox 1185 510 1215 532; x_wconf 92' lang='lat' dir='ltr'>et</span> <span class='ocrx_word' id='word_1_128' title='bbox 1239 503 1498 534; x_wconf 85' lang='lat' dir='ltr'>Melanchtbonem</span> <span class='ocrx_word' id='word_1_129' title='bbox 1530 516 1650 542; x_wconf 88' lang='lat' dir='ltr'>senem,</span> <span class='ocrx_word' id='word_1_130' title='bbox 1680 516 1729 535; x_wconf 88' lang='lat' dir='ltr'>seu</span> <span class='ocrx_word' id='word_1_131' title='bbox 1756 508 1885 545; x_wconf 78' lang='lat' dir='ltr'><strong>priorem</strong></span> <span class='ocrx_word' id='word_1_132' title='bbox 1910 514 1938 535; x_wconf 90' lang='lat' dir='ltr'>et</span> <span class='ocrx_word' id='word_1_133' title='bbox 1964 510 2109 544; x_wconf 88' lang='lat' dir='ltr'>posterio-</span> 
     </span>
     <span class='ocr_line' id='line_1_10' title="bbox 53 547 2107 586; baseline 0 -7"><span class='ocrx_word' id='word_1_134' title='bbox 53 561 127 581; x_wconf 84' lang='lat' dir='ltr'>rem.</span> <span class='ocrx_word' id='word_1_135' title='bbox 171 548 321 577; x_wconf 83' lang='lat' dir='ltr'>Primitiae</span> <span class='ocrx_word' id='word_1_136' title='bbox 345 550 423 577; x_wconf 88' lang='lat' dir='ltr'>enim</span> <span class='ocrx_word' id='word_1_137' title='bbox 447 549 622 586; x_wconf 73' lang='lat' dir='ltr'>scriptorum</span> <span class='ocrx_word' id='word_1_138' title='bbox 647 548 777 586; x_wconf 90' lang='lat' dir='ltr'>Philippi</span> <span class='ocrx_word' id='word_1_139' title='bbox 800 547 910 585; x_wconf 78' lang='lat' dir='ltr'>plenae</span> <span class='ocrx_word' id='word_1_140' title='bbox 934 553 1000 574; x_wconf 83' lang='lat' dir='ltr'>sunt</span> <span class='ocrx_word' id='word_1_141' title='bbox 1024 547 1213 584; x_wconf 69' lang='lat' dir='ltr'>eloquentiae</span> <span class='ocrx_word' id='word_1_142' title='bbox 1245 553 1274 576; x_wconf 91' lang='lat' dir='ltr'>et</span> <span class='ocrx_word' id='word_1_143' title='bbox 1296 548 1388 576; x_wconf 88' lang='lat' dir='ltr'>omnis</span> <span class='ocrx_word' id='word_1_144' title='bbox 1413 556 1549 585; x_wconf 85' lang='lat' dir='ltr'>ornatus,</span> <span class='ocrx_word' id='word_1_145' title='bbox 1580 551 1755 586; x_wconf 86' lang='lat' dir='ltr'>praesertim</span> <span class='ocrx_word' id='word_1_146' title='bbox 1785 551 1932 578; x_wconf 86' lang='lat' dir='ltr'>orationes</span> <span class='ocrx_word' id='word_1_147' title='bbox 1957 550 1993 578; x_wconf 90' lang='lat' dir='ltr'>de</span> <span class='ocrx_word' id='word_1_148' title='bbox 2017 552 2107 579; x_wconf 92' lang='lat' dir='ltr'>corri-</span> 
     </span>
     <span class='ocr_line' id='line_1_11' title="bbox 53 590 2108 632; baseline 0 -11"><span class='ocrx_word' id='word_1_149' title='bbox 53 593 157 632; x_wconf 72' lang='lat' dir='ltr'>gendis</span> <span class='ocrx_word' id='word_1_150' title='bbox 180 593 400 620; x_wconf 79' lang='lat' dir='ltr'>adolescentiae</span> <span class='ocrx_word' id='word_1_151' title='bbox 422 591 540 628; x_wconf 83' lang='lat' dir='ltr'>studiis,</span> <span class='ocrx_word' id='word_1_152' title='bbox 564 592 602 619; x_wconf 92' lang='lat' dir='ltr'>de</span> <span class='ocrx_word' id='word_1_153' title='bbox 618 591 826 619; x_wconf 79' lang='lat' dir='ltr'>adhortatione</span> <span class='ocrx_word' id='word_1_154' title='bbox 850 591 885 618; x_wconf 88' lang='lat' dir='ltr'>ad</span> <span class='ocrx_word' id='word_1_155' title='bbox 911 590 1072 618; x_wconf 77' lang='lat' dir='ltr'>doctrinam</span> <span class='ocrx_word' id='word_1_156' title='bbox 1090 590 1261 627; x_wconf 81' lang='lat' dir='ltr'>Paulinam,</span> <span class='ocrx_word' id='word_1_157' title='bbox 1285 591 1551 620; x_wconf 87' lang='lat' dir='ltr'>declamatiuncula</span> <span class='ocrx_word' id='word_1_158' title='bbox 1576 593 1603 619; x_wconf 88' lang='lat' dir='ltr'>in</span> <span class='ocrx_word' id='word_1_159' title='bbox 1628 593 1664 620; x_wconf 94' lang='lat' dir='ltr'>D.</span> <span class='ocrx_word' id='word_1_160' title='bbox 1680 593 1763 620; x_wconf 87' lang='lat' dir='ltr'>Pauli</span> <span class='ocrx_word' id='word_1_161' title='bbox 1786 593 1965 631; x_wconf 82' lang='lat' dir='ltr'>doctrinam,</span> <span class='ocrx_word' id='word_1_162' title='bbox 1988 594 2108 631; x_wconf 80' lang='lat' dir='ltr'>Didymi</span> 
     </span>
     <span class='ocr_line' id='line_1_12' title="bbox 51 633 2107 674; baseline -0 -8"><span class='ocrx_word' id='word_1_163' title='bbox 51 636 208 666; x_wconf 78' lang='lat' dir='ltr'>Faventini</span> <span class='ocrx_word' id='word_1_164' title='bbox 233 645 286 672; x_wconf 86' lang='lat' dir='ltr'>pro</span> <span class='ocrx_word' id='word_1_165' title='bbox 310 636 349 664; x_wconf 85' lang='lat' dir='ltr'>M.</span> <span class='ocrx_word' id='word_1_166' title='bbox 373 635 506 662; x_wconf 90' lang='lat' dir='ltr'>Luthero</span> <span class='ocrx_word' id='word_1_167' title='bbox 530 635 621 662; x_wconf 90' lang='lat' dir='ltr'>oratio</span> <span class='ocrx_word' id='word_1_168' title='bbox 646 640 719 669; x_wconf 81' lang='lat' dir='ltr'>etc.;</span> <span class='ocrx_word' id='word_1_169' title='bbox 744 633 797 660; x_wconf 85' lang='lat' dir='ltr'>sed</span> <span class='ocrx_word' id='word_1_170' title='bbox 827 634 936 670; x_wconf 89' lang='lat' dir='ltr'>scripta</span> <span class='ocrx_word' id='word_1_171' title='bbox 961 634 1126 670; x_wconf 78' lang='lat' dir='ltr'>posteriora</span> <span class='ocrx_word' id='word_1_172' title='bbox 1148 633 1386 662; x_wconf 80' lang='lat' dir='ltr'>Melaucbthonis</span> <span class='ocrx_word' id='word_1_173' title='bbox 1409 634 1513 662; x_wconf 90' lang='lat' dir='ltr'>florido</span> <span class='ocrx_word' id='word_1_174' title='bbox 1537 635 1653 663; x_wconf 79' lang='lat' dir='ltr'>dicendi</span> <span class='ocrx_word' id='word_1_175' title='bbox 1678 644 1790 672; x_wconf 78' lang='lat' dir='ltr'>genere</span> <span class='ocrx_word' id='word_1_176' title='bbox 1813 642 1925 664; x_wconf 80' lang='lat' dir='ltr'>carent.</span> <span class='ocrx_word' id='word_1_177' title='bbox 1976 635 2045 674; x_wconf 90' lang='lat' dir='ltr'>lpse</span> <span class='ocrx_word' id='word_1_178' title='bbox 2069 638 2107 665; x_wconf 92' lang='lat' dir='ltr'>de</span> 
     </span>
     <span class='ocr_line' id='line_1_13' title="bbox 51 676 2107 716; baseline -0.001 -7"><span class='ocrx_word' id='word_1_179' title='bbox 51 679 128 716; x_wconf 86' lang='lat' dir='ltr'>stylo</span> <span class='ocrx_word' id='word_1_180' title='bbox 151 688 204 707; x_wconf 87' lang='lat' dir='ltr'>suo</span> <span class='ocrx_word' id='word_1_181' title='bbox 227 679 255 705; x_wconf 90' lang='lat' dir='ltr'>iu</span> <span class='ocrx_word' id='word_1_182' title='bbox 280 677 468 716; x_wconf 84' lang='lat' dir='ltr'>praefatione</span> <span class='ocrx_word' id='word_1_183' title='bbox 491 687 615 714; x_wconf 88' lang='lat' dir='ltr'>operum</span> <span class='ocrx_word' id='word_1_184' title='bbox 639 686 760 704; x_wconf 90' lang='lat' dir='ltr'>suorum</span> <span class='ocrx_word' id='word_1_185' title='bbox 784 676 921 704; x_wconf 79' lang='lat' dir='ltr'>editionis</span> <span class='ocrx_word' id='word_1_186' title='bbox 936 676 1116 704; x_wconf 84' lang='lat' dir='ltr'>Basileensis</span> <span class='ocrx_word' id='word_1_187' title='bbox 1139 677 1179 704; x_wconf 86' lang='lat' dir='ltr'>sic.</span> <span class='ocrx_word' id='word_1_188' title='bbox 1204 678 1348 714; x_wconf 87' lang='lat' dir='ltr'>loquitur:</span> <span class='ocrx_word' id='word_1_189' title='bbox 1371 677 1402 705; x_wconf 88' lang='lat' dir='ltr'>Si</span> <span class='ocrx_word' id='word_1_190' title='bbox 1426 678 1477 705; x_wconf 87' lang='lat' dir='ltr'>illa</span> <span class='ocrx_word' id='word_1_191' title='bbox 1500 687 1588 706; x_wconf 90' lang='lat' dir='ltr'>aurea</span> <span class='ocrx_word' id='word_1_192' title='bbox 1603 684 1700 714; x_wconf 80' lang='lat' dir='ltr'>aetas,</span> <span class='ocrx_word' id='word_1_193' title='bbox 1723 689 1810 716; x_wconf 88' lang='lat' dir='ltr'>quam</span> <span class='ocrx_word' id='word_1_194' title='bbox 1828 685 1897 707; x_wconf 90' lang='lat' dir='ltr'>tunc</span> <span class='ocrx_word' id='word_1_195' title='bbox 1912 684 2107 709; x_wconf 72' lang='lat' dir='ltr'>reflorescen-</span> 
     </span>
     <span class='ocr_line' id='line_1_14' title="bbox 52 719 2106 759; baseline 0 -9"><span class='ocrx_word' id='word_1_196' title='bbox 52 724 129 751; x_wconf 88' lang='lat' dir='ltr'>tibus</span> <span class='ocrx_word' id='word_1_197' title='bbox 154 727 303 758; x_wconf 90' lang='lat' dir='ltr'>utcunque</span> <span class='ocrx_word' id='word_1_198' title='bbox 327 721 420 748; x_wconf 88' lang='lat' dir='ltr'>literis</span> <span class='ocrx_word' id='word_1_199' title='bbox 443 721 652 757; x_wconf 86' lang='lat' dir='ltr'>sperabamus,</span> <span class='ocrx_word' id='word_1_200' title='bbox 678 726 781 748; x_wconf 83' lang='lat' dir='ltr'>secuta</span> <span class='ocrx_word' id='word_1_201' title='bbox 804 719 925 756; x_wconf 85' lang='lat' dir='ltr'>suisset,</span> <span class='ocrx_word' id='word_1_202' title='bbox 948 719 1080 746; x_wconf 78' lang='lat' dir='ltr'>fortassis</span> <span class='ocrx_word' id='word_1_203' title='bbox 1106 719 1244 755; x_wconf 86' lang='lat' dir='ltr'>laetiora,</span> <span class='ocrx_word' id='word_1_204' title='bbox 1278 721 1415 748; x_wconf 81' lang='lat' dir='ltr'>nitidiora</span> <span class='ocrx_word' id='word_1_205' title='bbox 1439 726 1469 748; x_wconf 90' lang='lat' dir='ltr'>et</span> <span class='ocrx_word' id='word_1_206' title='bbox 1493 721 1600 748; x_wconf 85' lang='lat' dir='ltr'>scholis</span> <span class='ocrx_word' id='word_1_207' title='bbox 1624 722 1750 758; x_wconf 77' lang='lat' dir='ltr'>gratiora</span> <span class='ocrx_word' id='word_1_208' title='bbox 1774 723 1999 759; x_wconf 79' lang='lat' dir='ltr'>scripsissemus.</span> <span class='ocrx_word' id='word_1_209' title='bbox 2045 723 2106 751; x_wconf 90' lang='lat' dir='ltr'>Sed</span> 
     </span>
     <span class='ocr_line' id='line_1_15' title="bbox 50 762 2106 802; baseline 0 -9"><span class='ocrx_word' id='word_1_210' title='bbox 50 765 149 794; x_wconf 76' lang='lat' dir='ltr'>fatalis</span> <span class='ocrx_word' id='word_1_211' title='bbox 172 763 335 800; x_wconf 84' lang='lat' dir='ltr'>discordia,</span> <span class='ocrx_word' id='word_1_212' title='bbox 366 772 442 800; x_wconf 90' lang='lat' dir='ltr'>quae</span> <span class='ocrx_word' id='word_1_213' title='bbox 466 769 568 800; x_wconf 88' lang='lat' dir='ltr'>postea</span> <span class='ocrx_word' id='word_1_214' title='bbox 597 769 700 791; x_wconf 89' lang='lat' dir='ltr'>secuta</span> <span class='ocrx_word' id='word_1_215' title='bbox 724 767 784 799; x_wconf 87' lang='lat' dir='ltr'>est,</span> <span class='ocrx_word' id='word_1_216' title='bbox 820 768 849 790; x_wconf 91' lang='lat' dir='ltr'>et</span> <span class='ocrx_word' id='word_1_217' title='bbox 880 771 944 790; x_wconf 85' lang='lat' dir='ltr'>mea</span> <span class='ocrx_word' id='word_1_218' title='bbox 975 762 1068 790; x_wconf 88' lang='lat' dir='ltr'>studia</span> <span class='ocrx_word' id='word_1_219' title='bbox 1100 763 1279 800; x_wconf 87' lang='lat' dir='ltr'>conterruit,</span> <span class='ocrx_word' id='word_1_220' title='bbox 1310 769 1340 791; x_wconf 89' lang='lat' dir='ltr'>et</span> <span class='ocrx_word' id='word_1_221' title='bbox 1364 769 1395 791; x_wconf 92' lang='lat' dir='ltr'>ut</span> <span class='ocrx_word' id='word_1_222' title='bbox 1416 763 1477 799; x_wconf 65' lang='lat' dir='ltr'>fert</span> <span class='ocrx_word' id='word_1_223' title='bbox 1501 769 1666 801; x_wconf 88' lang='lat' dir='ltr'>temporum</span> <span class='ocrx_word' id='word_1_224' title='bbox 1697 765 1860 802; x_wconf 86' lang='lat' dir='ltr'>moestitia,</span> <span class='ocrx_word' id='word_1_225' title='bbox 1888 766 2046 793; x_wconf 85' lang='lat' dir='ltr'>tristiorem</span> <span class='ocrx_word' id='word_1_226' title='bbox 2076 772 2106 794; x_wconf 91' lang='lat' dir='ltr'>et</span> 
     </span>
     <span class='ocr_line' id='line_1_16' title="bbox 51 804 2104 848; baseline 0 -13"><span class='ocrx_word' id='word_1_227' title='bbox 51 807 134 846; x_wconf 86' lang='lat' dir='ltr'>quasi</span> <span class='ocrx_word' id='word_1_228' title='bbox 155 807 311 845; x_wconf 86' lang='lat' dir='ltr'>lugubrem</span> <span class='ocrx_word' id='word_1_229' title='bbox 342 806 471 834; x_wconf 88' lang='lat' dir='ltr'>habitum</span> <span class='ocrx_word' id='word_1_230' title='bbox 505 806 627 833; x_wconf 87' lang='lat' dir='ltr'>orationi</span> <span class='ocrx_word' id='word_1_231' title='bbox 660 812 776 834; x_wconf 87' lang='lat' dir='ltr'>nostrae</span> <span class='ocrx_word' id='word_1_232' title='bbox 806 805 1010 833; x_wconf 80' lang='lat' dir='ltr'>circumdedit.</span> <span class='ocrx_word' id='word_1_233' title='bbox 1062 804 1173 833; x_wconf 81' lang='lat' dir='ltr'>Confer</span> <span class='ocrx_word' id='word_1_234' title='bbox 1202 815 1318 844; x_wconf 86' lang='lat' dir='ltr'>quoque</span> <span class='ocrx_word' id='word_1_235' title='bbox 1342 806 1506 834; x_wconf 84' lang='lat' dir='ltr'>Cainerarii</span> <span class='ocrx_word' id='word_1_236' title='bbox 1535 808 1623 834; x_wconf 76' lang='lat' dir='ltr'>vitain</span> <span class='ocrx_word' id='word_1_237' title='bbox 1653 807 1888 835; x_wconf 82' lang='lat' dir='ltr'>Melanchthonis</span> <span class='ocrx_word' id='word_1_238' title='bbox 1922 818 1950 846; x_wconf 85' lang='lat' dir='ltr'>p.</span> <span class='ocrx_word' id='word_1_239' title='bbox 1974 808 2017 838; x_wconf 78' lang='lat'>72</span> <span class='ocrx_word' id='word_1_240' title='bbox 2039 819 2104 848; x_wconf 89' lang='lat' dir='ltr'>sqq.</span> 
     </span>
     <span class='ocr_line' id='line_1_17' title="bbox 49 847 2106 886; baseline 0 -8"><span class='ocrx_word' id='word_1_241' title='bbox 49 851 163 879; x_wconf 86' lang='lat' dir='ltr'>Eodem</span> <span class='ocrx_word' id='word_1_242' title='bbox 187 850 272 877; x_wconf 91' lang='lat' dir='ltr'>modo</span> <span class='ocrx_word' id='word_1_243' title='bbox 297 849 523 885; x_wconf 82' lang='lat' dir='ltr'>distinguendus</span> <span class='ocrx_word' id='word_1_244' title='bbox 544 854 588 876; x_wconf 90' lang='lat' dir='ltr'>est</span> <span class='ocrx_word' id='word_1_245' title='bbox 614 847 824 876; x_wconf 85' lang='lat' dir='ltr'>Melanchthou</span> <span class='ocrx_word' id='word_1_246' title='bbox 850 849 930 886; x_wconf 89' lang='lat' dir='ltr'>prior</span> <span class='ocrx_word' id='word_1_247' title='bbox 954 854 983 875; x_wconf 91' lang='lat' dir='ltr'>et</span> <span class='ocrx_word' id='word_1_248' title='bbox 1007 849 1168 885; x_wconf 75' lang='lat' dir='ltr'>posterior,</span> <span class='ocrx_word' id='word_1_249' title='bbox 1199 849 1251 877; x_wconf 90' lang='lat' dir='ltr'>ille</span> <span class='ocrx_word' id='word_1_250' title='bbox 1275 850 1368 886; x_wconf 88' lang='lat' dir='ltr'>male,</span> <span class='ocrx_word' id='word_1_251' title='bbox 1398 849 1445 877; x_wconf 93' lang='lat' dir='ltr'>hic</span> <span class='ocrx_word' id='word_1_252' title='bbox 1468 851 1544 877; x_wconf 90' lang='lat' dir='ltr'>bene</span> <span class='ocrx_word' id='word_1_253' title='bbox 1564 851 1694 878; x_wconf 81' lang='lat' dir='ltr'>sentiens</span> <span class='ocrx_word' id='word_1_254' title='bbox 1726 857 1755 878; x_wconf 84' lang='lat' dir='ltr'>et</span> <span class='ocrx_word' id='word_1_255' title='bbox 1778 850 1909 878; x_wconf 87' lang='lat' dir='ltr'>iudicans</span> <span class='ocrx_word' id='word_1_256' title='bbox 1932 852 1969 879; x_wconf 90' lang='lat' dir='ltr'>de</span> <span class='ocrx_word' id='word_1_257' title='bbox 1993 853 2106 880; x_wconf 81' lang='lat' dir='ltr'>Aristo-</span> 
     </span>
     <span class='ocr_line' id='line_1_18' title="bbox 49 891 2103 930; baseline 0 -8"><span class='ocrx_word' id='word_1_258' title='bbox 49 894 122 922; x_wconf 87' lang='lat' dir='ltr'>tele.</span> <span class='ocrx_word' id='word_1_259' title='bbox 164 892 236 920; x_wconf 91' lang='lat' dir='ltr'>Sine</span> <span class='ocrx_word' id='word_1_260' title='bbox 260 891 346 919; x_wconf 87' lang='lat' dir='ltr'>dubio</span> <span class='ocrx_word' id='word_1_261' title='bbox 370 891 421 918; x_wconf 89' lang='lat' dir='ltr'>ille</span> <span class='ocrx_word' id='word_1_262' title='bbox 446 891 572 919; x_wconf 87' lang='lat' dir='ltr'>Lutheri</span> <span class='ocrx_word' id='word_1_263' title='bbox 595 901 683 919; x_wconf 89' lang='lat' dir='ltr'>causa</span> <span class='ocrx_word' id='word_1_264' title='bbox 707 892 831 928; x_wconf 87' lang='lat' dir='ltr'>primum</span> <span class='ocrx_word' id='word_1_265' title='bbox 857 891 958 928; x_wconf 85' lang='lat' dir='ltr'>quavis</span> <span class='ocrx_word' id='word_1_266' title='bbox 983 891 1135 918; x_wconf 80' lang='lat' dir='ltr'>occasione</span> <span class='ocrx_word' id='word_1_267' title='bbox 1160 892 1349 920; x_wconf 79' lang='lat' dir='ltr'>Aristotelem</span> <span class='ocrx_word' id='word_1_268' title='bbox 1374 894 1534 930; x_wconf 78' lang='lat' dir='ltr'>carpebat,</span> <span class='ocrx_word' id='word_1_269' title='bbox 1565 894 1732 930; x_wconf 85' lang='lat' dir='ltr'>insequenti</span> <span class='ocrx_word' id='word_1_270' title='bbox 1762 899 1895 930; x_wconf 88' lang='lat' dir='ltr'>tempore</span> <span class='ocrx_word' id='word_1_271' title='bbox 1918 900 2017 922; x_wconf 86' lang='lat' dir='ltr'>autem</span> <span class='ocrx_word' id='word_1_272' title='bbox 2039 895 2103 922; x_wconf 83' lang='lat' dir='ltr'>lau-</span> 
     </span>
     <span class='ocr_line' id='line_1_19' title="bbox 49 933 2103 974; baseline 0 -10"><span class='ocrx_word' id='word_1_273' title='bbox 49 936 147 964; x_wconf 87' lang='lat' dir='ltr'>dabat.</span> <span class='ocrx_word' id='word_1_274' title='bbox 192 935 330 972; x_wconf 84' lang='lat' dir='ltr'>Inprimis</span> <span class='ocrx_word' id='word_1_275' title='bbox 353 934 527 961; x_wconf 88' lang='lat' dir='ltr'>acerrimum</span> <span class='ocrx_word' id='word_1_276' title='bbox 554 942 586 961; x_wconf 84' lang='lat' dir='ltr'>se</span> <span class='ocrx_word' id='word_1_277' title='bbox 616 935 730 962; x_wconf 87' lang='lat' dir='ltr'>hostem</span> <span class='ocrx_word' id='word_1_278' title='bbox 753 933 921 962; x_wconf 83' lang='lat' dir='ltr'>Aristotelis</span> <span class='ocrx_word' id='word_1_279' title='bbox 944 933 1107 961; x_wconf 82' lang='lat' dir='ltr'>declaravit</span> <span class='ocrx_word' id='word_1_280' title='bbox 1130 935 1157 960; x_wconf 92' lang='lat' dir='ltr'>in</span> <span class='ocrx_word' id='word_1_281' title='bbox 1181 935 1357 963; x_wconf 78' lang='lat' dir='ltr'>editionibus</span> <span class='ocrx_word' id='word_1_282' title='bbox 1390 936 1504 972; x_wconf 83' lang='lat' dir='ltr'>primae</span> <span class='ocrx_word' id='word_1_283' title='bbox 1529 936 1627 964; x_wconf 84' lang='lat' dir='ltr'>classis</span> <span class='ocrx_word' id='word_1_284' title='bbox 1649 936 1793 963; x_wconf 79' lang='lat' dir='ltr'>Locorum</span> <span class='ocrx_word' id='word_1_285' title='bbox 1820 937 2034 974; x_wconf 86' lang='lat' dir='ltr'>communium,</span> <span class='ocrx_word' id='word_1_286' title='bbox 2058 937 2103 964; x_wconf 92' lang='lat' dir='ltr'>di-</span> 
     </span>
     <span class='ocr_line' id='line_1_20' title="bbox 49 976 2103 1018; baseline 0 -11"><span class='ocrx_word' id='word_1_287' title='bbox 49 988 134 1007; x_wconf 85' lang='lat' dir='ltr'>cens:</span> <span class='ocrx_word' id='word_1_288' title='bbox 156 977 321 1005; x_wconf 84' lang='lat' dir='ltr'>Aristotelis</span> <span class='ocrx_word' id='word_1_289' title='bbox 345 977 478 1004; x_wconf 86' lang='lat' dir='ltr'>doctrina</span> <span class='ocrx_word' id='word_1_290' title='bbox 506 984 550 1004; x_wconf 88' lang='lat' dir='ltr'>est</span> <span class='ocrx_word' id='word_1_291' title='bbox 574 978 600 1003; x_wconf 95' lang='lat' dir='ltr'>in</span> <span class='ocrx_word' id='word_1_292' title='bbox 626 978 794 1004; x_wconf 86' lang='lat' dir='ltr'>universum</span> <span class='ocrx_word' id='word_1_293' title='bbox 818 976 962 1014; x_wconf 83' lang='lat' dir='ltr'>quaedam</span> <span class='ocrx_word' id='word_1_294' title='bbox 989 976 1074 1003; x_wconf 88' lang='lat' dir='ltr'>libido</span> <span class='ocrx_word' id='word_1_295' title='bbox 1100 977 1232 1013; x_wconf 83' lang='lat' dir='ltr'>rixandi,</span> <span class='ocrx_word' id='word_1_296' title='bbox 1258 985 1287 1005; x_wconf 94' lang='lat' dir='ltr'>ut</span> <span class='ocrx_word' id='word_1_297' title='bbox 1313 987 1380 1005; x_wconf 88' lang='lat' dir='ltr'>eum</span> <span class='ocrx_word' id='word_1_298' title='bbox 1405 980 1433 1005; x_wconf 90' lang='lat' dir='ltr'>in</span> <span class='ocrx_word' id='word_1_299' title='bbox 1459 980 1665 1016; x_wconf 86' lang='lat' dir='ltr'>paraeneticae</span> <span class='ocrx_word' id='word_1_300' title='bbox 1689 978 1891 1016; x_wconf 79' lang='lat' dir='ltr'>philosophiae</span> <span class='ocrx_word' id='word_1_301' title='bbox 1915 980 2103 1018; x_wconf 87' lang='lat' dir='ltr'>scriptoribus</span> 
     </span>
    </p>
   </div>
   <div class='ocr_carea' id='block_1_5' title="bbox 47 1019 2103 1144">
    <p class='ocr_par' dir='ltr' id='par_1_5' title="bbox 47 1019 2103 1144">
     <span class='ocr_line' id='line_1_21' title="bbox 48 1019 2103 1058; baseline 0.001 -10"><span class='ocrx_word' id='word_1_302' title='bbox 48 1030 87 1050; x_wconf 82' lang='lat' dir='ltr'>ne</span> <span class='ocrx_word' id='word_1_303' title='bbox 110 1026 260 1058; x_wconf 87' lang='lat' dir='ltr'>postremo</span> <span class='ocrx_word' id='word_1_304' title='bbox 290 1019 411 1057; x_wconf 87' lang='lat' dir='ltr'>quidem</span> <span class='ocrx_word' id='word_1_305' title='bbox 436 1019 498 1047; x_wconf 86' lang='lat' dir='ltr'>loco</span> <span class='ocrx_word' id='word_1_306' title='bbox 529 1028 686 1048; x_wconf 83' lang='lat' dir='ltr'>numerare</span> <span class='ocrx_word' id='word_1_307' title='bbox 717 1020 871 1047; x_wconf 88' lang='lat' dir='ltr'>conveniat</span> <span class='ocrx_word' id='word_1_308' title='bbox 906 1035 943 1039; x_wconf 90' lang='lat'>——</span> <span class='ocrx_word' id='word_1_309' title='bbox 970 1019 998 1046; x_wconf 90' lang='lat' dir='ltr'>id</span> <span class='ocrx_word' id='word_1_310' title='bbox 1030 1025 1061 1046; x_wconf 89' lang='lat' dir='ltr'>ut</span> <span class='ocrx_word' id='word_1_311' title='bbox 1086 1021 1239 1048; x_wconf 74' lang='lat' dir='ltr'>conveniat</span> <span class='ocrx_word' id='word_1_312' title='bbox 1269 1030 1333 1048; x_wconf 92' lang='lat' dir='ltr'>cum</span> <span class='ocrx_word' id='word_1_313' title='bbox 1359 1022 1524 1049; x_wconf 77' lang='lat' dir='ltr'>Aristotelis</span> <span class='ocrx_word' id='word_1_314' title='bbox 1554 1021 1756 1058; x_wconf 79' lang='lat' dir='ltr'>philosophia,</span> <span class='ocrx_word' id='word_1_315' title='bbox 1786 1032 1843 1049; x_wconf 85' lang='lat' dir='ltr'>non</span> <span class='ocrx_word' id='word_1_316' title='bbox 1869 1023 1978 1050; x_wconf 89' lang='lat' dir='ltr'>laboro.</span> <span class='ocrx_word' id='word_1_317' title='bbox 2023 1023 2103 1055; x_wconf 90' lang='lat' dir='ltr'>Quid</span> 
     </span>
     <span class='ocr_line' id='line_1_22' title="bbox 49 1060 2101 1103; baseline 0.001 -12"><span class='ocrx_word' id='word_1_318' title='bbox 49 1065 127 1092; x_wconf 88' lang='lat' dir='ltr'>enim</span> <span class='ocrx_word' id='word_1_319' title='bbox 151 1063 189 1091; x_wconf 87' lang='lat' dir='ltr'>ad</span> <span class='ocrx_word' id='word_1_320' title='bbox 214 1070 279 1098; x_wconf 90' lang='lat' dir='ltr'>me,</span> <span class='ocrx_word' id='word_1_321' title='bbox 313 1062 382 1099; x_wconf 89' lang='lat' dir='ltr'>qnid</span> <span class='ocrx_word' id='word_1_322' title='bbox 413 1062 539 1089; x_wconf 76' lang='lat' dir='ltr'>senserit</span> <span class='ocrx_word' id='word_1_323' title='bbox 569 1063 620 1090; x_wconf 89' lang='lat' dir='ltr'>ille</span> <span class='ocrx_word' id='word_1_324' title='bbox 646 1060 779 1089; x_wconf 67' lang='lat' dir='ltr'>rixator‘?</span> <span class='ocrx_word' id='word_1_325' title='bbox 805 1078 843 1082; x_wconf 93' lang='lat'><strong>—</strong></span> <span class='ocrx_word' id='word_1_326' title='bbox 889 1061 951 1089; x_wconf 87' lang='lat' dir='ltr'>Hoc</span> <span class='ocrx_word' id='word_1_327' title='bbox 985 1068 1029 1089; x_wconf 89' lang='lat' dir='ltr'>est</span> <span class='ocrx_word' id='word_1_328' title='bbox 1060 1067 1089 1088; x_wconf 85' lang='lat' dir='ltr'>et</span> <span class='ocrx_word' id='word_1_329' title='bbox 1112 1061 1250 1090; x_wconf 80' lang='lat' dir='ltr'>festivum</span> <span class='ocrx_word' id='word_1_330' title='bbox 1283 1070 1311 1091; x_wconf 90' lang='lat' dir='ltr'>et</span> <span class='ocrx_word' id='word_1_331' title='bbox 1342 1072 1426 1091; x_wconf 89' lang='lat' dir='ltr'>mere</span> <span class='ocrx_word' id='word_1_332' title='bbox 1450 1065 1685 1098; x_wconf 79' lang='lat' dir='ltr'>Aristotelicum,</span> <span class='ocrx_word' id='word_1_333' title='bbox 1715 1070 1745 1092; x_wconf 91' lang='lat' dir='ltr'>et</span> <span class='ocrx_word' id='word_1_334' title='bbox 1766 1065 1958 1094; x_wconf 85' lang='lat' dir='ltr'>Aristotelicis</span> <span class='ocrx_word' id='word_1_335' title='bbox 1981 1065 2101 1103; x_wconf 82' lang='lat' dir='ltr'>dignum</span> 
     </span>
     <span class='ocr_line' id='line_1_23' title="bbox 47 1105 2100 1144; baseline 0.001 -10"><span class='ocrx_word' id='word_1_336' title='bbox 47 1106 208 1144; x_wconf 87' lang='lat' dir='ltr'>Theologis</span> <span class='ocrx_word' id='word_1_337' title='bbox 231 1111 438 1133; x_wconf 88' lang='lat' dir='ltr'>commentum.</span> <span class='ocrx_word' id='word_1_338' title='bbox 466 1120 505 1124; x_wconf 80' lang='lat'>-</span> <span class='ocrx_word' id='word_1_339' title='bbox 552 1105 653 1132; x_wconf 89' lang='lat' dir='ltr'>Foede</span> <span class='ocrx_word' id='word_1_340' title='bbox 677 1105 848 1132; x_wconf 85' lang='lat' dir='ltr'>hallucinati</span> <span class='ocrx_word' id='word_1_341' title='bbox 871 1110 938 1132; x_wconf 89' lang='lat' dir='ltr'>sunt</span> <span class='ocrx_word' id='word_1_342' title='bbox 962 1105 1070 1142; x_wconf 91' lang='lat' dir='ltr'>ubique</span> <span class='ocrx_word' id='word_1_343' title='bbox 1091 1105 1117 1130; x_wconf 95' lang='lat' dir='ltr'>in</span> <span class='ocrx_word' id='word_1_344' title='bbox 1144 1114 1176 1132; x_wconf 90' lang='lat' dir='ltr'>re</span> <span class='ocrx_word' id='word_1_345' title='bbox 1201 1105 1380 1143; x_wconf 84' lang='lat' dir='ltr'>theologica,</span> <span class='ocrx_word' id='word_1_346' title='bbox 1411 1107 1460 1144; x_wconf 89' lang='lat' dir='ltr'>qui</span> <span class='ocrx_word' id='word_1_347' title='bbox 1485 1108 1565 1134; x_wconf 84' lang='lat' dir='ltr'>nobis</span> <span class='ocrx_word' id='word_1_348' title='bbox 1595 1117 1647 1144; x_wconf 91' lang='lat' dir='ltr'>pro</span> <span class='ocrx_word' id='word_1_349' title='bbox 1671 1107 1780 1135; x_wconf 77' lang='lat' dir='ltr'>Christi</span> <span class='ocrx_word' id='word_1_350' title='bbox 1802 1108 1932 1136; x_wconf 86' lang='lat' dir='ltr'>doctrina</span> <span class='ocrx_word' id='word_1_351' title='bbox 1957 1109 2100 1137; x_wconf 80' lang='lat' dir='ltr'>Aristote-</span> 
     </span>
    </p>
   </div>
   <div class='ocr_carea' id='block_1_6' title="bbox 47 1146 2101 1230">
    <p class='ocr_par' dir='ltr' id='par_1_6' title="bbox 47 1146 2101 1230">
     <span class='ocr_line' id='line_1_24' title="bbox 47 1146 2101 1186; baseline 0.001 -9"><span class='ocrx_word' id='word_1_352' title='bbox 47 1149 118 1177; x_wconf 84' lang='lat' dir='ltr'>licas</span> <span class='ocrx_word' id='word_1_353' title='bbox 142 1157 235 1186; x_wconf 87' lang='lat' dir='ltr'>nugas</span> <span class='ocrx_word' id='word_1_354' title='bbox 258 1147 430 1186; x_wconf 88' lang='lat' dir='ltr'>prodidere.</span> <span class='ocrx_word' id='word_1_355' title='bbox 483 1147 573 1175; x_wconf 86' lang='lat' dir='ltr'>Plura</span> <span class='ocrx_word' id='word_1_356' title='bbox 598 1148 663 1175; x_wconf 84' lang='lat' dir='ltr'>vide</span> <span class='ocrx_word' id='word_1_357' title='bbox 694 1148 722 1175; x_wconf 90' lang='lat' dir='ltr'>in</span> <span class='ocrx_word' id='word_1_358' title='bbox 747 1147 895 1175; x_wconf 80' lang='lat' dir='ltr'>Elswicliii</span> <span class='ocrx_word' id='word_1_359' title='bbox 926 1146 1139 1176; x_wconf 55' lang='lat' dir='ltr'>schediasmate</span> <span class='ocrx_word' id='word_1_360' title='bbox 1170 1148 1208 1175; x_wconf 90' lang='lat' dir='ltr'>de</span> <span class='ocrx_word' id='word_1_361' title='bbox 1240 1150 1318 1176; x_wconf 84' lang='lat' dir='ltr'>varia</span> <span class='ocrx_word' id='word_1_362' title='bbox 1342 1150 1505 1177; x_wconf 71' lang='lat' dir='ltr'>Aristotelis</span> <span class='ocrx_word' id='word_1_363' title='bbox 1536 1150 1564 1177; x_wconf 91' lang='lat' dir='ltr'>in</span> <span class='ocrx_word' id='word_1_364' title='bbox 1598 1150 1703 1177; x_wconf 86' lang='lat' dir='ltr'>scholis</span> <span class='ocrx_word' id='word_1_365' title='bbox 1724 1150 1953 1179; x_wconf 87' lang='lat' dir='ltr'>Protestantium</span> <span class='ocrx_word' id='word_1_366' title='bbox 1982 1152 2101 1180; x_wconf 85' lang='lat' dir='ltr'>fortuna</span> 
     </span>
     <span class='ocr_line' id='line_1_25' title="bbox 48 1188 1627 1230; baseline 0 -10"><span class='ocrx_word' id='word_1_367' title='bbox 48 1201 78 1230; x_wconf 86' lang='lat' dir='ltr'>p.</span> <span class='ocrx_word' id='word_1_368' title='bbox 99 1189 143 1220; x_wconf 70' lang='lat'>24</span> <span class='ocrx_word' id='word_1_369' title='bbox 166 1201 231 1229; x_wconf 80' lang='lat' dir='ltr'>sqq.</span> <span class='ocrx_word' id='word_1_370' title='bbox 253 1190 387 1228; x_wconf 80' lang='lat' dir='ltr'>praefixo</span> <span class='ocrx_word' id='word_1_371' title='bbox 412 1188 453 1218; x_wconf 79' lang='lat' dir='ltr'>Io.</span> <span class='ocrx_word' id='word_1_372' title='bbox 476 1190 599 1218; x_wconf 87' lang='lat' dir='ltr'>Launoii</span> <span class='ocrx_word' id='word_1_373' title='bbox 623 1191 696 1218; x_wconf 93' lang='lat' dir='ltr'>libro</span> <span class='ocrx_word' id='word_1_374' title='bbox 723 1190 761 1218; x_wconf 90' lang='lat' dir='ltr'>de</span> <span class='ocrx_word' id='word_1_375' title='bbox 785 1191 863 1217; x_wconf 87' lang='lat' dir='ltr'>varia</span> <span class='ocrx_word' id='word_1_376' title='bbox 886 1190 1051 1218; x_wconf 82' lang='lat' dir='ltr'>Aristotelis</span> <span class='ocrx_word' id='word_1_377' title='bbox 1073 1189 1192 1218; x_wconf 79' lang='lat' dir='ltr'>fortuna</span> <span class='ocrx_word' id='word_1_378' title='bbox 1220 1192 1248 1218; x_wconf 91' lang='lat' dir='ltr'>in</span> <span class='ocrx_word' id='word_1_379' title='bbox 1274 1192 1433 1220; x_wconf 84' lang='lat' dir='ltr'>Academia</span> <span class='ocrx_word' id='word_1_380' title='bbox 1457 1190 1627 1221; x_wconf 85' lang='lat' dir='ltr'>Parisiensi.</span> 
     </span>
    </p>
   </div>
   <div class='ocr_carea' id='block_1_7' title="bbox 48 1256 2103 1343">
    <p class='ocr_par' dir='ltr' id='par_1_7' title="bbox 48 1256 2103 1343">
     <span class='ocr_line' id='line_1_26' title="bbox 178 1256 2103 1298; baseline 0.001 -9"><span class='ocrx_word' id='word_1_381' title='bbox 178 1259 240 1289; x_wconf 82' lang='lat' dir='ltr'>Ad</span> <span class='ocrx_word' id='word_1_382' title='bbox 263 1258 386 1298; x_wconf 81' lang='lat' dir='ltr'>Praef.</span> <span class='ocrx_word' id='word_1_383' title='bbox 414 1256 607 1289; x_wconf 78' lang='lat' dir='ltr'><em>XXVIII.</em></span> <span class='ocrx_word' id='word_1_384' title='bbox 655 1258 751 1298; x_wconf 88' lang='lat' dir='ltr'>[Hanc</span> <span class='ocrx_word' id='word_1_385' title='bbox 781 1260 880 1288; x_wconf 75' lang='lat' dir='ltr'>Praet&#39;.</span> <span class='ocrx_word' id='word_1_386' title='bbox 905 1259 1068 1287; x_wconf 83' lang='lat' dir='ltr'>Strobelius</span> <span class='ocrx_word' id='word_1_387' title='bbox 1097 1259 1253 1296; x_wconf 86' lang='lat' dir='ltr'>exscripsit</span> <span class='ocrx_word' id='word_1_388' title='bbox 1283 1268 1320 1287; x_wconf 83' lang='lat' dir='ltr'>ex</span> <span class='ocrx_word' id='word_1_389' title='bbox 1353 1260 1425 1287; x_wconf 89' lang='lat' dir='ltr'>libro</span> <span class='ocrx_word' id='word_1_390' title='bbox 1454 1263 1495 1288; x_wconf 88' lang='lat' dir='ltr'>sic</span> <span class='ocrx_word' id='word_1_391' title='bbox 1525 1261 1681 1298; x_wconf 87' lang='lat' dir='ltr'>inscripto:</span> <span class='ocrx_word' id='word_1_392' title='bbox 1719 1259 1836 1289; x_wconf 71' lang='lat' dir='ltr'>Prima</span> <span class='ocrx_word' id='word_1_393' title='bbox 1862 1259 1948 1290; x_wconf 83' lang='lat' dir='ltr'>Pars</span> <span class='ocrx_word' id='word_1_394' title='bbox 1970 1259 2103 1291; x_wconf 84' lang='lat' dir='ltr'>Ebreae</span> 
     </span>
     <span class='ocr_line' id='line_1_27' title="bbox 48 1299 1773 1343; baseline -0.001 -10"><span class='ocrx_word' id='word_1_395' title='bbox 48 1300 290 1333; x_wconf 80' lang='lat' dir='ltr'>Grammatices</span> <span class='ocrx_word' id='word_1_396' title='bbox 312 1311 376 1341; x_wconf 83' lang='lat' dir='ltr'>pro</span> <span class='ocrx_word' id='word_1_397' title='bbox 402 1299 654 1340; x_wconf 73' lang='lat' dir='ltr'>incipientibus.</span> <span class='ocrx_word' id='word_1_398' title='bbox 700 1304 832 1331; x_wconf 87' lang='lat' dir='ltr'>Autore</span> <span class='ocrx_word' id='word_1_399' title='bbox 856 1299 927 1330; x_wconf 77' lang='lat'><em>1071.</em></span> <span class='ocrx_word' id='word_1_400' title='bbox 952 1302 1135 1331; x_wconf 80' lang='lat' dir='ltr'>Auenario</span> <span class='ocrx_word' id='word_1_401' title='bbox 1158 1299 1315 1338; x_wconf 80' lang='lat' dir='ltr'>Egrano.</span> <span class='ocrx_word' id='word_1_402' title='bbox 1368 1299 1577 1342; x_wconf 56' lang='lat' dir='ltr'>&#39;Vitebergae</span> <span class='ocrx_word' id='word_1_403' title='bbox 1602 1302 1695 1333; x_wconf 83' lang='lat'><strong>1557.</strong></span> <span class='ocrx_word' id='word_1_404' title='bbox 1725 1302 1773 1343; x_wconf 76' lang='grc'>8.]</span> 
     </span>
    </p>
   </div>
   <div class='ocr_carea' id='block_1_8' title="bbox 41 1360 2102 1634">
    <p class='ocr_par' dir='ltr' id='par_1_8' title="bbox 44 1360 2102 1445">
     <span class='ocr_line' id='line_1_28' title="bbox 176 1360 2102 1404; baseline 0.002 -12"><span class='ocrx_word' id='word_1_405' title='bbox 176 1362 239 1393; x_wconf 83' lang='lat' dir='ltr'>Ad</span> <span class='ocrx_word' id='word_1_406' title='bbox 262 1361 386 1401; x_wconf 79' lang='lat' dir='ltr'>Praef.</span> <span class='ocrx_word' id='word_1_407' title='bbox 415 1360 579 1391; x_wconf 85' lang='lat' dir='ltr'><em>XXXII.</em></span> <span class='ocrx_word' id='word_1_408' title='bbox 640 1361 819 1402; x_wconf 84' lang='lat' dir='ltr'>[Strobelius</span> <span class='ocrx_word' id='word_1_409' title='bbox 842 1363 916 1390; x_wconf 84' lang='lat' dir='ltr'>hanc</span> <span class='ocrx_word' id='word_1_410' title='bbox 939 1361 1040 1391; x_wconf 87' lang='lat' dir='ltr'>Praef.</span> <span class='ocrx_word' id='word_1_411' title='bbox 1072 1362 1226 1399; x_wconf 76' lang='lat' dir='ltr'>exscripsit</span> <span class='ocrx_word' id='word_1_412' title='bbox 1249 1371 1289 1390; x_wconf 89' lang='lat' dir='ltr'>ex</span> <span class='ocrx_word' id='word_1_413' title='bbox 1312 1363 1366 1391; x_wconf 88' lang='lat' dir='ltr'>hac</span> <span class='ocrx_word' id='word_1_414' title='bbox 1388 1363 1444 1392; x_wconf 86' lang='lat' dir='ltr'>Ed.</span> <span class='ocrx_word' id='word_1_415' title='bbox 1466 1365 1634 1401; x_wconf 76' lang='lat' dir='ltr'>Syntaxeos</span> <span class='ocrx_word' id='word_1_416' title='bbox 1655 1365 1746 1393; x_wconf 60' lang='lat' dir='ltr'>Met:</span> <span class='ocrx_word' id='word_1_417' title='bbox 1774 1362 1942 1404; x_wconf 72' lang='lat' dir='ltr'>Syntaxz‘s</span> <span class='ocrx_word' id='word_1_418' title='bbox 1967 1374 1988 1393; x_wconf 88' lang='lat' dir='ltr'>a</span> <span class='ocrx_word' id='word_1_419' title='bbox 2012 1363 2102 1396; x_wconf 76' lang='lat' dir='ltr'><strong><em>Phil.</em></strong></span> 
     </span>
     <span class='ocr_line' id='line_1_29' title="bbox 44 1402 1294 1445; baseline -0.001 -11"><span class='ocrx_word' id='word_1_420' title='bbox 44 1404 310 1437; x_wconf 77' lang='lat' dir='ltr'>Melanchthone</span> <span class='ocrx_word' id='word_1_421' title='bbox 332 1404 473 1434; x_wconf 82' lang='lat' dir='ltr'>collecta</span> <span class='ocrx_word' id='word_1_422' title='bbox 497 1409 529 1433; x_wconf 82' lang='lat' dir='ltr'>et</span> <span class='ocrx_word' id='word_1_423' title='bbox 552 1405 760 1443; x_wconf 77' lang='lat' dir='ltr'>locupletata</span> <span class='ocrx_word' id='word_1_424' title='bbox 784 1423 826 1427; x_wconf 91' lang='lat'>—</span> <span class='ocrx_word' id='word_1_425' title='bbox 848 1402 1099 1442; x_wconf 82' lang='lat' dir='ltr'>Norimbergae</span> <span class='ocrx_word' id='word_1_426' title='bbox 1124 1403 1218 1433; x_wconf 75' lang='lat'>1540.</span> <span class='ocrx_word' id='word_1_427' title='bbox 1248 1404 1294 1445; x_wconf 87' lang='grc'>8.]</span> 
     </span>
    </p>

    <p class='ocr_par' dir='ltr' id='par_1_9' title="bbox 41 1460 2102 1634">
     <span class='ocr_line' id='line_1_30' title="bbox 174 1460 2102 1508; baseline 0.003 -14"><span class='ocrx_word' id='word_1_428' title='bbox 174 1463 235 1494; x_wconf 84' lang='lat' dir='ltr'>Ad</span> <span class='ocrx_word' id='word_1_429' title='bbox 258 1460 377 1492; x_wconf 80' lang='lat' dir='ltr'>verba:</span> <span class='ocrx_word' id='word_1_430' title='bbox 407 1461 526 1500; x_wconf 89' lang='lat' dir='ltr'>„Pater</span> <span class='ocrx_word' id='word_1_431' title='bbox 552 1473 618 1492; x_wconf 86' lang='lat' dir='ltr'>vero</span> <span class='ocrx_word' id='word_1_432' title='bbox 629 1463 647 1476; x_wconf 93' lang='lat'>&#39;’</span> <span class='ocrx_word' id='word_1_433' title='bbox 672 1463 780 1501; x_wconf 90' lang='lat' dir='ltr'>[Corp.</span> <span class='ocrx_word' id='word_1_434' title='bbox 807 1463 858 1493; x_wconf 91' lang='lat' dir='ltr'>lll.</span> <span class='ocrx_word' id='word_1_435' title='bbox 883 1474 912 1501; x_wconf 91' lang='lat' dir='ltr'>p.</span> <span class='ocrx_word' id='word_1_436' title='bbox 937 1462 1018 1500; x_wconf 87' lang='grc'><strong>536,</strong></span> <span class='ocrx_word' id='word_1_437' title='bbox 1049 1464 1099 1495; x_wconf 80' lang='lat' dir='ltr'>lin.</span> <span class='ocrx_word' id='word_1_438' title='bbox 1123 1463 1187 1502; x_wconf 84' lang='lat'><strong>3.]:</strong></span> <span class='ocrx_word' id='word_1_439' title='bbox 1218 1465 1391 1494; x_wconf 83' lang='lat' dir='ltr'>Encomium</span> <span class='ocrx_word' id='word_1_440' title='bbox 1421 1467 1515 1494; x_wconf 87' lang='lat' dir='ltr'>Patris</span> <span class='ocrx_word' id='word_1_441' title='bbox 1537 1467 1578 1495; x_wconf 85' lang='lat' dir='ltr'>tui</span> <span class='ocrx_word' id='word_1_442' title='bbox 1599 1472 1629 1495; x_wconf 89' lang='lat' dir='ltr'>et</span> <span class='ocrx_word' id='word_1_443' title='bbox 1652 1474 1732 1495; x_wconf 91' lang='lat' dir='ltr'>tuum</span> <span class='ocrx_word' id='word_1_444' title='bbox 1764 1468 1878 1505; x_wconf 83' lang='lat' dir='ltr'>longius</span> <span class='ocrx_word' id='word_1_445' title='bbox 1908 1469 2102 1508; x_wconf 86' lang='lat' dir='ltr'>institueram,</span> 
     </span>
     <span class='ocr_line' id='line_1_31' title="bbox 44 1507 2101 1551; baseline 0.002 -14"><span class='ocrx_word' id='word_1_446' title='bbox 44 1509 98 1538; x_wconf 86' lang='lat' dir='ltr'>sed</span> <span class='ocrx_word' id='word_1_447' title='bbox 121 1514 225 1546; x_wconf 87' lang='lat' dir='ltr'>postea</span> <span class='ocrx_word' id='word_1_448' title='bbox 247 1507 385 1535; x_wconf 87' lang='lat' dir='ltr'>mutilare</span> <span class='ocrx_word' id='word_1_449' title='bbox 409 1512 526 1534; x_wconf 84' lang='lat' dir='ltr'>coactus</span> <span class='ocrx_word' id='word_1_450' title='bbox 555 1516 617 1534; x_wconf 87' lang='lat' dir='ltr'>sum</span> <span class='ocrx_word' id='word_1_451' title='bbox 642 1507 761 1534; x_wconf 87' lang='lat' dir='ltr'>arbitrio</span> <span class='ocrx_word' id='word_1_452' title='bbox 784 1507 972 1545; x_wconf 80' lang='lat' dir='ltr'>typographi.</span> <span class='ocrx_word' id='word_1_453' title='bbox 1018 1507 1107 1535; x_wconf 86' lang='lat' dir='ltr'>Tales</span> <span class='ocrx_word' id='word_1_454' title='bbox 1137 1507 1278 1536; x_wconf 86' lang='lat' dir='ltr'>habemus</span> <span class='ocrx_word' id='word_1_455' title='bbox 1301 1509 1483 1550; x_wconf 75' lang='lat' dir='ltr'>Aristarchus</span> <span class='ocrx_word' id='word_1_456' title='bbox 1507 1516 1672 1538; x_wconf 88' lang='lat' dir='ltr'>nostrorum</span> <span class='ocrx_word' id='word_1_457' title='bbox 1703 1510 1894 1548; x_wconf 89' lang='lat' dir='ltr'>scriptorum,</span> <span class='ocrx_word' id='word_1_458' title='bbox 1925 1514 1974 1550; x_wconf 89' lang='lat' dir='ltr'>qui</span> <span class='ocrx_word' id='word_1_459' title='bbox 1997 1519 2101 1551; x_wconf 88' lang='lat' dir='ltr'>aperte</span> 
     </span>
     <span class='ocr_line' id='line_1_32' title="bbox 44 1549 2100 1624; baseline 0.002 -45"><span class='ocrx_word' id='word_1_460' title='bbox 44 1551 151 1624; x_wconf 61' lang='lat' dir='ltr'>mugiri</span> <span class='ocrx_word' id='word_1_461' title='bbox 181 1550 351 1589; x_wconf 88' lang='lat' dir='ltr'>postulant,</span> <span class='ocrx_word' id='word_1_462' title='bbox 381 1558 457 1586; x_wconf 88' lang='lat' dir='ltr'>quae</span> <span class='ocrx_word' id='word_1_463' title='bbox 490 1549 609 1585; x_wconf 81' lang='lat' dir='ltr'>volunt,</span> <span class='ocrx_word' id='word_1_464' title='bbox 639 1550 688 1577; x_wconf 87' lang='lat' dir='ltr'>alii</span> <span class='ocrx_word' id='word_1_465' title='bbox 713 1551 799 1578; x_wconf 87' lang='lat' dir='ltr'>tacite</span> <span class='ocrx_word' id='word_1_466' title='bbox 828 1551 980 1578; x_wconf 82' lang='lat' dir='ltr'>arrodunt.</span> <span class='ocrx_word' id='word_1_467' title='bbox 1003 1565 1046 1570; x_wconf 87' lang='lat'><strong>—</strong></span> <span class='ocrx_word' id='word_1_468' title='bbox 1092 1550 1172 1577; x_wconf 84' lang='lat' dir='ltr'>Haec</span> <span class='ocrx_word' id='word_1_469' title='bbox 1195 1551 1404 1579; x_wconf 86' lang='lat' dir='ltr'>Melanchthou</span> <span class='ocrx_word' id='word_1_470' title='bbox 1436 1553 1473 1580; x_wconf 88' lang='lat' dir='ltr'>ad</span> <span class='ocrx_word' id='word_1_471' title='bbox 1504 1552 1576 1581; x_wconf 88' lang='lat' dir='ltr'>lust.</span> <span class='ocrx_word' id='word_1_472' title='bbox 1600 1550 1698 1580; x_wconf 89' lang='lat' dir='ltr'>Ionam</span> <span class='ocrx_word' id='word_1_473' title='bbox 1723 1553 1810 1582; x_wconf 90' lang='lat' dir='ltr'>Libro</span> <span class='ocrx_word' id='word_1_474' title='bbox 1833 1555 1870 1583; x_wconf 84' lang='lat' dir='ltr'>V.</span> <span class='ocrx_word' id='word_1_475' title='bbox 1901 1555 2100 1593; x_wconf 79' lang='lat' dir='ltr'>Epistolarum</span> 
     </span>
     <span class='ocr_line' id='line_1_33' title="bbox 41 1605 126 1634; baseline 0 -10"><span class='ocrx_word' id='word_1_476' title='bbox 41 1605 73 1634; x_wconf 80' lang='lat' dir='ltr'>p.</span> <span class='ocrx_word' id='word_1_477' title='bbox 119 1616 126 1624; x_wconf 87' lang='lat'><strong>.</strong></span> 
     </span>
    </p>
   </div>
   <div class='ocr_carea' id='block_1_9' title="bbox 42 1648 2100 1906">
    <p class='ocr_par' dir='ltr' id='par_1_10' title="bbox 42 1648 2100 1906">
     <span class='ocr_line' id='line_1_34' title="bbox 171 1648 2100 1696; baseline 0.003 -16"><span class='ocrx_word' id='word_1_478' title='bbox 171 1651 232 1683; x_wconf 86' lang='lat' dir='ltr'>Ad</span> <span class='ocrx_word' id='word_1_479' title='bbox 254 1648 373 1680; x_wconf 77' lang='lat' dir='ltr'>verba:</span> <span class='ocrx_word' id='word_1_480' title='bbox 397 1657 524 1688; x_wconf 86' lang='lat' dir='ltr'>„tantus</span> <span class='ocrx_word' id='word_1_481' title='bbox 549 1651 691 1689; x_wconf 87' lang='lat' dir='ltr'>splendor</span> <span class='ocrx_word' id='word_1_482' title='bbox 716 1651 744 1678; x_wconf 91' lang='lat' dir='ltr'>in</span> <span class='ocrx_word' id='word_1_483' title='bbox 769 1652 831 1678; x_wconf 87' lang='lat' dir='ltr'>eius</span> <span class='ocrx_word' id='word_1_484' title='bbox 855 1650 1017 1679; x_wconf 89' lang='lat' dir='ltr'>oratione”</span> <span class='ocrx_word' id='word_1_485' title='bbox 1041 1651 1145 1689; x_wconf 88' lang='lat' dir='ltr'>[Corp.</span> <span class='ocrx_word' id='word_1_486' title='bbox 1171 1653 1191 1680; x_wconf 91' lang='lat' dir='ltr'>l.</span> <span class='ocrx_word' id='word_1_487' title='bbox 1217 1654 1236 1681; x_wconf 88' lang='lat' dir='ltr'>l.</span> <span class='ocrx_word' id='word_1_488' title='bbox 1262 1664 1292 1691; x_wconf 89' lang='lat' dir='ltr'>p.</span> <span class='ocrx_word' id='word_1_489' title='bbox 1317 1651 1392 1690; x_wconf 81' lang='lat'>536,</span> <span class='ocrx_word' id='word_1_490' title='bbox 1416 1654 1468 1681; x_wconf 89' lang='lat' dir='ltr'>lin.</span> <span class='ocrx_word' id='word_1_491' title='bbox 1489 1653 1510 1682; x_wconf 87' lang='lat'>5</span> <span class='ocrx_word' id='word_1_492' title='bbox 1533 1653 1611 1693; x_wconf 84' lang='lat' dir='ltr'>sq.]:</span> <span class='ocrx_word' id='word_1_493' title='bbox 1642 1655 1854 1684; x_wconf 85' lang='lat' dir='ltr'>Melanchthon</span> <span class='ocrx_word' id='word_1_494' title='bbox 1877 1657 1942 1686; x_wconf 86' lang='lat' dir='ltr'>Lib.</span> <span class='ocrx_word' id='word_1_495' title='bbox 1968 1658 2003 1687; x_wconf 76' lang='lat' dir='ltr'>V.</span> <span class='ocrx_word' id='word_1_496' title='bbox 2027 1659 2100 1696; x_wconf 89' lang='lat' dir='ltr'>Epi-</span> 
     </span>
     <span class='ocr_line' id='line_1_35' title="bbox 45 1693 2099 1738; baseline 0.001 -12"><span class='ocrx_word' id='word_1_497' title='bbox 45 1698 185 1726; x_wconf 84' lang='lat' dir='ltr'>stolarum</span> <span class='ocrx_word' id='word_1_498' title='bbox 208 1706 240 1734; x_wconf 88' lang='lat' dir='ltr'>p.</span> <span class='ocrx_word' id='word_1_499' title='bbox 254 1693 322 1723; x_wconf 79' lang='lat'><strong>76-:</strong></span> <span class='ocrx_word' id='word_1_500' title='bbox 352 1695 476 1722; x_wconf 84' lang='lat' dir='ltr'>Praeter</span> <span class='ocrx_word' id='word_1_501' title='bbox 498 1694 554 1721; x_wconf 84' lang='lat' dir='ltr'>alia</span> <span class='ocrx_word' id='word_1_502' title='bbox 578 1700 753 1730; x_wconf 79' lang='lat' dir='ltr'>argumenta</span> <span class='ocrx_word' id='word_1_503' title='bbox 777 1694 948 1731; x_wconf 82' lang='lat' dir='ltr'>exemplum</span> <span class='ocrx_word' id='word_1_504' title='bbox 974 1694 1062 1721; x_wconf 90' lang='lat' dir='ltr'>etiam</span> <span class='ocrx_word' id='word_1_505' title='bbox 1087 1696 1231 1732; x_wconf 84' lang='lat' dir='ltr'>epistolae</span> <span class='ocrx_word' id='word_1_506' title='bbox 1255 1697 1290 1723; x_wconf 89' lang='lat' dir='ltr'>ad</span> <span class='ocrx_word' id='word_1_507' title='bbox 1308 1697 1407 1733; x_wconf 76' lang='lat' dir='ltr'>Reges</span> <span class='ocrx_word' id='word_1_508' title='bbox 1433 1697 1577 1724; x_wconf 80' lang='lat' dir='ltr'>delineavi</span> <span class='ocrx_word' id='word_1_509' title='bbox 1602 1698 1640 1725; x_wconf 86' lang='lat' dir='ltr'>de</span> <span class='ocrx_word' id='word_1_510' title='bbox 1663 1700 1847 1727; x_wconf 85' lang='lat' dir='ltr'>recusatione</span> <span class='ocrx_word' id='word_1_511' title='bbox 1870 1701 1998 1738; x_wconf 89' lang='lat' dir='ltr'>concilii,</span> <span class='ocrx_word' id='word_1_512' title='bbox 2023 1702 2099 1738; x_wconf 89' lang='lat' dir='ltr'>quod</span> 
     </span>
     <span class='ocr_line' id='line_1_36' title="bbox 44 1736 2099 1778; baseline 0.001 -9"><span class='ocrx_word' id='word_1_513' title='bbox 44 1750 109 1769; x_wconf 90' lang='lat' dir='ltr'>cum</span> <span class='ocrx_word' id='word_1_514' title='bbox 133 1739 327 1775; x_wconf 80' lang='lat' dir='ltr'>Witebergae</span> <span class='ocrx_word' id='word_1_515' title='bbox 351 1737 492 1772; x_wconf 83' lang='lat' dir='ltr'>edemus,</span> <span class='ocrx_word' id='word_1_516' title='bbox 515 1746 532 1764; x_wconf 85' lang='lat' dir='ltr'>a</span> <span class='ocrx_word' id='word_1_517' title='bbox 556 1742 585 1764; x_wconf 90' lang='lat' dir='ltr'>te</span> <span class='ocrx_word' id='word_1_518' title='bbox 609 1736 823 1774; x_wconf 80' lang='lat' dir='ltr'>expoliendum</span> <span class='ocrx_word' id='word_1_519' title='bbox 854 1742 884 1764; x_wconf 88' lang='lat' dir='ltr'>et</span> <span class='ocrx_word' id='word_1_520' title='bbox 908 1737 1133 1764; x_wconf 84' lang='lat' dir='ltr'>illuminandum</span> <span class='ocrx_word' id='word_1_521' title='bbox 1165 1739 1232 1766; x_wconf 88' lang='lat' dir='ltr'>erit.</span> <span class='ocrx_word' id='word_1_522' title='bbox 1277 1739 1404 1766; x_wconf 86' lang='lat' dir='ltr'>Materia</span> <span class='ocrx_word' id='word_1_523' title='bbox 1427 1739 1478 1766; x_wconf 89' lang='lat' dir='ltr'>illa</span> <span class='ocrx_word' id='word_1_524' title='bbox 1502 1750 1603 1767; x_wconf 88' lang='lat' dir='ltr'>sonum</span> <span class='ocrx_word' id='word_1_525' title='bbox 1629 1747 1709 1768; x_wconf 89' lang='lat' dir='ltr'>tuum</span> <span class='ocrx_word' id='word_1_526' title='bbox 1734 1742 1871 1778; x_wconf 88' lang='lat' dir='ltr'>requirit,</span> <span class='ocrx_word' id='word_1_527' title='bbox 1909 1749 1940 1771; x_wconf 90' lang='lat' dir='ltr'>ut</span> <span class='ocrx_word' id='word_1_528' title='bbox 1967 1745 2099 1772; x_wconf 85' lang='lat' dir='ltr'>exaudiri</span> 
     </span>
     <span class='ocr_line' id='line_1_37' title="bbox 42 1779 2099 1824; baseline 0.002 -12"><span class='ocrx_word' id='word_1_529' title='bbox 42 1784 152 1820; x_wconf 88' lang='lat' dir='ltr'>ubique</span> <span class='ocrx_word' id='word_1_530' title='bbox 177 1782 308 1819; x_wconf 81' lang='lat' dir='ltr'>gentium</span> <span class='ocrx_word' id='word_1_531' title='bbox 334 1781 435 1817; x_wconf 86' lang='lat' dir='ltr'>possit.</span> <span class='ocrx_word' id='word_1_532' title='bbox 481 1779 654 1816; x_wconf 78' lang='lat' dir='ltr'>Magnitudo</span> <span class='ocrx_word' id='word_1_533' title='bbox 678 1779 763 1807; x_wconf 90' lang='lat' dir='ltr'>huius</span> <span class='ocrx_word' id='word_1_534' title='bbox 786 1788 904 1807; x_wconf 86' lang='lat' dir='ltr'>caussae</span> <span class='ocrx_word' id='word_1_535' title='bbox 929 1789 985 1806; x_wconf 86' lang='lat' dir='ltr'>non</span> <span class='ocrx_word' id='word_1_536' title='bbox 1010 1780 1066 1806; x_wconf 81' lang='lat' dir='ltr'>iam</span> <span class='ocrx_word' id='word_1_537' title='bbox 1091 1786 1210 1817; x_wconf 78' lang='lat' dir='ltr'>argutas</span> <span class='ocrx_word' id='word_1_538' title='bbox 1229 1786 1340 1808; x_wconf 90' lang='lat' dir='ltr'>tantum</span> <span class='ocrx_word' id='word_1_539' title='bbox 1363 1782 1575 1819; x_wconf 80' lang='lat' dir='ltr'>disputationes</span> <span class='ocrx_word' id='word_1_540' title='bbox 1602 1783 1730 1820; x_wconf 78' lang='lat' dir='ltr'>flagitat,</span> <span class='ocrx_word' id='word_1_541' title='bbox 1753 1784 1804 1811; x_wconf 87' lang='lat' dir='ltr'>sed</span> <span class='ocrx_word' id='word_1_542' title='bbox 1828 1784 1908 1812; x_wconf 92' lang='lat' dir='ltr'>illam</span> <span class='ocrx_word' id='word_1_543' title='bbox 1921 1782 2099 1824; x_wconf 81' lang='grc' dir='ltr'><strong><em>δεινότητα</em></strong></span> 
     </span>
     <span class='ocr_line' id='line_1_38' title="bbox 43 1821 2096 1863; baseline 0.003 -11"><span class='ocrx_word' id='word_1_544' title='bbox 43 1826 100 1855; x_wconf 82' lang='grc' dir='ltr'>καὶ</span> <span class='ocrx_word' id='word_1_545' title='bbox 121 1822 392 1863; x_wconf 71' lang='grc' dir='ltr'><em>μεγαλοφωνίαν</em></span> <span class='ocrx_word' id='word_1_546' title='bbox 416 1831 487 1850; x_wconf 81' lang='lat' dir='ltr'>vere</span> <span class='ocrx_word' id='word_1_547' title='bbox 512 1823 678 1850; x_wconf 89' lang='lat' dir='ltr'>oratoriam.</span> <span class='ocrx_word' id='word_1_548' title='bbox 725 1822 768 1850; x_wconf 73' lang='lat' dir='ltr'>Ad</span> <span class='ocrx_word' id='word_1_549' title='bbox 794 1821 868 1849; x_wconf 87' lang='lat' dir='ltr'>hanc</span> <span class='ocrx_word' id='word_1_550' title='bbox 891 1830 1006 1858; x_wconf 88' lang='lat' dir='ltr'>partem</span> <span class='ocrx_word' id='word_1_551' title='bbox 1031 1821 1132 1850; x_wconf 79' lang='lat' dir='ltr'>harum</span> <span class='ocrx_word' id='word_1_552' title='bbox 1158 1825 1305 1851; x_wconf 86' lang='lat' dir='ltr'>actionum</span> <span class='ocrx_word' id='word_1_553' title='bbox 1321 1825 1457 1852; x_wconf 82' lang='lat' dir='ltr'>existimo</span> <span class='ocrx_word' id='word_1_554' title='bbox 1481 1825 1618 1852; x_wconf 87' lang='lat' dir='ltr'>divinitus</span> <span class='ocrx_word' id='word_1_555' title='bbox 1643 1832 1723 1853; x_wconf 85' lang='lat' dir='ltr'>tuum</span> <span class='ocrx_word' id='word_1_556' title='bbox 1748 1827 1896 1863; x_wconf 82' lang='lat' dir='ltr'>ingenium</span> <span class='ocrx_word' id='word_1_557' title='bbox 1919 1829 2096 1858; x_wconf 83' lang='lat' dir='ltr'>destinatum</span> 
     </span>
     <span class='ocr_line' id='line_1_39' title="bbox 42 1864 1165 1906; baseline -0.003 -9"><span class='ocrx_word' id='word_1_558' title='bbox 42 1877 125 1906; x_wconf 74' lang='lat' dir='ltr'>esse,</span> <span class='ocrx_word' id='word_1_559' title='bbox 154 1876 250 1905; x_wconf 89' lang='lat' dir='ltr'>eoque</span> <span class='ocrx_word' id='word_1_560' title='bbox 280 1873 310 1895; x_wconf 83' lang='lat' dir='ltr'>te</span> <span class='ocrx_word' id='word_1_561' title='bbox 333 1866 371 1893; x_wconf 88' lang='lat' dir='ltr'>ad</span> <span class='ocrx_word' id='word_1_562' title='bbox 393 1866 562 1893; x_wconf 85' lang='lat' dir='ltr'>societatem</span> <span class='ocrx_word' id='word_1_563' title='bbox 588 1864 690 1892; x_wconf 91' lang='lat' dir='ltr'>horum</span> <span class='ocrx_word' id='word_1_564' title='bbox 715 1865 908 1892; x_wconf 85' lang='lat' dir='ltr'>certaminum</span> <span class='ocrx_word' id='word_1_565' title='bbox 933 1870 1065 1892; x_wconf 81' lang='lat' dir='ltr'>vocatum</span> <span class='ocrx_word' id='word_1_566' title='bbox 1089 1875 1165 1894; x_wconf 80' lang='lat' dir='ltr'>esse.</span> 
     </span>
    </p>
   </div>
   <div class='ocr_carea' id='block_1_10' title="bbox 170 1925 1686 1964">
    <p class='ocr_par' dir='ltr' id='par_1_11' title="bbox 170 1925 1686 1964">
     <span class='ocr_line' id='line_1_40' title="bbox 170 1925 1686 1964; baseline -0.001 -7"><span class='ocrx_word' id='word_1_567' title='bbox 170 1927 388 1957; x_wconf 84' lang='lat' dir='ltr'>Praefationem</span> <span class='ocrx_word' id='word_1_568' title='bbox 413 1926 551 1955; x_wconf 82' lang='lat' dir='ltr'>XXXln.</span> <span class='ocrx_word' id='word_1_569' title='bbox 585 1932 748 1954; x_wconf 83' lang='lat' dir='ltr'>extremam</span> <span class='ocrx_word' id='word_1_570' title='bbox 773 1927 801 1954; x_wconf 90' lang='lat' dir='ltr'>in</span> <span class='ocrx_word' id='word_1_571' title='bbox 826 1925 880 1954; x_wconf 89' lang='lat' dir='ltr'>hoc</span> <span class='ocrx_word' id='word_1_572' title='bbox 902 1926 1042 1954; x_wconf 83' lang='lat' dir='ltr'>Strobelii</span> <span class='ocrx_word' id='word_1_573' title='bbox 1064 1926 1137 1953; x_wconf 88' lang='lat' dir='ltr'>libro</span> <span class='ocrx_word' id='word_1_574' title='bbox 1161 1930 1299 1963; x_wconf 82' lang='lat' dir='ltr'>tanquam</span> <span class='ocrx_word' id='word_1_575' title='bbox 1322 1926 1482 1962; x_wconf 79' lang='lat' dir='ltr'>Appendix</span> <span class='ocrx_word' id='word_1_576' title='bbox 1506 1933 1686 1964; x_wconf 88' lang='lat' dir='ltr'>sequuntur:</span> 
     </span>
    </p>
   </div>
   <div class='ocr_carea' id='block_1_11' title="bbox 41 2012 2094 2196">
    <p class='ocr_par' dir='ltr' id='par_1_12' title="bbox 41 2012 2094 2196">
     <span class='ocr_line' id='line_1_41' title="bbox 692 2012 1445 2051; baseline -0.003 -10"><span class='ocrx_word' id='word_1_577' title='bbox 692 2013 874 2051; x_wconf 85' lang='lat' dir='ltr'>Regulae</span> <span class='ocrx_word' id='word_1_578' title='bbox 906 2013 1091 2050; x_wconf 88' lang='lat' dir='ltr'>quaedam</span> <span class='ocrx_word' id='word_1_579' title='bbox 1116 2012 1445 2040; x_wconf 88' lang='lat' dir='ltr'>hermeneuticae</span> 
     </span>
     <span class='ocr_line' id='line_1_42' title="bbox 530 2054 1596 2094; baseline 0 -11"><span class='ocrx_word' id='word_1_580' title='bbox 530 2065 573 2084; x_wconf 85' lang='lat' dir='ltr'>ex</span> <span class='ocrx_word' id='word_1_581' title='bbox 604 2056 766 2094; x_wconf 81' lang='lat' dir='ltr'>scriptis</span> <span class='ocrx_word' id='word_1_582' title='bbox 796 2055 1111 2084; x_wconf 77' lang='lat' dir='ltr'>Melanchthonis</span> <span class='ocrx_word' id='word_1_583' title='bbox 1140 2054 1340 2083; x_wconf 85' lang='lat' dir='ltr'>hincinde</span> <span class='ocrx_word' id='word_1_584' title='bbox 1372 2061 1596 2092; x_wconf 76' lang='lat' dir='ltr'>excerptae.</span> 
     </span>
     <span class='ocr_line' id='line_1_43' title="bbox 168 2115 2094 2156; baseline 0.001 -10"><span class='ocrx_word' id='word_1_585' title='bbox 168 2117 272 2146; x_wconf 87' lang='lat' dir='ltr'>Omnis</span> <span class='ocrx_word' id='word_1_586' title='bbox 295 2117 387 2144; x_wconf 89' lang='lat' dir='ltr'>bouus</span> <span class='ocrx_word' id='word_1_587' title='bbox 409 2115 578 2154; x_wconf 82' lang='lat' dir='ltr'>Tlieologus</span> <span class='ocrx_word' id='word_1_588' title='bbox 601 2121 631 2144; x_wconf 88' lang='lat' dir='ltr'>et</span> <span class='ocrx_word' id='word_1_589' title='bbox 654 2115 750 2144; x_wconf 86' lang='lat' dir='ltr'>fidelis</span> <span class='ocrx_word' id='word_1_590' title='bbox 780 2116 929 2153; x_wconf 86' lang='lat' dir='ltr'>interpres</span> <span class='ocrx_word' id='word_1_591' title='bbox 959 2115 1111 2143; x_wconf 87' lang='lat' dir='ltr'>doctrinae</span> <span class='ocrx_word' id='word_1_592' title='bbox 1134 2116 1271 2144; x_wconf 85' lang='lat' dir='ltr'>coelestis</span> <span class='ocrx_word' id='word_1_593' title='bbox 1305 2116 1470 2143; x_wconf 87' lang='lat' dir='ltr'>necessario</span> <span class='ocrx_word' id='word_1_594' title='bbox 1505 2124 1570 2143; x_wconf 87' lang='lat' dir='ltr'>esse</span> <span class='ocrx_word' id='word_1_595' title='bbox 1601 2116 1689 2144; x_wconf 88' lang='lat' dir='ltr'>debet</span> <span class='ocrx_word' id='word_1_596' title='bbox 1722 2117 1847 2153; x_wconf 91' lang='lat' dir='ltr'>primum</span> <span class='ocrx_word' id='word_1_597' title='bbox 1870 2118 2094 2156; x_wconf 87' lang='lat' dir='ltr'>Grammaticus,</span> 
     </span>
     <span class='ocr_line' id='line_1_44' title="bbox 41 2159 652 2196; baseline -0.002 -7"><span class='ocrx_word' id='word_1_598' title='bbox 41 2161 150 2190; x_wconf 83' lang='lat' dir='ltr'>deinde</span> <span class='ocrx_word' id='word_1_599' title='bbox 173 2159 371 2195; x_wconf 87' lang='lat' dir='ltr'>Dialecticus,</span> <span class='ocrx_word' id='word_1_600' title='bbox 407 2159 536 2196; x_wconf 87' lang='lat' dir='ltr'>denique</span> <span class='ocrx_word' id='word_1_601' title='bbox 561 2160 652 2188; x_wconf 77' lang='lat' dir='ltr'>testis.</span> 
     </span>
    </p>
   </div>
   <div class='ocr_carea' id='block_1_12' title="bbox 171 2218 1523 2257">
    <p class='ocr_par' dir='ltr' id='par_1_13' title="bbox 171 2218 1523 2257">
     <span class='ocr_line' id='line_1_45' title="bbox 171 2218 1523 2257; baseline -0.001 -9"><span class='ocrx_word' id='word_1_602' title='bbox 171 2220 238 2248; x_wconf 90' lang='lat' dir='ltr'>Non</span> <span class='ocrx_word' id='word_1_603' title='bbox 263 2224 359 2256; x_wconf 87' lang='lat' dir='ltr'>potest</span> <span class='ocrx_word' id='word_1_604' title='bbox 383 2218 535 2256; x_wconf 88' lang='lat' dir='ltr'>Scriptura</span> <span class='ocrx_word' id='word_1_605' title='bbox 558 2219 686 2257; x_wconf 84' lang='lat' dir='ltr'>intelligi</span> <span class='ocrx_word' id='word_1_606' title='bbox 709 2219 891 2256; x_wconf 82' lang='lat' dir='ltr'>theologice,</span> <span class='ocrx_word' id='word_1_607' title='bbox 923 2219 975 2246; x_wconf 89' lang='lat' dir='ltr'>uisi</span> <span class='ocrx_word' id='word_1_608' title='bbox 998 2223 1067 2246; x_wconf 88' lang='lat' dir='ltr'>ante</span> <span class='ocrx_word' id='word_1_609' title='bbox 1090 2219 1241 2246; x_wconf 88' lang='lat' dir='ltr'>intellecta</span> <span class='ocrx_word' id='word_1_610' title='bbox 1264 2219 1300 2246; x_wconf 89' lang='lat' dir='ltr'>sit</span> <span class='ocrx_word' id='word_1_611' title='bbox 1324 2219 1523 2256; x_wconf 83' lang='lat' dir='ltr'>grammatice.</span> 
     </span>
    </p>
   </div>
   <div class='ocr_carea' id='block_1_13' title="bbox 40 2279 2094 2353">
    <p class='ocr_par' dir='ltr' id='par_1_14' title="bbox 40 2279 2094 2353">
     <span class='ocr_line' id='line_1_46' title="bbox 170 2279 2094 2319; baseline 0.001 -11"><span class='ocrx_word' id='word_1_612' title='bbox 170 2280 278 2308; x_wconf 83' lang='lat' dir='ltr'>Melius</span> <span class='ocrx_word' id='word_1_613' title='bbox 309 2288 356 2307; x_wconf 82' lang='lat' dir='ltr'>res</span> <span class='ocrx_word' id='word_1_614' title='bbox 387 2279 548 2317; x_wconf 87' lang='lat' dir='ltr'>expeditur</span> <span class='ocrx_word' id='word_1_615' title='bbox 578 2281 766 2317; x_wconf 87' lang='lat' dir='ltr'>grammatica</span> <span class='ocrx_word' id='word_1_616' title='bbox 796 2288 832 2307; x_wconf 82' lang='lat' dir='ltr'>ex</span> <span class='ocrx_word' id='word_1_617' title='bbox 865 2280 1024 2317; x_wconf 78' lang='lat' dir='ltr'>graecismo</span> <span class='ocrx_word' id='word_1_618' title='bbox 1048 2285 1098 2307; x_wconf 92' lang='lat' dir='ltr'>aut</span> <span class='ocrx_word' id='word_1_619' title='bbox 1129 2279 1294 2307; x_wconf 87' lang='lat' dir='ltr'>hebraismo</span> <span class='ocrx_word' id='word_1_620' title='bbox 1325 2279 1539 2317; x_wconf 83' lang='lat' dir='ltr'>explicatione,</span> <span class='ocrx_word' id='word_1_621' title='bbox 1570 2288 1656 2316; x_wconf 85' lang='lat' dir='ltr'>quam</span> <span class='ocrx_word' id='word_1_622' title='bbox 1679 2279 1839 2307; x_wconf 82' lang='lat' dir='ltr'>subtilitate</span> <span class='ocrx_word' id='word_1_623' title='bbox 1869 2280 2094 2319; x_wconf 87' lang='lat' dir='ltr'>philosophandi</span> 
     </span>
     <span class='ocr_line' id='line_1_47' title="bbox 40 2323 221 2353; baseline -0.017 0"><span class='ocrx_word' id='word_1_624' title='bbox 40 2323 221 2353; x_wconf 77' lang='lat' dir='ltr'>scholastica.</span> 
     </span>
    </p>
   </div>
   <div class='ocr_carea' id='block_1_14' title="bbox 40 2381 2093 2463">
    <p class='ocr_par' dir='ltr' id='par_1_15' title="bbox 40 2381 2093 2463">
     <span class='ocr_line' id='line_1_48' title="bbox 170 2381 2090 2421; baseline 0.001 -11"><span class='ocrx_word' id='word_1_625' title='bbox 170 2382 267 2410; x_wconf 87' lang='lat' dir='ltr'>Nemo</span> <span class='ocrx_word' id='word_1_626' title='bbox 292 2381 330 2410; x_wconf 92' lang='lat' dir='ltr'>de</span> <span class='ocrx_word' id='word_1_627' title='bbox 354 2387 458 2410; x_wconf 85' lang='lat' dir='ltr'>natura</span> <span class='ocrx_word' id='word_1_628' title='bbox 481 2383 624 2411; x_wconf 88' lang='lat' dir='ltr'>sermonis</span> <span class='ocrx_word' id='word_1_629' title='bbox 647 2389 676 2411; x_wconf 86' lang='lat' dir='ltr'>et</span> <span class='ocrx_word' id='word_1_630' title='bbox 700 2383 739 2410; x_wconf 91' lang='lat' dir='ltr'>de</span> <span class='ocrx_word' id='word_1_631' title='bbox 762 2383 863 2421; x_wconf 80' lang='lat' dir='ltr'>figuris</span> <span class='ocrx_word' id='word_1_632' title='bbox 886 2382 1017 2410; x_wconf 81' lang='lat' dir='ltr'>iudicare</span> <span class='ocrx_word' id='word_1_633' title='bbox 1041 2382 1167 2419; x_wconf 87' lang='lat' dir='ltr'>poterit,</span> <span class='ocrx_word' id='word_1_634' title='bbox 1192 2383 1244 2410; x_wconf 88' lang='lat' dir='ltr'>nisi</span> <span class='ocrx_word' id='word_1_635' title='bbox 1269 2382 1375 2419; x_wconf 73' lang='lat' dir='ltr'>legerit</span> <span class='ocrx_word' id='word_1_636' title='bbox 1401 2382 1602 2419; x_wconf 87' lang='lat' dir='ltr'>eloquentium</span> <span class='ocrx_word' id='word_1_637' title='bbox 1621 2381 1769 2409; x_wconf 90' lang='lat' dir='ltr'>hominum</span> <span class='ocrx_word' id='word_1_638' title='bbox 1784 2384 1907 2420; x_wconf 87' lang='lat' dir='ltr'>scripta,</span> <span class='ocrx_word' id='word_1_639' title='bbox 1930 2384 2090 2421; x_wconf 74' lang='lat' dir='ltr'>Ciceronis,</span> 
     </span>
     <span class='ocr_line' id='line_1_49' title="bbox 40 2425 2093 2463; baseline 0 -9"><span class='ocrx_word' id='word_1_640' title='bbox 40 2425 132 2462; x_wconf 80' lang='lat' dir='ltr'>Livii,</span> <span class='ocrx_word' id='word_1_641' title='bbox 157 2425 290 2463; x_wconf 81' lang='lat' dir='ltr'>Virgilii,</span> <span class='ocrx_word' id='word_1_642' title='bbox 311 2425 465 2461; x_wconf 89' lang='lat' dir='ltr'>Terentii,</span> <span class='ocrx_word' id='word_1_643' title='bbox 489 2425 605 2463; x_wconf 80' lang='lat' dir='ltr'>Ovidii,</span> <span class='ocrx_word' id='word_1_644' title='bbox 627 2425 812 2458; x_wconf 83' lang='lat' dir='ltr'>Quintiliani.</span> <span class='ocrx_word' id='word_1_645' title='bbox 855 2426 992 2454; x_wconf 84' lang='lat' dir='ltr'>Addendi</span> <span class='ocrx_word' id='word_1_646' title='bbox 1016 2431 1083 2452; x_wconf 86' lang='lat' dir='ltr'>suut</span> <span class='ocrx_word' id='word_1_647' title='bbox 1099 2430 1129 2453; x_wconf 87' lang='lat' dir='ltr'>et</span> <span class='ocrx_word' id='word_1_648' title='bbox 1144 2425 1269 2459; x_wconf 88' lang='lat' dir='ltr'>Graeci,</span> <span class='ocrx_word' id='word_1_649' title='bbox 1295 2425 1457 2461; x_wconf 85' lang='lat' dir='ltr'>Homerus,</span> <span class='ocrx_word' id='word_1_650' title='bbox 1483 2425 1657 2461; x_wconf 87' lang='lat' dir='ltr'>Herodotus,</span> <span class='ocrx_word' id='word_1_651' title='bbox 1679 2426 1911 2460; x_wconf 88' lang='lat' dir='ltr'>Demosthenes,</span> <span class='ocrx_word' id='word_1_652' title='bbox 1935 2427 2093 2458; x_wconf 81' lang='lat' dir='ltr'>Lucianus.</span> 
     </span>
    </p>
   </div>
   <div class='ocr_carea' id='block_1_15' title="bbox 41 2485 2091 2567">
    <p class='ocr_par' dir='ltr' id='par_1_16' title="bbox 41 2485 2091 2567">
     <span class='ocr_line' id='line_1_50' title="bbox 172 2485 2091 2524; baseline 0.001 -11"><span class='ocrx_word' id='word_1_653' title='bbox 172 2485 288 2513; x_wconf 81' lang='lat' dir='ltr'>Donum</span> <span class='ocrx_word' id='word_1_654' title='bbox 312 2485 564 2522; x_wconf 88' lang='lat' dir='ltr'>interpretationis</span> <span class='ocrx_word' id='word_1_655' title='bbox 589 2491 634 2514; x_wconf 88' lang='lat' dir='ltr'>est</span> <span class='ocrx_word' id='word_1_656' title='bbox 658 2491 771 2514; x_wconf 88' lang='lat' dir='ltr'>tantum</span> <span class='ocrx_word' id='word_1_657' title='bbox 796 2495 890 2524; x_wconf 87' lang='lat' dir='ltr'>penes</span> <span class='ocrx_word' id='word_1_658' title='bbox 913 2496 981 2523; x_wconf 87' lang='lat' dir='ltr'>eos,</span> <span class='ocrx_word' id='word_1_659' title='bbox 1004 2486 1054 2523; x_wconf 90' lang='lat' dir='ltr'>qui</span> <span class='ocrx_word' id='word_1_660' title='bbox 1076 2485 1172 2513; x_wconf 78' lang='lat' dir='ltr'>fontes</span> <span class='ocrx_word' id='word_1_661' title='bbox 1197 2494 1288 2523; x_wconf 88' lang='lat' dir='ltr'>saepe</span> <span class='ocrx_word' id='word_1_662' title='bbox 1314 2486 1437 2523; x_wconf 86' lang='lat' dir='ltr'>legunt,</span> <span class='ocrx_word' id='word_1_663' title='bbox 1461 2485 1616 2523; x_wconf 80' lang='lat' dir='ltr'>relegunt,</span> <span class='ocrx_word' id='word_1_664' title='bbox 1643 2485 1814 2522; x_wconf 88' lang='lat' dir='ltr'>conserunt,</span> <span class='ocrx_word' id='word_1_665' title='bbox 1842 2486 2030 2524; x_wconf 81' lang='lat' dir='ltr'>expendunt,</span> <span class='ocrx_word' id='word_1_666' title='bbox 2063 2493 2091 2514; x_wconf 92' lang='lat' dir='ltr'>et</span> 
     </span>
     <span class='ocr_line' id='line_1_51' title="bbox 41 2528 540 2567; baseline 0.002 -11"><span class='ocrx_word' id='word_1_667' title='bbox 41 2529 91 2567; x_wconf 89' lang='lat' dir='ltr'>qui</span> <span class='ocrx_word' id='word_1_668' title='bbox 112 2529 230 2566; x_wconf 84' lang='lat' dir='ltr'>pietatis</span> <span class='ocrx_word' id='word_1_669' title='bbox 252 2529 395 2556; x_wconf 83' lang='lat' dir='ltr'>exercitia</span> <span class='ocrx_word' id='word_1_670' title='bbox 417 2528 540 2557; x_wconf 86' lang='lat' dir='ltr'>addunt.</span> 
     </span>
    </p>
   </div>
   <div class='ocr_carea' id='block_1_16' title="bbox 172 2587 1680 2626">
    <p class='ocr_par' dir='ltr' id='par_1_17' title="bbox 172 2587 1680 2626">
     <span class='ocr_line' id='line_1_52' title="bbox 172 2587 1680 2626; baseline 0.001 -11"><span class='ocrx_word' id='word_1_671' title='bbox 172 2588 251 2616; x_wconf 89' lang='lat' dir='ltr'>Libri</span> <span class='ocrx_word' id='word_1_672' title='bbox 274 2587 488 2625; x_wconf 86' lang='lat' dir='ltr'>Prophetarum</span> <span class='ocrx_word' id='word_1_673' title='bbox 514 2594 544 2615; x_wconf 91' lang='lat' dir='ltr'>et</span> <span class='ocrx_word' id='word_1_674' title='bbox 568 2588 770 2625; x_wconf 83' lang='lat' dir='ltr'>Apostolorum</span> <span class='ocrx_word' id='word_1_675' title='bbox 798 2590 861 2617; x_wconf 90' lang='lat' dir='ltr'>sine</span> <span class='ocrx_word' id='word_1_676' title='bbox 886 2590 1008 2626; x_wconf 87' lang='lat' dir='ltr'>litteris,</span> <span class='ocrx_word' id='word_1_677' title='bbox 1037 2590 1102 2617; x_wconf 87' lang='lat' dir='ltr'>sine</span> <span class='ocrx_word' id='word_1_678' title='bbox 1125 2589 1291 2617; x_wconf 88' lang='lat' dir='ltr'>eruditione</span> <span class='ocrx_word' id='word_1_679' title='bbox 1314 2598 1371 2616; x_wconf 91' lang='lat' dir='ltr'>non</span> <span class='ocrx_word' id='word_1_680' title='bbox 1396 2595 1517 2626; x_wconf 88' lang='lat' dir='ltr'>possunt</span> <span class='ocrx_word' id='word_1_681' title='bbox 1540 2589 1680 2617; x_wconf 87' lang='lat' dir='ltr'>enarrari.</span> 
     </span>
    </p>
   </div>
   <div class='ocr_carea' id='block_1_17' title="bbox 41 2648 2091 2771">
    <p class='ocr_par' dir='ltr' id='par_1_18' title="bbox 41 2648 2091 2771">
     <span class='ocr_line' id='line_1_53' title="bbox 171 2648 2090 2686; baseline -0.001 -11"><span class='ocrx_word' id='word_1_682' title='bbox 171 2648 232 2676; x_wconf 87' lang='lat' dir='ltr'>Etsi</span> <span class='ocrx_word' id='word_1_683' title='bbox 258 2653 448 2675; x_wconf 88' lang='lat' dir='ltr'>monumenta</span> <span class='ocrx_word' id='word_1_684' title='bbox 474 2648 677 2684; x_wconf 61' lang='lat' dir='ltr'>Apostolorum</span> <span class='ocrx_word' id='word_1_685' title='bbox 702 2657 809 2683; x_wconf 65' lang='lat' dir='ltr'>graece</span> <span class='ocrx_word' id='word_1_686' title='bbox 831 2650 938 2686; x_wconf 84' lang='lat' dir='ltr'>scripta</span> <span class='ocrx_word' id='word_1_687' title='bbox 963 2654 1046 2684; x_wconf 86' lang='lat' dir='ltr'>sunt,</span> <span class='ocrx_word' id='word_1_688' title='bbox 1070 2655 1166 2677; x_wconf 86' lang='lat' dir='ltr'>tamen</span> <span class='ocrx_word' id='word_1_689' title='bbox 1190 2659 1256 2677; x_wconf 88' lang='lat' dir='ltr'>cum</span> <span class='ocrx_word' id='word_1_690' title='bbox 1282 2657 1400 2686; x_wconf 87' lang='lat' dir='ltr'>semper</span> <span class='ocrx_word' id='word_1_691' title='bbox 1424 2648 1553 2676; x_wconf 85' lang='lat' dir='ltr'>adscitae</span> <span class='ocrx_word' id='word_1_692' title='bbox 1570 2649 1689 2686; x_wconf 80' lang='lat' dir='ltr'>linguae</span> <span class='ocrx_word' id='word_1_693' title='bbox 1714 2648 1843 2677; x_wconf 86' lang='lat' dir='ltr'>reserant</span> <span class='ocrx_word' id='word_1_694' title='bbox 1866 2649 1991 2685; x_wconf 89' lang='lat' dir='ltr'>aliquem</span> <span class='ocrx_word' id='word_1_695' title='bbox 2009 2649 2090 2685; x_wconf 80' lang='lat' dir='ltr'>qnasi</span> 
     </span>
     <span class='ocr_line' id='line_1_54' title="bbox 45 2691 2091 2730; baseline -0 -11"><span class='ocrx_word' id='word_1_696' title='bbox 45 2700 162 2719; x_wconf 68' lang='lat' dir='ltr'>succum</span> <span class='ocrx_word' id='word_1_697' title='bbox 187 2691 320 2727; x_wconf 85' lang='lat' dir='ltr'>nativae,</span> <span class='ocrx_word' id='word_1_698' title='bbox 343 2692 468 2718; x_wconf 84' lang='lat' dir='ltr'>sermoni</span> <span class='ocrx_word' id='word_1_699' title='bbox 494 2700 600 2725; x_wconf 67' lang='lat' dir='ltr'>graeco</span> <span class='ocrx_word' id='word_1_700' title='bbox 625 2691 734 2718; x_wconf 85' lang='lat' dir='ltr'>multae</span> <span class='ocrx_word' id='word_1_701' title='bbox 759 2697 825 2719; x_wconf 91' lang='lat' dir='ltr'>sunt</span> <span class='ocrx_word' id='word_1_702' title='bbox 849 2692 970 2730; x_wconf 85' lang='lat' dir='ltr'>phrases</span> <span class='ocrx_word' id='word_1_703' title='bbox 996 2698 1026 2720; x_wconf 89' lang='lat' dir='ltr'>et</span> <span class='ocrx_word' id='word_1_704' title='bbox 1050 2692 1161 2730; x_wconf 74' lang='lat' dir='ltr'>figurae</span> <span class='ocrx_word' id='word_1_705' title='bbox 1185 2693 1318 2720; x_wconf 68' lang='lat' dir='ltr'>ebt-aicae</span> <span class='ocrx_word' id='word_1_706' title='bbox 1341 2692 1511 2727; x_wconf 85' lang='lat' dir='ltr'>admixtae,</span> <span class='ocrx_word' id='word_1_707' title='bbox 1542 2701 1617 2729; x_wconf 90' lang='lat' dir='ltr'>quae</span> <span class='ocrx_word' id='word_1_708' title='bbox 1640 2698 1671 2719; x_wconf 93' lang='lat' dir='ltr'>ut</span> <span class='ocrx_word' id='word_1_709' title='bbox 1694 2698 1774 2720; x_wconf 89' lang='lat' dir='ltr'>recte</span> <span class='ocrx_word' id='word_1_710' title='bbox 1797 2697 1827 2719; x_wconf 87' lang='lat' dir='ltr'>et</span> <span class='ocrx_word' id='word_1_711' title='bbox 1849 2691 1955 2718; x_wconf 86' lang='lat' dir='ltr'>dextre</span> <span class='ocrx_word' id='word_1_712' title='bbox 1978 2691 2091 2718; x_wconf 88' lang='lat' dir='ltr'>intelli-</span> 
     </span>
     <span class='ocr_line' id='line_1_55' title="bbox 41 2734 1037 2771; baseline 0.002 -10"><span class='ocrx_word' id='word_1_713' title='bbox 41 2739 163 2771; x_wconf 79' lang='lat' dir='ltr'>gantur,</span> <span class='ocrx_word' id='word_1_714' title='bbox 193 2734 288 2761; x_wconf 77' lang='lat' dir='ltr'>studia</span> <span class='ocrx_word' id='word_1_715' title='bbox 313 2734 429 2770; x_wconf 80' lang='lat' dir='ltr'>linguae</span> <span class='ocrx_word' id='word_1_716' title='bbox 452 2736 587 2762; x_wconf 78' lang='lat' dir='ltr'>ebraicae</span> <span class='ocrx_word' id='word_1_717' title='bbox 610 2734 638 2761; x_wconf 90' lang='lat' dir='ltr'>iu</span> <span class='ocrx_word' id='word_1_718' title='bbox 663 2734 793 2762; x_wconf 76' lang='lat' dir='ltr'>Ecclesia</span> <span class='ocrx_word' id='word_1_719' title='bbox 816 2735 938 2762; x_wconf 85' lang='lat' dir='ltr'>colenda</span> <span class='ocrx_word' id='word_1_720' title='bbox 961 2741 1037 2763; x_wconf 78' lang='lat' dir='ltr'>sunt.</span> 
     </span>
    </p>
   </div>
   <div class='ocr_carea' id='block_1_18' title="bbox 1590 2776 1672 2809">
    <p class='ocr_par' dir='ltr' id='par_1_19' title="bbox 1590 2776 1672 2809">
     <span class='ocr_line' id='line_1_56' title="bbox 1590 2776 1672 2809; baseline 0 0"><span class='ocrx_word' id='word_1_721' title='bbox 1590 2776 1672 2809; x_wconf 62' lang='lat'>50*</span> 
     </span>
    </p>
   </div>
  </div>
 </body>
</html>
