2421 3037
280 110 357 147 595

281 200 412 234 mentis
430 200 618 246 exquisitio
644 205 734 233 esset
758 200 870 241 facta,
906 208 1051 245 praeter
1077 202 1145 235 alia
1174 203 1284 236 multa

281 258 334 286 est
359 253 557 292 confessus,
593 252 691 297 quod
709 251 875 297 Cygneae
890 252 1086 287 Diabolum
1112 254 1224 298 egerit
1249 255 1287 287 in

280 305 439 337 aedibus.
505 304 627 349 Quare
661 310 805 338 senatus
839 304 914 340 eius
942 306 1030 346 loci,
1072 319 1152 340 cum
1181 306 1287 340 sciret

280 367 414 388 nomen
438 354 532 389 illius
558 356 662 396 civis,
705 356 829 390 scribit
856 357 927 398 illi,
972 359 1001 392 si
1028 359 1135 392 vellet
1163 359 1286 392 videre

278 406 473 440 Diabolum
487 434 496 448 ,
525 420 630 454 quem
653 408 850 454 aliquando
867 409 905 442 in
922 410 1070 445 aedibus
1087 409 1287 456 deprehen-

279 458 405 499 disset,
431 465 471 492 nt
487 461 532 492 ad
552 466 693 505 tempus
709 460 869 502 veniret,
897 463 1065 497 daturum
1084 463 1178 497 enim
1202 475 1287 508 poe-

278 522 342 545 nas
362 512 407 543 ad
431 511 526 544 diem
553 512 709 553 dictum,
742 526 814 559 quo
843 514 967 548 audito
995 516 1099 549 multi
1121 513 1287 548 homines

279 574 321 595 eo
356 563 507 607 profecti
542 570 646 605 sunt,
688 572 728 598 ut
753 565 917 600 viderent
944 567 1045 601 illum
1082 567 1285 600 mirabilem

277 612 464 648 hominem
476 643 485 656 ,
514 616 576 662 qui
593 622 666 649 tam
686 617 877 652 artificiose
894 619 1007 652 furari
1024 619 1211 664 potuisset.

305 700 487 736 CCLXHI.
527 701 587 735 De
615 710 828 737 matrona
859 704 1267 750 Magdeburgensi.

382 770 553 804 Matrona
588 774 766 819 quaedam
804 774 1146 820 Magdeburgensis,
1194 788 1287 822 quae

278 834 359 856 cum
390 824 580 858 nocturnis
613 826 762 870 spectris
790 833 999 867 vexaretur,
1037 827 1176 871 egregie
1204 840 1288 861 con-

278 875 424 920 tempsit
441 876 646 909 territorem
660 905 669 915 ,
698 878 760 923 iiefi
777 879 828 914 cin
848 877 925 923 surg
945 889 1018 925 gum
1045 880 1118 924 bcti)
1146 881 1287 925 binau5,

278 926 415 961 dicens:
448 927 558 973 &bb
581 931 621 964 ba
648 928 741 974 bustu
768 931 820 966 ein
842 930 933 974 stab,
969 934 1073 968 butan
1100 932 1177 977 gebe
1203 933 1287 978 gben

279 978 372 1015 §Rom
390 991 428 1025 gu
451 981 575 1016 beinem
592 982 707 1026 abgot.

278 1073 476 1109 CCLXIIH.
522 1075 585 1109 De
622 1077 804 1110 duobus
834 1077 1049 1118 rusticis,
1091 1091 1285 1124 quorum

322 1127 445 1161 alter
472 1128 664 1162 volebat
690 1128 781 1162 dici
812 1128 1090 1177 Σῦῖατῐίηἱῖά),
1124 1131 1244 1164 alter

661 1180 909 1228 ssutbetit‘d).

381 1248 464 1283 Duo
498 1249 622 1284 rustici
654 1263 729 1284 nou
754 1251 881 1295 procul
908 1264 927 1284 a
953 1251 1122 1296 Coburgo
1147 1249 1288 1285 habita-

277 1308 374 1335 runt.
427 1300 456 1334 li
474 1314 553 1335 curn
573 1302 770 1348 aliquando
790 1303 941 1347 profecti
957 1310 1074 1338 essent
1092 1303 1129 1336 in
1146 1304 1288 1345 urbem,

277 1353 399 1399 ibique
424 1367 460 1388 se
485 1354 722 1389 inebriassent
750 1355 855 1396 vino,
890 1357 1034 1389 taudem
1063 1368 1135 1389 una
1163 1369 1288 1391 rursus

278 1407 428 1439 domuin
457 1419 493 1440 se
519 1413 623 1440 erant
645 1407 836 1452 recepturi.
907 1407 948 1441 ln
976 1408 1104 1441 itinere
1131 1415 1207 1441 orta
1236 1415 1289 1441 est

277 1459 372 1491 inter
390 1458 470 1493 illos
488 1459 563 1492 rixa
582 1460 625 1492 de
651 1459 845 1504 religione,
873 1472 966 1494 unus
991 1467 1068 1493 erat
1085 1459 1286 1506 ffiattinifd)

278 1510 388 1556 (Nam
410 1523 451 1544 eo
472 1517 634 1556 tempore
652 1509 770 1545 adhuc
793 1512 839 1543 ita
860 1512 1057 1545 vocabatur
1074 1510 1286 1558 Lutherus),

279 1563 370 1595 alter
388 1575 473 1595 vero
492 1562 712 1608 volebat¹⁹³)
730 1564 799 1596 dici
815 1563 1009 1609 Qutbetifdyl
1037 1577 1073 1597 se
1092 1565 1286 1597 defenden-

279 1616 339 1654 do,
357 1627 449 1648 unus
466 1614 640 1654 Martino,
668 1616 758 1649 alter
768 1613 950 1654 Lutiierm
980 1617 1125 1648 tandem
1147 1618 1189 1648 ad
1209 1629 1287 1649 ver-

277 1667 363 1699 bera
388 1679 445 1700 res
471 1667 598 1705 rediit.
634 1670 688 1704 bet
713 1669 763 1703 ein
793 1669 874 1703 molt
901 1667 1082 1714 ssutbetit'd)
1109 1669 1194 1712 sein,
1231 1671 1286 1704 bet

280 1722 380 1754 anber
407 1717 629 1764 ffliattinisd),
659 1726 693 1752 et
715 1726 843 1753 neuter
868 1720 1091 1764 intelligebat
1119 1720 1286 1760 alterum,

277 1783 344 1804 nec
370 1778 497 1804 neuter
518 1771 742 1816 intelligebat
761 1772 964 1805 doctrinam
992 1772 1143 1805 Martini
1167 1784 1285 1819 neque

277 1821 442 1856 Lutheri.

383 1874 552 1908 CCLXV.
592 1875 677 1909 Fuit
702 1875 849 1921 quidam
876 1877 1083 1910 adolescens
1107 1876 1239 1910 nobilis
1266 1890 1283 1909 a

280 1926 446 1971 Coburg,
474 1927 597 1973 quiex
620 1928 820 1972 petulantia
849 1929 1028 1962 occiderat
1053 1940 1195 1962 servum
1223 1929 1286 1961 ‹lo—

278 1979 488 2020 mesticum,
524 1980 615 2024 fugit
632 1979 940 2025 VVittenbergam.
995 1979 1046 2013 Ibi
1073 1987 1240 2025 exceptus
1266 1994 1284 2014 a

278 2030 364 2064 Vito
381 2029 615 2066 WVinshemio
628 2059 636 2071 ,
665 2032 792 2076 ignaro
813 2030 919 2067 huius
937 2032 1008 2072 rei,
1038 2032 1073 2065 in
1092 2032 1286 2078 discipulo-

279 2095 359 2117 rum
379 2096 532 2117 numero
551 2082 695 2118 habitus
721 2084 808 2125 fuit,
844 2085 907 2118 ubi
932 2098 969 2119 se
994 2083 1142 2119 honeste
1168 2085 1285 2129 gessit.

278 2133 419 2168 Interea
452 2143 568 2170 mater
599 2136 710 2181 ipsius
739 2149 815 2170 rem
850 2149 929 2170 cum
958 2137 1082 2170 amicis
1108 2137 1286 2170 interfecti

281 2188 487 2231 componit,
516 2195 639 2233 postea
658 2202 739 2223 eum
764 2190 914 2223 domum
942 2195 1107 2229 revocat,
1144 2196 1178 2222 et
1204 2196 1287 2234 post

280 2238 466 2273 biennium
487 2240 519 2273 ei
542 2253 689 2275 uxorem
716 2242 777 2274 dat
803 2242 949 2275 viduam
979 2241 1284 2275 adolescentulam

281 2291 604 2335 opulentissimam.
666 2293 805 2327 Deinde
829 2300 913 2328 sunt
943 2294 1038 2327 inter
1070 2294 1150 2327 illos
1184 2300 1285 2327 ortae

279 2342 510 2385 inimicitiae,
544 2345 619 2390 ipsa
650 2345 746 2378 enim
773 2352 850 2379 erat
873 2352 1053 2387 scortum,
1088 2352 1122 2379 et
1146 2345 1285 2392 aliquo-

279 2394 346 2428 ties
363 2395 415 2428 illi
431 2397 614 2441 pulverem
641 2397 679 2430 in
701 2397 780 2431 cibo
805 2398 1064 2432 immiscuerat.
1118 2397 1284 2431 Tandem

280 2447 550 2492 conspiratione
566 2450 656 2483 facta
676 2463 755 2483 cum
774 2450 913 2496 equite,
937 2451 1061 2495 auriga
1081 2456 1116 2484 et
1133 2456 1285 2490 sartore,

279 2498 456 2544 impetum
477 2500 514 2533 in
532 2514 612 2534 eum
630 2502 765 2536 faciunt
782 2503 819 2535 in
837 2503 963 2537 cubile.
1018 2503 1067 2537 At
1089 2515 1168 2536 cum
1195 2508 1285 2536 esset

280 2551 420 2586 iuvenis
434 2553 621 2594 robustus,
649 2554 711 2587 diu
729 2568 764 2588 se
781 2555 962 2596 defendit,
988 2561 1022 2588 et
1040 2554 1108 2599 ipsi
1128 2554 1284 2594 mulieri,

281 2604 364 2637 dum
391 2617 430 2639 os
454 2618 558 2639 suum
588 2606 757 2640 obturare
768 2605 834 2653 191’)
859 2608 954 2648 vult,
998 2607 1129 2651 digitos
1160 2618 1283 2640 morsu

319 2724 381 2755 19³)
403 2726 529 2755 volebat]
550 2727 634 2751 Cod.:
664 2727 737 2750 velle

318 2767 381 2797 19⁸³)
399 2770 543 2799 obturare]
565 2769 649 2794 Cod.:
675 2769 811 2793 obdurare

907 113 1032 150 PHIL.
1060 114 1175 150 MEL.
1202 114 1407 150 SCRIPTA
1442 115 1713 153 HlSTORlCA.

2265 120 2342 157 596

1342 203 1505 243 abscidit,
1531 204 1668 239 dicens:
1697 205 1795 238 Haec
1814 205 1876 238 tibi
1896 207 2065 240 meretrix
2083 214 2265 251 postremo
2281 206 2345 242 ha-

1340 256 1436 288 beto.
1490 256 1566 289 Hoc
1589 258 1747 290 facinore
1766 258 1895 291 mulier
1913 258 2053 300 capitur
2080 265 2113 291 et
2135 261 2344 301 decollatur,

1341 307 1471 352 reliqui
1495 308 1588 341 servi
1618 310 1856 353 aufugerunt,
1898 323 2052 356 quorum
2078 323 2170 344 unus
2197 311 2344 355 Magde-

1341 360 1475 403 burgae
1499 366 1600 393 rotae
1625 361 1814 405 impositus
1840 369 1909 402 est,
1944 363 2034 396 alter
2060 364 2186 396 eodem
2211 364 2345 408 suppli—

1342 411 1396 444 cio
1415 411 1450 444 in
1469 411 1625 445 Saxonia
1646 418 1697 446 est
1722 412 1889 454 affectus,
1917 415 2043 449 tertius
2067 415 2182 459 capite
2202 421 2346 449 trunca-

1342 469 1411 497 tur.
1481 464 1577 497 Haec
1609 471 1693 498 sunt
1724 465 1912 500 manifesta
1938 466 2070 500 indicia
2098 467 2171 500 irae
2200 467 2344 500 divinae

1343 516 1514 550 adversus
1531 514 1782 550 homicidium.

1448 600 1630 636 CCLXVI.
1666 602 1727 635 De
1756 603 1932 637 duobus
1956 604 2243 638 doctoribus.

1446 669 1536 704 Erat
1554 671 1591 704 in
1610 672 1778 705 convivio
1796 671 1840 706 D.
1859 672 1984 706 Turck
2000 679 2034 706 et
2051 672 2096 707 D.
2117 673 2266 712 Cubito;
2295 672 2347 706 illi

1343 721 1436 755 inter
1453 734 1489 755 se
1503 724 1691 767 potabant.
1747 723 1813 758 Iste
1832 724 1963 758 Cubito
1982 724 2032 758 ibi
2056 726 2156 759 sedet
2180 732 2215 759 et
2237 724 2348 758 mori-

1343 779 1401 807 tur
1419 775 1607 818 apoplexia
1633 777 1837 819 perculsus,
1875 778 1964 810 alter
1986 778 2159 822 propinat
2183 777 2215 810 ei
2238 789 2348 822 pocu-

1342 825 1416 859 lum
1429 853 1439 866 ‚
1466 828 1531 863 »nb
1548 826 1624 870 stiess
1639 831 1674 863 οὗ
1692 829 1736 863 im
1755 829 1872 872 nuthet
1889 830 1937 865 bie
1956 829 2074 873 naseu,
2105 835 2140 863 et
2164 841 2240 863 non
2257 828 2348 862 vidit

1343 890 1423 912 eum
1451 879 1566 920 mori,
1606 881 1721 913 donec
1745 893 1893 924 prorsus
1916 882 2084 915 concidit.
2145 880 2190 914 Et
2216 879 2285 914 hoc
2309 881 2349 913 fit

1342 930 1436 963 inter
1454 931 1550 965 viros
1567 938 1791 976 praestantes
1815 939 1849 966 et
1868 934 2054 974 doctores,
2083 946 2238 979 quorum
2259 933 2349 966 alter

1341 982 1386 1017 D.
1410 983 1517 1023 iuris,
1551 984 1641 1017 alter
1668 996 1754 1017 vero
1778 984 1823 1019 D.
1848 985 2050 1018 medicinae
2073 985 2160 1026 fuit,
2196 985 2258 1019 sed
2281 985 2349 1018 fuit

1342 1041 1494 1081 uterque
1514 1048 1665 1080 magnus
1683 1033 1804 1070 heluo.

1343 1112 1543 1148 CCLXVII.
1591 1113 1652 1148 De
1689 1114 1886 1161 quodam
1924 1114 2138 1159 principe
2177 1120 2218 1148 et
2254 1113 2348 1147 eius

1772 1178 1921 1200 UXOI'e·

1445 1233 1531 1268 Fuit
1552 1234 1720 1279 princeps
1736 1234 1977 1275 Germaniae,
2005 1234 2105 1268 cuius
2125 1231 2243 1267 adhuc
2258 1245 2350 1266 uxor

1342 1284 1452 1326 vivit,
1480 1286 1508 1320 is
1528 1286 1723 1320 maximam
1742 1298 1840 1331 spem
1870 1293 2085 1331 conceperat
2106 1287 2150 1319 de
2173 1283 2348 1323 haerede;

1342 1349 1426 1370 nam
1453 1339 1528 1372 eius
1553 1339 1676 1372 uxoris
1700 1345 1830 1373 uterus.
1850 1345 2046 1373 tumescere
2070 1337 2209 1383 incipit.
2275 1336 2349 1381 Ap-

1342 1391 1613 1437 propinquante
1645 1397 1770 1435 partus
1797 1397 1960 1435 tempore
1991 1403 2082 1424 uxor
2104 1389 2245 1435 peperit
2268 1400 2351 1421 mo-

1341 1442 1411 1474 lem
1455 1443 1526 1487 (est
1561 1449 1679 1475 autem
1717 1443 1830 1476 moles
1866 1442 2097 1486 conglobatio
2132 1440 2349 1486 sanguinis).

1342 1493 1419 1526 Hoc
1434 1493 1590 1538 principi
1607 1506 1672 1538 per
1688 1495 1862 1539 quasdam
1879 1494 2048 1528 mulieres
2070 1492 2265 1538 significari
2290 1504 2349 1525 cu-

1341 1546 1454 1586 ravit,
1482 1552 1522 1579 ut
1538 1558 1655 1592 aequo
1673 1546 1796 1579 animo
1813 1547 1923 1579 ferret
1940 1558 2021 1579 cum
2039 1558 2079 1579 ea
2103 1544 2172 1578 hoc
2195 1545 2349 1593 infortu-

1341 1597 1464 1637 nium,
1507 1598 1680 1644 quoniam
1704 1597 1802 1632 Deus
1828 1598 1875 1630 ita
1906 1598 2120 1632 ordinasset.
2188 1594 2236 1630 Et
2267 1608 2347 1630 cum

1342 1649 1510 1683 mulieres
1537 1651 1765 1683 accessissent
1783 1662 1862 1684 eum
1890 1657 1923 1684 et
1940 1648 2150 1684 habuissent
2167 1648 2347 1693 egregiam

1341 1708 1375 1734 et
1393 1702 1617 1746 splendidam
1637 1702 1839 1735 orationem
1859 1715 1982 1736 coram
2000 1716 2041 1736 eo
2054 1730 2063 1742 ,
2091 1700 2347 1745 interrogavit:

1341 1753 1439 1799 Quid
1455 1754 1621 1799 peperit?
1658 1755 1706 1788 At
1722 1755 1805 1788 illae
1824 1755 2001 1796 tacebant,
2026 1767 2092 1789 nec
2108 1753 2279 1787 volebant
2296 1752 2348 1785 illi

1341 1807 1470 1840 dicere.
1524 1807 1689 1841 Secundo
1714 1807 1844 1840 iterum
1869 1807 2051 1841 recitavit:
2080 1806 2197 1840 Dicite
2214 1812 2348 1844 tamen,

1342 1859 1427 1905 quid
1448 1859 1614 1904 peperit?
1667 1860 1714 1892 At
1730 1860 1812 1892 illae
1837 1859 2018 1899 videntes,
2055 1859 2154 1905 quod
2179 1857 2347 1903 princeps

1340 1923 1415 1944 nou
1434 1911 1541 1944 vellet
1557 1912 1601 1944 ab
1618 1911 1782 1945 instituto
1800 1911 1989 1950 desistere,
2018 1911 2086 1945 nisi
2103 1911 2264 1944 dicerent
2283 1909 2347 1949 illi,

1341 1963 1526 1997 dixerunt:
1571 1963 1665 1998 Hera
1696 1971 1753 1997 tua
1785 1963 1925 2008 peperit
1951 1966 2009 2001 ben
2035 1963 2215 2001 ffllonfatb.
2283 1960 2346 1995 Ille

1340 2016 1545 2062 respondit:
1595 2016 1723 2050 Melius
1759 2023 1828 2057 est,
1867 2018 1965 2063 quod
2003 2018 2144 2063 peperit
2180 2017 2345 2057 vitulum,

1341 2082 1449 2115 quam
1483 2081 1657 2113 puerum,
1698 2069 1849 2102 vitulum
1878 2069 1974 2103 enim
2007 2082 2198 2115 possumus
2226 2081 2344 2102 come-

1340 2122 1444 2161 dere,
1473 2133 1547 2154 non
1569 2127 1688 2154 autem
1712 2133 1877 2165 puerum.

1387 2208 1602 2243 CCLXVIII.
1640 2209 1703 2242 De
1733 2216 1919 2254 pastore
1949 2209 2234 2254 inspiciente
2264 2209 2305 2242 in

1613 2262 1714 2295 aula
1746 2262 1789 2295 in
1818 2262 2065 2308 speculum.

1442 2330 1482 2364 Iu
1501 2330 1634 2375 Ecloga
1652 2330 1869 2366 Petrarchae
1887 2332 1984 2365 venit
1999 2338 2123 2376 pastor
2147 2330 2184 2363 in
2209 2330 2342 2369 aulam,

1339 2384 1401 2431 qui
1420 2385 1518 2428 prius
1535 2396 1607 2416 non
1624 2383 1764 2418 viderat
1781 2385 1978 2429 speculum,
2007 2391 2041 2418 et
2058 2397 2136 2418 cum
2152 2383 2343 2428 inspiceret

1338 2438 1376 2470 in
1394 2437 1576 2481 speculum
1589 2463 1598 2476 ,
1627 2437 1762 2482 incepit
1779 2449 1902 2471 amare
1921 2436 2076 2481 virgines
2100 2434 2253 2477 aulicas,
2280 2437 2341 2470 sed

1339 2490 1431 2523 male
1448 2495 1620 2524 tractatus
1638 2489 1805 2524 deiicitur
1829 2502 1894 2535 per
1917 2489 2048 2533 gradus
2071 2488 2206 2528 scalae,
2241 2494 2275 2521 et
2304 2487 2340 2520 in

1337 2539 1426 2576 haec
1443 2542 1550 2575 verba
1570 2542 1795 2588 prorumpit:
1825 2544 2023 2575 Aeternum
2048 2547 2169 2585 gemat
2191 2540 2250 2573 ille
2275 2540 2340 2572 mi-

1337 2607 1392 2628 ser
1410 2594 1613 2639 pastoribus
1630 2595 1751 2635 aulae,
1778 2595 1839 2640 qui
1858 2593 1994 2638 primus
2014 2594 2106 2626 mala
2127 2593 2222 2625 dona
2242 2591 2339 2625 dedit

1338 2653 1423 2687 etc.,
1459 2647 1480 2680 i.
1501 2659 1529 2680 e.
1552 2647 1640 2681 illud
1659 2647 1842 2692 speculum
1865 2646 1931 2679 fuit
1957 2646 2076 2690 primo
2102 2644 2240 2690 pastori
2264 2656 2338 2677 ma-

1338 2699 1409 2732 lum
1432 2700 1567 2731 donum
1582 2726 1590 2739 ‚
1618 2700 1666 2734 sic
1686 2700 1792 2733 etiam
1813 2699 1916 2732 novis
1935 2698 2061 2732 aulicis
2079 2697 2159 2731 aula
2186 2702 2237 2731 est
2263 2707 2337 2729 ma-

1336 2751 1409 2784 lum
1427 2753 1576 2784 donum.
