2453 3037
320 140 370 175 23
913 135 1035 170 PHlL.
1065 135 1178 170 MEL.
1207 134 1412 170 SCRIPTA
1439 133 1779 171 PHILOLOGICA.

424 223 520 267 Ergo
542 230 592 257 est
609 224 677 256 alia
698 222 772 255 toni
792 223 943 263 Graeci,
979 223 1046 255 alia
1068 222 1189 256 Latini
1215 223 1322 257 ratio.
1347 229 1352 239 “

321 275 497 309 Iudicium
521 276 643 308 Latini
671 282 721 308 est
747 287 764 307 e
789 275 1010 318 penultima;
1045 275 1093 308 sic
1123 275 1216 307 enim
1244 275 1323 307 illo-

322 339 402 361 rum
423 327 666 372 grannnatici:
702 326 908 360 Penultirna
926 327 1055 370 longa,
1084 334 1249 361 accentus
1272 333 1324 361 est

322 379 361 411 in
381 381 518 412 eadem.

428 431 548 475 Quare
581 430 675 462 dices
709 428 838 462 Latine
872 430 1093 474 paracletus,
1134 430 1322 467 dioece‘sis;

324 482 460 515 Graece
484 481 705 527 parricletus,
734 480 915 516 dio'ecesis.
971 482 1067 527 Quid
1087 483 1181 515 enim
1202 483 1322 520 refert,

322 533 458 567 Graece
478 534 574 568 dicas
593 545 639 566 an
658 532 812 567 Latine?
842 535 951 567 modo
967 547 1042 567 non
1061 535 1166 568 male.

641 618 818 663 Regula
848 620 999 654 tertia.

425 688 473 720 At
490 687 519 720 si
538 699 663 720 omues
681 688 806 722 breves
821 695 904 722 sunt
921 689 958 721 in
976 689 1213 734 polysyllaba,
1241 699 1324 721 acu—

322 745 378 772 tus
398 745 448 773 est
466 739 503 771 in
523 739 806 784 antepenultima
833 739 974 788 ἔλεγος,
1004 740 1111 780 ἔλεος.

503 833 564 867 De
593 834 841 879 disyllabis
870 835 1062 870 seorsim
1079 835 1138 881 ³⁵).

604 903 779 948 Regula
817 905 1037 951 primassss).

423 974 587 1019 Utraque
615 973 717 1007 brevi
742 981 866 1008 acutus
895 981 946 1008 est
974 975 1011 1007 in
1036 973 1171 1019 priori,
1201 972 1323 1021 λόγος,

318 1023 453 1071 τύπος,
479 1025 576 1065 ὄνος.
630 1025 725 1060 Nota
743 1026 927 1067 derivata,
956 1022 1064 1070 θεός,
1093 1022 1220 1073 σοφός.

618 1102 787 1147 Regula
817 1105 1030 1138 secunda.

425 1172 589 1217 Utraque
616 1173 724 1215 longa
751 1172 854 1217 prior
879 1173 1039 1212 acuitur,
1069 1171 1229 1218 ἄρκτον,
1257 1168 1322 1206 τύ-

319 1236 419 1268 πτω,
452 1222 580 1259 ὄκνου.
635 1224 740 1257 Tolle
757 1225 902 1269 regulae
923 1224 1121 1270 superioris
1147 1224 1321 1268 exempla,

318 1278 465 1311 λευκοῦ.

635 1355 813 1399 Regula
842 1355 998 1389 tertia.

421 1425 529 1459 Prior
546 1425 667 1470 positu
683 1425 789 1469 longa
803 1452 812 1467 ,
837 1426 936 1459 brevi
957 1432 1141 1472 sequente,
1170 1425 1322 1464 acuitur,

319 1477 450 1524 ἄρτος,
488 1476 617 1521 ὄκνος,
653 1475 808 1522 μάντις,
843 1475 1002 1524 μάρτυς.
1064 1477 1320 1510 Derivatorum

320 1527 450 1562 cohors
479 1529 647 1567 tollatur,
669 1528 832 1575 χριστός.

624 1604 795 1648 Regula
828 1611 1008 1650 quarta.

424 1674 531 1707 Prior
553 1675 684 1714 brevis,
707 1675 811 1718 longa
834 1681 1016 1720 sequente,
1034 1674 1185 1714 acuitur,
1214 1672 1323 1723 λέγω,

319 1725 462 1770 τύπου,
489 1725 598 1771 ἄβαξ.
652 1726 746 1760 *Nota
777 1725 1000 1766 differentia,
1035 1733 1073 1759 ut
1102 1725 1197 1769 θέα,
1232 1724 1324 1766 θεά;

319 1778 404 1811 item
434 1778 616 1817 derivata,
652 1785 692 1810 ut
717 1774 848 1822 χιτών.
919 1778 1001 1823 Quo
1031 1785 1064 1811 te
1092 1779 1171 1811 loco
1202 1790 1323 1811 rursus

319 1831 499 1863 admoneo
518 1830 662 1873 regulae
683 1842 789 1873 supra
809 1830 946 1874 positae
965 1831 1008 1863 de
1026 1831 1194 1876 obliquis,
1222 1826 1324 1873 θεός,

320 1881 437 1925 θεοῦ,
466 1882 568 1927 θεῷ,
597 1877 691 1924 θεά,
725 1881 834 1922 θεᾶς,
869 1882 943 1927 θεᾷ
960 1881 1020 1927 37).

453 1958 513 1991 De
543 1959 671 2003 gravi
702 1971 777 1992 seu
807 1959 1037 2003 syllabico
1067 1965 1191 1992 t0n0.

424 2027 555 2062 Gravis
580 2034 707 2067 tonus,
752 2033 803 2060 est
829 2027 1030 2060 counnunis
1056 2026 1325 2071 pronuntiatio-

323 2080 377 2113 nis
411 2087 536 2118 tenor,
578 2076 632 2112 his
665 2079 831 2123 syllabis,
874 2091 965 2124 quae
989 2091 1054 2112 nec
1079 2085 1162 2112 sunt
1186 2084 1324 2118 acutae,

322 2144 387 2165 nec
406 2131 554 2164 inflexae
568 2157 576 2169 ,
605 2128 833 2175 philosophia
855 2131 928 2164 sola
946 2132 956 2163 i
973 2131 1133 2170 acuitur,
1162 2130 1324 2175 reliquae

323 2183 478 2229 syllabae
495 2194 620 2226 graves
638 2188 730 2215 suut.
786 2183 957 2216 Deforme
977 2183 1085 2217 suerit
1103 2183 1252 2215 sortasse
1271 2188 1325 2214 tot

320 2235 438 2279 apices
454 2233 602 2278 singulis
618 2233 763 2279 syllabis
785 2235 998 2277 inscribere,
1033 2234 1246 2280 praesertim
1271 2234 1324 2266 ni-

320 2285 372 2320 hil
392 2293 538 2331 praeter
559 2298 786 2318 communem
806 2287 1068 2331 pronuntiandi
1092 2287 1240 2319 modum
1266 2286 1324 2318 de-

320 2339 512 2382 signantes.
578 2336 660 2370 Ideo
679 2349 780 2372 suam
797 2339 948 2383 fungens
964 2339 1101 2380 vicem,
1135 2349 1324 2384 nunquam

324 2390 503 2424 scribitur.

355 2508 402 2540 35)
424 2510 470 2532 De
491 2508 697 2538 disyllabis
719 2507 901 2535 seorsim]
923 2507 1134 2536 sicEd.1542.·‚
1156 2507 1325 2532 Editt.1522

390 2544 510 2567 -15-11,
532 2544 577 2566 De
597 2543 871 2572 disyllaborum
891 2542 1018 2566 acutis

355 2587 401 2618 36)
423 2588 499 2611 Haec
519 2586 661 2616 inscri1utio
681 2586 707 2609 in
728 2587 810 2610 fiditt.
830 2586 1024 2610 1522—1541.
1046 2586 1132 2609 deest.

356 2630 404 2663 37)
427 2632 501 2654 Haec
525 2632 610 2654 vei-ha
637 2631 662 2652 in
689 2630 773 2654 Editt.
797 2629 988 2653 ¹522-1541.
1019 2629 1196 2659 subsequitur
1226 2631 1324 2654 haecce

392 2667 504 2697 regula:

765 2699 902 2729 Quinta.

425 2736 637 2766 Monosyuabae
663 2736 776 2760 acutae.
809 2734 936 2763 obliquus
957 2733 1117 2763 disyllabus
1137 2734 1322 2764 posteriorem

390 2771 480 2797 acuit,
505 2768 581 2802 φρήν
601 2767 718 2802 φρενός,
739 2768 790 2795 λίψ
810 2767 899 2800 λιβὸς,
927 2766 981 2799 θὴρ
999 2766 1092 2799 θηρός.

2328 139 2381 175 24

1481 221 1688 267 Aliquando
1722 235 1808 256 vero
1838 223 1876 257 in
1911 224 1995 259 solis
2021 224 2156 258 ultimis
2181 236 2247 269 pro
2273 232 2379 259 acuto

1378 274 1547 308 scribitur
1566 275 1844 319 consequentiae
1865 288 1968 310 causa
1990 276 2025 309 in
2044 277 2215 320 legendo,
2240 283 2274 310 et
2292 289 2380 322 qua-

1377 325 1405 360 si
1425 324 1688 359 cohaerentiae.
1745 326 1834 372 Quis
1853 328 1946 361 enirn
1966 340 2040 361 non
2060 328 2183 361 audiat
2199 328 2379 362 lubentius

1377 375 1499 424 πατὴρ
1515 375 1640 423 ἡμῶν,
1666 390 1773 424 quam
1794 377 1916 426 πατήρ
1934 378 2042 426 ἡμῶν
2061 380 2252 425 asperitate
2272 380 2381 420 acuti,

1379 430 1480 475 quasi
1509 436 1729 474 segregatam
1768 430 1840 463 vim
1877 432 2074 465 sententiae
2112 444 2152 464 ac
2188 430 2379 465 mutilam?

1378 480 1490 525 Sic³⁸)
1515 479 1700 527 μουσικὴν
1728 481 1819 529 ἔρως
1839 480 2030 529 διδάσκει,
2059 482 2182 530 pro³⁸)
2208 482 2300 531 ἔρως
2323 481 2380 518 δι-

1378 530 1505 568 δάσκει
1529 531 1728 579 μουσικήν.
2414 539 2417 541 ’

1484 584 1553 617 Sed
1571 586 1613 617 de
1632 586 1733 629 gravi
1752 585 2038 630 disputantibus,
2074 592 2269 620 occurrunt
2297 597 2379 629 par-

1380 636 1508 670 ticulae
1528 638 1706 682 quaedam
1725 638 1950 671 differentiae
1970 650 2074 672 causa
2099 650 2246 682 gravem
2273 643 2378 670 acuto

1377 700 1452 721 non
1478 694 1678 729 mutantes,
1716 702 1780 723 nec
1807 697 1975 730 econtra,
2019 688 2116 736 ut39)
2141 687 2197 728 τὶς
2218 688 2379 735 quidam,

1379 740 1470 788 et39)
1492 737 1549 779 τίς
1574 740 1680 786 quis?
1708 742 1802 775 inter
1818 755 1909 788 quae
1927 743 1999 776 duo
2020 741 2122 775 facile
2146 741 2381 780 internosces,

1379 804 1458 826 cum
1476 792 1555 825 aliis
1573 791 1772 827 adhaerent
1789 794 2017 828 dictionibus.
2060 793 2153 828 Nam
2163 792 2210 839 ³⁹)
2231 790 2286 831 τὶς
2302 791 2381 837 qui-

1379 845 1460 877 dam
1481 844 1672 877 encliticon
1688 852 1760 885 est,
1787 843 1842 885 τίς
1860 846 1964 892 quis?
1993 858 2068 878 non
2089 851 2141 879 est
2156 844 2360 878 encliticon.

1481 894 1609 929 Obiter
1626 898 1669 929 de
1686 897 1946 931 enclinomenis
1964 895 2022 931 hic
2040 904 2139 930 nota.

1428 949 1560 982 Nomen
1586 948 1734 982 inflectit
1762 962 1870 994 supra
1899 962 1935 983 se
1963 956 2109 983 tonum:
2153 946 2298 994 ἤκουσά
2325 959 2380 981 τι-

1377 1010 1457 1033 νων
1475 998 1534 1044 4⁰).

1416 1052 1606 1109 'Articulus
1623 1064 1689 1096 pro
1706 1049 1761 1091 τὶς
1776 1059 1982 1097 usurpatus,
2009 1049 2157 1087 δέδωκά
2174 1063 2241 1097 τῳ,
2263 1047 2381 1084 δέδω-

1376 1113 1424 1136 κα
1441 1115 1526 1137 τινι.

1433 1155 1559 1195 Verba,
1590 1153 1794 1201 φιλόσοφός
1810 1155 1904 1200 εἰμι,
1933 1152 2007 1204 ἐγώ
2025 1166 2132 1201 φημι.

1430 1206 1639 1239 Pronomz'na
1663 1207 1935 1251 monosyllaba,
1962 1202 2131 1244 δέδωκάς
2152 1216 2237 1250 μοι,
2264 1201 2381 1238 δίδω-

1376 1253 1420 1301 μί
1437 1266 1494 1290 σοι
1512 1255 1695 1304 ἀργύριον
1714 1263 1747 1290 et
1764 1257 1811 1304 ²¹¹)
1830 1256 1950 1305 σφίσι.

1428 1308 1600 1343 Adverbia
1623 1306 1733 1352 ποτὲ,
1764 1307 1863 1354 πῶς,
1899 1316 1934 1343 et
1957 1308 2120 1342 enclitica
2146 1305 2234 1341 haec
2257 1307 2302 1339 ab
2325 1305 2380 1339 in-

1377 1360 1604 1403 terrogativis
1627 1359 1736 1405 ποτέ,
1763 1363 1841 1400 πῶς
1863 1361 2070 1405 distingues.
2348 1356 2357 1361 ’

1430 1413 1689 1446 Coniunctiones
1711 1425 1771 1457 κε,
1799 1425 1861 1460 γε,
1886 1426 1945 1457 τε,
1973 1424 2063 1455 περ,
2099 1417 2140 1444 ut
2167 1407 2380 1455 Τηλέμαχός

1376 1476 1437 1507 τε,
1464 1463 1573 1509 σῶμά
1588 1476 1644 1501 τε;
1673 1476 1747 1497 non
1768 1471 1887 1497 autem
1908 1460 2130 1510 Τηλεμοίχού
2144 1474 2205 1506 τε,
2232 1462 2291 1495 sed
2311 1462 2381 1506 Τη-

1378 1512 1543 1561 λεμάχου
1561 1529 1619 1560 τε,
1646 1516 1754 1549 unico
1777 1523 1877 1550 tono.
1931 1516 2058 1560 Neque
2086 1513 2181 1547 enim
2210 1526 2289 1547 mos
2316 1518 2380 1553 est,

1379 1574 1482 1600 acuta
1509 1568 1708 1613 penultima
1736 1568 1772 1601 in
1796 1568 1962 1602 ultimam
1989 1567 2099 1600 alium
2126 1570 2269 1598 acutum
2296 1576 2382 1597 con-

1378 1619 1525 1653 stituere
1535 1619 1595 1667 42).
1636 1620 1806 1666 Plerique
1825 1619 2147 1664 grammaticorum
2168 1617 2278 1662 longo
2297 1627 2379 1649 exa-

1378 1671 1475 1704 mine
1494 1669 1628 1706 isthaec
1646 1685 1710 1717 per
1739 1673 1973 1717 spondaicas,
2002 1668 2224 1711 trochaicas,
2254 1667 2382 1701 iambi-

1379 1735 1456 1763 cas‚
1485 1724 1678 1769 dactylicas
1703 1725 1878 1758 dictiones
1906 1724 2106 1768 vestigant,
2142 1734 2208 1755 nos
2236 1734 2274 1755 ea
2300 1719 2380 1753 aliis

1378 1775 1465 1809 locis
1484 1788 1641 1819 agemus.
2324 1788 2327 1789 ⁷

1675 1876 1737 1909 De
1767 1877 2082 1910 circumflexo.

1694 1952 1866 1997 Regula
1899 1953 2058 1997 prima.

1483 2023 1750 2068 Nunquam‘est
1771 2023 1806 2055 in
1822 2023 1956 2068 syllaba
1976 2023 2076 2056 brevi
2094 2019 2348 2054 circumflexio-

1668 2110 1842 2153 Regula
1877 2111 2091 2143 secunda.

1490 2178 1684 2225 Nunquam
1705 2185 1756 2213 est
1776 2179 1813 2212 in
1831 2179 1965 2224 syllaba
1984 2178 2164 2223 positione
2186 2178 2292 2222 longa
2318 2177 2385 2210 cir-

1381 2231 1587 2271 cumflexio,
1629 2231 1667 2264 ni
1694 2243 1772 2264 eam
1801 2231 2001 2264 contractio
2026 2236 2179 2271 excuset.
2239 2230 2382 2263 Alicubi

1381 2289 1414 2316 et
1431 2283 1589 2328 liquidae
1618 2283 1654 2315 in
1680 2296 1784 2317 causa
1811 2290 1912 2324 sunt,
1950 2295 2012 2316 cur
2038 2283 2075 2315 in
2099 2281 2280 2328 positione
2303 2282 2381 2314 lon-

1380 2347 1460 2378 gam
1486 2335 1619 2368 incidat
1644 2335 1901 2369 circumflexus.
1954 2335 2046 2369 Nam
2071 2341 2111 2368 ut
2133 2333 2380 2367 circumflexus

1413 2455 1460 2481 33)
1482 2454 1527 2478 ste
1546 2472 1553 2477 .
1575 2472 1580 2477 .
1601 2437 1608 2477 ,’
1626 2452 1688 2485 pro]
1717 2454 1768 2476 nae
1797 2459 1879 2476 voces
1907 2454 1932 2476 in
1950 2453 2034 2477 Editt.
2053 2452 2244 2477 1522—1541.
2268 2452 2379 2476 deside-

1449 2490 1554 2513 rantur.

1413 2541 1458 2573 39)
1477 2543 1506 2565 ut
1527 2559 1532 2564 .
1553 2558 1559 2565 .
1579 2560 1585 2566 .
1607 2540 1633 2563 et
1655 2559 1660 2563 .
1682 2559 1688 2564 .
1710 2559 1716 2564 .
1737 2541 1819 2569 Nam]
1841 2541 1867 2564 iu
1888 2541 1971 2564 Editt.
1993 2540 2186 2564 1522—1541.
2206 2539 2315 2563 desunt.

1412 2593 1460 2625 40)
1480 2589 1584 2623 ἤκουσά
1603 2594 1699 2620 τινων]
1727 2593 1752 2616 in
1774 2593 1859 2618 Editt.
1878 2592 2070 2617 1522-1541.
2093 2592 2135 2615 his
2155 2591 2249 2615 verbis
2266 2598 2307 2623 gr.
2326 2591 2380 2615 ad-

1448 2628 1505 2651 dita
1525 2628 1604 2651 sunt:
1633 2627 1658 2650 id
1679 2629 1738 2658 est,
1759 2628 1852 2651 audivi
1871 2628 2014 2658 quosdam.

1411 2682 1460 2709 41)
1479 2682 1521 2709 et]
1543 2681 1583 2704 sic
1604 2680 1688 2704 Editt.
1705 2681 1812 2705 1522‘-
1823 2681 1916 2708 1541.;
1942 2680 1992 2704 Ed.
2011 2680 2086 2706 1542.
2105 2677 2161 2702 καὶ.

1412 2732 1459 2765 42)
1481 2739 1529 2762 κε,
1548 2738 1578 2765 γε
1592 2746 1626 2749 ——
1640 2731 1832 2764 constituere]
1852 2732 1893 2756 sic
1906 2733 1956 2758 Ed.
1971 2731 2064 2761 15423,
2084 2732 2168 2757 Editt.
2185 2729 2380 2755 1522-1541,

1446 2769 1542 2791 horum
1563 2769 1622 2792 loco
1642 2768 1758 2792 habent:
1783 2766 1840 2800 γᾶρ
1860 2766 1902 2792 τέ.
