2421 3037
304 121 380 156 483

305 220 429 242 omnes
446 207 561 242 dictae
576 205 796 246 sententiae,
823 211 864 239 ut
884 212 1083 250 prorogato
1102 206 1159 239 die
1176 206 1307 241 suffra-

303 260 476 304 gationis,
504 258 678 304 postridie
697 258 741 290 ad
757 257 1056 291 deliberationem
1078 259 1307 294 conveniant.

305 310 440 345 interea
469 316 646 343 venerant
661 308 890 353 Moguntiam
916 310 1023 354 legati
1042 310 1162 344 Caroli
1180 309 1307 344 Archi-

302 363 401 396 ducis
425 361 592 395 Austriae
626 367 660 395 et
690 361 944 405 Burgundiae,
987 368 1020 395 et
1046 362 1154 406 Regis
1179 363 1308 407 Hispa-

302 414 400 448 niae:
436 412 643 447 Matthaeus
665 412 866 458 Episcopus
884 413 1077 448 Gurcensis
1093 414 1308 454 Cardinalis,

301 465 507 500 Fridericus
527 465 656 499 Comes
673 465 861 499 Palatinus
880 464 962 499 Dux
984 465 1182 507 Bavariae,
1211 466 1309 500 Casi-

300 518 415 551 mirus
436 515 604 550 Marchio
625 517 1007 561 Brandenburgensis‚
1043 518 1220 552 Henricus
1241 518 1308 551 Co-

301 582 376 603 mes
400 569 630 609 Nassaensis,
674 575 708 601 et
734 567 789 603 his
820 569 979 602 adiuncti
1015 570 1211 604 consiliarii
1244 570 1308 602 ali-

303 627 403 667 quot.
446 621 492 653 Hi
513 621 662 654 nomine
680 620 789 665 Regis
807 620 927 654 Caroli
948 623 1107 656 modeste
1125 622 1308 666 petebant,

301 679 341 705 ut
363 673 438 706 eius
464 673 500 705 in
525 673 699 706 electione
726 673 820 706 ratio
839 671 1052 714 haberetur,
1082 674 1255 719 quoniam
1275 680 1309 706 et

299 725 423 757 indole
451 726 494 758 ad
520 726 690 758 virtutem
722 725 861 769 egregia
889 731 997 765 esset,
1035 732 1067 758 et
1093 726 1306 769 religionem

301 788 341 809 ac
365 776 539 810 iustitiam
565 789 708 810 summo
732 777 851 811 studio
878 778 1029 816 coleret,
1065 784 1195 810 natura
1222 789 1307 810 vero

301 840 319 861 a
352 829 565 862 crudelitate
596 835 630 862 et
655 829 699 861 ab
730 829 917 862 obscoenis
942 828 1152 863 libidinibus
1176 827 1307 862 ablior-

300 887 416 920 reret,
445 887 479 914 et
501 880 572 913 iam
593 880 775 925 specimen
791 881 944 914 dedisset
962 881 1177 921 industriae,
1205 881 1307 914 sorti-

300 932 458 973 tudinis,
496 938 531 965 et
553 932 731 966 felicitatis
756 944 841 966 suae
866 932 903 965 in
931 933 1150 978 occupandis
1178 933 1307 977 Hispa-

300 984 383 1017 niae
410 984 541 1028 regnis.
596 984 759 1029 Cumque
783 985 827 1018 de
851 985 926 1018 eius
949 985 1095 1029 ingenio
1119 997 1198 1030 spes
1217 991 1307 1019 esset

301 1036 455 1080 optima:
500 1035 765 1080 pollicebantur
793 1037 1016 1081 potentiam,
1055 1049 1125 1083 qua
1157 1037 1306 1071 caeteris

299 1087 524 1132 principibus
554 1088 802 1129 antecelleret,
840 1089 999 1122 suturam
1025 1101 1098 1123 esse
1123 1089 1305 1134 praesidio

300 1139 532 1179 Germaniae,
562 1146 597 1173 et
612 1139 783 1174 universo
802 1140 943 1173 nomini
962 1139 1180 1176 Christiano.
1233 1142 1306 1175 Ad-

298 1192 499 1224 monebant
519 1191 627 1225 etiam
644 1191 849 1233 Electores,
876 1205 894 1226 a
915 1192 1167 1226 Maximiliano
1191 1192 1305 1238 Impe-

299 1250 422 1276 ratore
445 1250 614 1288 nepotem
643 1243 729 1288 ipsis
751 1245 1045 1279 commendatum
1076 1258 1170 1286 esse,
1206 1245 1306 1279 cuius

298 1295 475 1329 memoria
494 1295 579 1340 ipsis
591 1323 600 1337 ,
627 1303 779 1341 propter
796 1297 1024 1330 excellentem
1042 1297 1117 1332 eius
1134 1298 1304 1331 virtutem

299 1354 333 1381 et
349 1347 586 1392 sapientiam,
615 1348 818 1392 gratissima
836 1355 936 1383 esset.
991 1349 1109 1383 Tanta
1129 1356 1248 1383 autem
1268 1349 1305 1383 in

298 1399 551 1433 Maximiliano
575 1400 732 1444 gravitas
757 1401 845 1441 fuit,
882 1407 1003 1435 tantus
1032 1414 1136 1435 amor
1166 1402 1305 1446 patriae

299 1458 333 1485 et
351 1452 554 1486 communis
569 1452 714 1493 salutis,
740 1459 800 1494 ut,
826 1452 896 1487 nisi
911 1454 1100 1499 probasset
1118 1454 1303 1498 ingenium

297 1503 459 1548 nepotis,
493 1510 528 1538 et
553 1504 745 1538 iudicasset
767 1506 996 1550 profuturam
1024 1506 1103 1539 orbi
1123 1512 1303 1539 terrarum

301 1555 511 1589 electionem
540 1555 670 1601 ipsius,
706 1568 780 1590 non
806 1557 915 1590 fuerit
931 1570 1012 1591 eum
1032 1559 1305 1591 commendatu-

298 1620 359 1642 rus
383 1607 621 1643 Electoribus.
675 1607 774 1642 Haec
797 1621 877 1642 cum
901 1609 1007 1654 legati
1025 1609 1206 1644 Austriaci
1226 1609 1305 1642 Ele-

298 1660 457 1694 ctoribus
493 1660 769 1705 significassent,
811 1667 935 1706 postea
972 1661 1184 1706 Moguntiae
1223 1674 1303 1695 cum

298 1724 437 1747 summa
458 1713 633 1747 modestia
654 1719 820 1747 eventum
843 1713 1027 1748 electionis
1050 1714 1304 1759 expectabant3

297 1765 397 1798 nulla
433 1765 611 1810 praesidia
649 1766 931 1811 comparabant,
973 1778 1017 1799 ne
1054 1766 1140 1813 quid
1177 1772 1333 1802 contra÷

297 1816 505 1851 Electorum
535 1818 736 1851 libertatem
764 1818 801 1851 in
826 1818 1033 1863 interregno
1061 1818 1181 1852 moliri
1208 1818 1305 1851 vide-

298 1920 470 1966 privatim
505 1921 710 1966 ingentibus
743 1922 929 1968 promissis
959 1923 1099 1957 animos
1125 1936 1199 1957 non
1224 1922 1304 1956 Ele-

298 1979 440 2007 ctorum
470 1979 632 2015 tantum,
668 1976 729 2008 sed
763 1975 871 2008 etiam
904 1975 1059 2009 aliorum
1083 1976 1304 2020 principum,

299 2031 333 2058 et
361 2025 546 2060 civitatum
575 2026 767 2060 conciliare
792 2026 883 2072 Regi
905 2027 1097 2061 Francisco
1121 2029 1303 2061 conaban-
1332 2032 1333 2058 ἶ

298 2084 377 2118 tur,
403 2077 728 2125 disputabantque‚
760 2077 852 2112 nihil
877 2086 1002 2113 contra
1029 2080 1124 2124 leges
1145 2081 1304 2114 facturos

299 2232 410 2277 stirpe
443 2234 513 2267 orti
541 2241 636 2269 sunt.

299 2337 482 2379 manicae,
517 2351 592 2372 non
614 2345 654 2373 ut
672 2339 862 2374 distractae
881 2341 918 2374 in
936 2342 1007 2374 duo
1027 2353 1136 2386 regna
1154 2341 1303 2381 fuerint,

299 2389 360 2422 sed
390 2390 488 2423 velut
518 2403 630 2425 unum
657 2403 807 2436 regnum
832 2393 897 2427 snb
922 2393 1046 2427 iisdem
1075 2394 1204 2438 signis,
1237 2393 1302 2427 sub

299 2441 426 2473 eodem
452 2441 549 2486 Rege
573 2443 819 2485 Francorum,
855 2445 949 2479 socia
985 2458 1085 2478 arma
1117 2446 1303 2489 gesserint,

299 2493 399 2525 (lomi
419 2493 543 2527 iisdem
562 2495 711 2539 legibus,
739 2498 865 2530 eodem
884 2497 961 2530 iure
982 2499 1201 2541 gubernatae
1219 2498 1303 2537 sint,

300 2556 451 2591 eamque
477 2546 767 2581 coniunctionem
791 2548 950 2593 primum
977 2550 1170 2593 gloriosam
1195 2550 1302 2584 fuisse

300 2596 518 2631 Germanico
541 2599 703 2640 nomini,
732 2600 861 2634 deinde
887 2602 992 2635 etiam
1013 2603 1205 2636 salutarem
1223 2602 1302 2636 uni-

301 2661 422 2683 xersae
452 2649 622 2695 Europae
661 2663 700 2683 ac
732 2653 925 2697 praecipue
952 2653 1142 2689 Ecclesiae.
1209 2654 1301 2688 Nam

301 2701 441 2745 imperii
477 2704 584 2737 decus
619 2703 722 2736 initio
754 2711 898 2749 partum
927 2706 1115 2752 utriusque
1144 2706 1302 2740 nationis

932 118 1058 154 PHIL.
1088 119 1201 154 MEL.
1229 119 1434 154 SCRIPTA
1462 121 1735 159 HISTORICA.

297 1875 436 1903 rentur.
478 1868 592 1903 Erant
612 1876 646 1903 et
662 1869 911 1904 Confluentiae
930 1870 1060 1905 Gallici
1086 1871 1214 1915 legati,
1242 1870 1303 1916 qui
1331 1867 1333 1897 ἐ
1359 1846 1457 1879 dum·

1331 1979 1333 1983 ,
1359 1950 1564 1983 Germanis.

2291 126 2367 163 484

1361 207 1515 249 virtute,
1542 210 1674 254 'postea
1701 211 1905 245 Germanos
1934 209 2037 256 quasi
2067 212 2285 258 usucapione
2313 226 2368 248 re-

1362 266 1500 294 tentum
1518 262 1730 306 possedisse.

1467 337 1654 383 Quantum
1682 351 1768 372 vero
1793 338 1972 383 profuerit
1998 338 2205 373 coniunctio
2230 340 2369 376 Galliae

1363 395 1396 422 et
1415 390 1635 424 Germaniae
1653 390 1758 424 initio
1771 417 1780 430 ,
1808 391 1891 424 inde
1910 391 2092 425 aestimari
2110 404 2214 436 posse
2227 418 2237 433 ‚
2259 394 2370 439 quod,

1363 454 1442 474 cum
1473 440 1612 475 ltaliam
1642 442 1727 476 alibi
1757 442 1927 476 Saraceni
1962 443 2247 488 popularentur,
2285 444 2369 478 alibi

1362 506 1448 527 vero
1472 493 1709 538 Longobardi
1732 506 1806 527 non
1832 495 1991 528 contenti
2015 495 2145 529 finibus
2169 494 2263 536 suis,
2296 495 2371 530 Ro-

1363 558 1459 578 mam
1479 545 1594 591 ipsam
1617 559 1735 580 arcem
1754 553 1788 579 et
1808 552 1915 591 caput
1938 544 2134 581 Christiani
2155 547 2315 581 nominis
2332 547 2371 581 in

1361 596 1531 642 Europa,
1557 598 1593 631 in
1611 598 1838 632 barbaricam
1857 599 2065 632 servitutem
2084 599 2247 644 redigere
2264 611 2371 633 cona·

1362 655 1503 682 rentur:
1540 650 1602 683 diu
1628 657 1816 696 quassatae
1834 649 1958 683 Italiae
1973 648 2063 685 haec
2079 663 2151 684 una
2168 663 2244 692 res,
2272 650 2371 685 vide-

1362 700 1443 734 licet
1468 702 1674 735 coniunctio
1700 703 1840 736 Galliae
1871 709 1905 735 et
1931 702 2172 743 Germaniae,
2206 708 2368 748 optatam

1362 765 1485 797 pacem
1505 754 1684 795 attulerit,
1713 767 1804 800 quae
1823 755 1970 788 duravit
1988 767 2104 789 annos
2121 755 2195 788 fere
2213 761 2371 796 centum,

1362 806 1483 850 quoad
1508 805 1644 838 familia
1669 806 1790 850 Pipini
1815 812 1849 839 et
1874 806 1995 840 Caroli
2022 806 2216 851 imperium
2241 806 2369 841 tenuit.

1361 856 1536 891 Desensas
1568 869 1642 891 esse
1678 864 1740 891 aut
1771 864 1915 902 pacatas
1943 871 1961 891 a
1993 859 2098 893 nobis
2127 859 2370 892 communiter

1362 914 1395 941 et
1417 909 1504 942 alias
1522 909 1686 953 regiones
1704 909 1740 942 in
1758 908 1924 954 Europa:
1962 910 2160 945 Saracenos
2180 923 2222 944 ex
2240 910 2370 955 Hispa·

1360 960 1420 993 nia
1436 961 1566 995 effusos
1583 961 1619 994 in
1636 962 1806 1002 Galliam,
1828 961 1935 996 fuisse
1950 974 2152 1007 repressos,
2178 962 2368 996 liberatam

1360 1012 1594 1046 Germaniam
1615 1020 1754 1047 terrore
1771 1013 2004 1048 Hunnorum.
2060 1014 2128 1048 Sed
2147 1013 2176 1049 si
2192 1026 2369 1060 unquam,

1359 1077 1455 1098 nunc
1479 1065 1634 1098 maxime
1659 1066 1855 1110 optandam
1875 1078 1949 1100 esse
1968 1066 2260 1100 coniunctionem
2281 1066 2370 1100 Gal-

1359 1116 1429 1149 liae
1461 1123 1494 1149 et
1520 1117 1738 1150 Germaniae
1779 1118 1824 1151 ad
1858 1118 2127 1162 reprimendam
2160 1118 2367 1152 barbariem

1360 1168 1566 1203 Turcicam.
1628 1169 1769 1202 Tenere
1806 1176 1926 1203 autem
1960 1169 2096 1215 Regem
2132 1169 2366 1204 Franciscum

1360 1220 1468 1253 etiam
1507 1221 1640 1254 bonam
1676 1220 1799 1255 Italiae
1827 1228 1988 1267 partem,
2027 1229 2061 1256 et
2086 1219 2221 1269 habere
2248 1221 2367 1256 studia

1359 1272 1584 1318 reliquorum
1618 1272 1806 1308 Italorum.
1879 1273 2030 1318 Semper
2063 1273 2222 1308 Gallicos
2252 1271 2393 1318 Reges'

1359 1324 1564 1358 Romanam
1585 1327 1704 1359 sedem
1723 1325 1901 1370 singulari
1923 1325 2057 1370 pietate
2073 1331 2264 1360 veneratos
2282 1337 2369 1360 esse.

1360 1376 1482 1422 Quare
1515 1384 1549 1410 et
1582 1390 1665 1422 erga
1698 1378 1832 1422 Regem
1865 1378 2098 1412 Franciscum
2129 1384 2163 1411 et
2188 1377 2368 1412 Gallicum

1358 1441 1493 1462 nomen
1522 1429 1697 1474 optimam
1723 1442 1797 1464 esse
1818 1428 1886 1463 hoc
1909 1435 2073 1474 tempore
2093 1429 2255 1463 Romani
2277 1441 2369 1475 pon-

1359 1481 1462 1515 tificis
1487 1482 1730 1521 voluntatem;
1766 1494 1831 1515 nec
1855 1493 1942 1515 vero
1968 1481 2075 1515 aliam
2096 1481 2208 1515 ullam
2227 1480 2369 1515 ostendi

1358 1545 1462 1577 posse
1488 1534 1691 1578 expeditam
1717 1533 1897 1567 rationem
1926 1534 2012 1567 belli
2044 1535 2215 1568 adversus
2240 1533 2369 1567 Turci·

1359 1597 1438 1617 cam
1471 1585 1657 1618 nationem
1696 1586 1865 1629 gerendi,
1901 1597 2010 1631 quam
2048 1586 2077 1620 si
2113 1585 2367 1620 communibus

1359 1636 1489 1681 opibus
1510 1636 1654 1678 Italiae,
1682 1637 1840 1680 Galliae,
1876 1644 1911 1671 et
1935 1637 2154 1671 Germaniae
2177 1649 2235 1672 res
2259 1637 2368 1672 susci-

1359 1688 1492 1734 piatur.
1563 1689 1637 1723 Has
1669 1690 1835 1734 regiones
1870 1696 2021 1735 propter
2053 1689 2365 1735 opportunitatem

1358 1741 1537 1781 locorum,
1565 1748 1715 1786 propter
1733 1742 1868 1786 copias,
1892 1749 1926 1776 et
1943 1741 2117 1776 exercitus
2134 1741 2242 1776 etiam
2261 1747 2366 1775 antea

1358 1793 1452 1827 visas
1476 1806 1549 1827 esse
1574 1794 1741 1839 inprimis
1766 1794 1914 1828 idoneas
1936 1792 2067 1828 adhoc
2084 1794 2217 1828 bellum
2241 1805 2367 1839 geren-

1510 1845 1603 1880 Nam
1631 1853 1665 1879 et
1688 1846 1908 1890 Sigismundi
1934 1845 2165 1891 Imperatoris
2191 1852 2367 1890 tempore,

1358 1897 1553 1931 exercitum
1585 1904 1810 1931 contractum
1840 1898 1948 1932 fuisse
1977 1910 2018 1931 ex
2042 1897 2159 1938 Italis,
2194 1897 2308 1932 Gallis
2332 1903 2367 1931 et

1617 1950 1673 1984 Ad
1692 1948 1779 1983 haec
1801 1951 1898 1995 quod
1918 1950 2066 1984 classem
2083 1950 2133 1983 ita
2152 1950 2364 1984 instructam

1357 2000 1490 2035 habeat
1508 2001 1647 2042 Gallia,
1675 2008 1734 2042 ut,
1762 2002 1791 2036 si
1808 2001 1946 2035 Veneta
1967 2002 2088 2037 classis
2105 2002 2273 2036 adiuncta
2290 2002 2365 2036 sue-

1357 2054 1424 2095 rit,
1461 2066 1535 2087 non
1564 2054 1713 2087 dubium
1733 2054 1800 2094 sit,
1829 2054 1923 2087 mari
1941 2061 2039 2096 toto,
2069 2066 2161 2101 quae
2178 2054 2292 2087 velint
2308 2053 2365 2087 lit-

298 2128 502 2171 Electores,
536 2130 565 2165 si
582 2131 808 2165 Francorum
828 2132 963 2176 Regem
983 2132 1216 2176 designarent
1232 2131 1303 2165 Im·
1331 2132 1333 2168 }
1358 2113 1460 2147 tora'
1489 2119 1578 2152 quas
1603 2118 1706 2147 oras’
1733 2106 1887 2148 inSUIas'
1916 2112 2060 2151 portus'
2090 2112 2167 2141 tum
2190 2112 2311 2151 petere
2330 2111 2365 2140 et

299 2188 525 2225 peratorem,
554 2184 651 2228 quod
666 2183 891 2218 Francorum
910 2184 1025 2228 Reges
1046 2197 1063 2217 a
1085 2184 1302 2218 Germanica
1330 2204 1333 2224 ς

703 2234 896 2270 Addebant
920 2237 1005 2269 olim
1029 2243 1167 2270 tantam
1195 2237 1303 2270 fuisse
1331 2260 1333 2281 3

300 2285 592 2320 coniunctionem
620 2286 808 2334 utriusque
833 2289 947 2333 gentis
970 2288 1129 2322 Gallicae
1155 2295 1189 2322 et
1215 2289 1304 2323 Ger-
1331 2330 1333 2333 v

1358 2170 1570 2204 oppugnare
1589 2164 1747 2203 possent.

1461 2236 1579 2269 Porro
1608 2235 1636 2269 si
1661 2242 1762 2268 tanto
1785 2235 1880 2269 bello
1908 2236 1980 2269 dux
2006 2235 2234 2282 quaerendus
2260 2241 2362 2276 esset,

1356 2288 1618 2333 rempublicam
1666 2287 1780 2332 ipsam
1822 2288 2066 2332 flagitaturam
2112 2299 2186 2322 esse
2224 2286 2361 2332 Regem

1356 2340 1602 2380 Franciscum,
1631 2340 1714 2385 quia
1742 2352 1817 2373 non
1841 2340 1958 2374 solum
1983 2339 2177 2374 autoritate
2201 2339 2361 2385 reliquos

1331 2416 1333 2428 .=
1356 2392 1537 2438 principes
1568 2392 1739 2432 anteiret,
1775 2393 1836 2426 sed
1863 2392 1970 2425 etiam
2000 2404 2066 2426 usu
2092 2397 2126 2425 et
2154 2390 2283 2436 peritia
2308 2390 2361 2424 rei

1356 2445 1535 2478 militaris.
1595 2444 1670 2478 Nec
1707 2445 1826 2478 deesse
1862 2445 1936 2479 eius
1976 2443 2101 2477 virtuti
2134 2443 2359 2480 felicitatem;

1358 2503 1511 2543 quantas
1536 2496 1631 2530 enim
1657 2509 1713 2530 res
1737 2496 1916 2541 gessisset,
1945 2497 2030 2529 dum
2055 2501 2287 2540 recuperaret
2303 2493 2359 2527 In-

1356 2549 1536 2588 subriam,
1565 2549 1733 2582 omnibus
1757 2556 1883 2582 notum
1910 2560 1999 2582 esse:
2038 2554 2173 2593 quanta
2191 2546 2358 2580 felicitate

1358 2601 1532 2635 maximas
1548 2599 1704 2635 hostium
1725 2601 1846 2645 copias
1862 2600 2099 2645 profligasset,
2126 2599 2267 2646 quoties
2281 2603 2356 2631 toto

1357 2653 1515 2686 triennio
1539 2654 1743 2687 dimIcasset
1768 2653 1854 2687 acie.
1909 2650 2022 2686 Iuliis
2048 2653 2154 2686 rebus
2178 2664 2258 2685 curn
2282 2649 2357 2683 feli-

1357 2705 1443 2740 citas
1462 2705 1536 2739 eius
1556 2706 1712 2750 conspici
1730 2704 1908 2750 potuerit3
1937 2711 2012 2738 tum
2028 2716 2115 2738 vero
2133 2704 2259 2744 virtus,
2280 2712 2356 2734 ma-

1356 2758 1506 2802 gnitudo
1527 2759 1665 2792 consilii
1683 2765 1790 2804 atque
1807 2757 1939 2798 animi,
1967 2757 2133 2790 laborum
2151 2753 2355 2794 tolerantia,
