2389 3037
65 136 141 176 249
726 133 849 170 XCVI.

193 221 347 266 Magnus
413 221 529 254 maior
669 222 846 255 maximus

192 273 332 306 Parvus
413 272 534 305 minor
668 272 838 307 minimus

194 322 332 358 Multus
669 324 844 368 plurimus

194 375 308 408 Multa
668 376 823 419 plurima

194 426 349 460 Multum
414 426 492 470 plus
669 427 876 471 plurimum.

114 485 253 520 Plurali
276 497 429 519 numero
454 493 575 519 tamen
596 488 832 521 masculinum
851 492 885 520 et
901 486 1067 519 foemini-

66 549 152 571 num
171 544 386 582 usurpatur,
414 538 546 582 plures.

194 598 328 633 Dexter

115 660 148 692 A
166 659 249 692 volo
272 659 375 698 dico,
403 664 437 691 et
455 658 568 698 facio,
594 658 642 692 sic
663 664 936 702 comparantur:

668 599 855 632 dextimus.

65 717 267 753 Benevolus
344 717 616 752 benevolentior
683 717 1042 752 benevolentissimus

64 769 263 805 Maledicus
346 769 619 803 maledicentior
684 770 1042 804 maledicentissimus

64 821 278 866 Magnificus
342 821 629 866 magnificentior
682 821 1066 865 magnificentissimus.
1091 843 1092 847 =

116 880 246 921 Vetus,
274 881 451 922 veterior,
478 882 703 917 veterrimus.
744 882 836 916 Nam
860 882 947 915 olim
968 888 1067 916 veter

64 932 240 967 dicebant.

194 992 319 1038 Nuper

116 1051 242 1093 Prior,
270 1052 421 1097 primus,
449 1064 467 1085 a
485 1053 624 1097 pridem
641 1054 722 1087 fecit
741 1053 1014 1100 Priscianusm).

168 1112 356 1157 Quaedam
392 1112 566 1146 adiectiva
590 1113 758 1147 bifariam
785 1114 915 1147 finiunt
941 1113 976 1146 in
1002 1125 1065 1158 po—

64 1162 194 1204 sitivis,
221 1175 260 1197 er
275 1163 330 1196 vel
347 1163 388 1198 is.
441 1163 532 1197 Sunt
551 1171 688 1199 autem:

667 994 909 1039 nuperrimuS.

114 1221 173 1256 hic
263 1223 355 1256 Acer
464 1224 582 1257 acrior
663 1224 857 1258 acerrimus

115 1272 203 1307 baec
264 1274 365 1308 Acris
463 1275 582 1308 acrior
662 1275 835 1308 acerrima

114 1323 184 1359 boc
263 1326 354 1359 Aere
466 1328 582 1360 acrius
663 1327 877 1360 acerrimum

115 1374 172 1410 hic
263 1376 391 1410 Alacer
663 1376 720 1411 bic
812 1377 959 1411 Celeber

113 1426 203 1462 haec
262 1428 401 1462 Alacris
661 1428 747 1463 haec
809 1429 965 1464 Celebris

114 1477 183 1513 hoc
262 1480 327 1514 Ala
333 1491 391 1513 cre
661 1479 728 1514 hoc
809 1480 957 1515 Celebre

112 1529 172 1564 bic
261 1531 411 1564 Saluber
662 1531 718 1566 hic
808 1532 964 1566 Volucer

114 1580 202 1616 haec
261 1582 421 1617 Salubris
663 1583 748 1618 baec
806 1584 972 1618 Volucris

114 1631 183 1667 hoc
262 1634 411 1668 Salubre
663 1635 730 1670 boc
808 1636 976 1671 volucre.

385 1710 573 1745 Eiusmodi
596 1720 678 1745 sunt
705 1719 740 1746 et

169 1771 283 1811 Celer,
304 1771 480 1811 Paluster,
499 1771 718 1817 Campester,
737 1773 927 1818 Sylvester,
947 1773 1064 1819 Eque—
1090 1802 1092 1807 ⁴

64 1829 155 1864 ster,
182 1823 390 1869 Sequester,
418 1823 597 1859 Pedester.

390 1901 578 1936 Mutantur
605 1910 639 1935 et
666 1903 728 1935 sic:

217 1961 273 1996 hic
298 1963 390 1997 acris
620 1960 677 1995 hic
699 1962 850 1996 salubris

217 2012 304 2048 baec
328 2015 418 2049 acris
620 2012 706 2047 baec
732 2014 883 2048 salubris

218 2064 285 2099 boc
310 2079 390 2100 acre
620 2065 687 2099 boc
708 2067 848 2100 salubre

621 2117 676 2151 bic
699 2118 854 2151 volucris

619 2170 703 2203 baec
724 2170 877 2203 volucris

618 2220 685 2255 boc
713 2222 867 2254 volucre.

218 2116 275 2151 hic
300 2118 426 2151 alacris

218 2167 304 2202 haec
326 2170 451 2202 alacris

217 2218 285 2253 hoc
308 2222 423 2253 alacre

166 2278 353 2311 Caeterum
382 2279 417 2312 in
444 2283 688 2324 comparando
715 2281 940 2320 observabis,
977 2281 1061 2326 quid

63 2329 189 2372 probet
215 2343 298 2364 usus
323 2338 355 2364 et
381 2331 602 2366 eruditorum
625 2333 808 2366 autoritas.
866 2333 946 2366 Non
966 2333 1060 2365 enim

63 2381 183 2413 omnia
211 2383 357 2415 nomina
385 2385 586 2427 comparari
616 2392 783 2428 possunt,
811 2384 952 2418 tametsi
972 2383 1062 2417 nibil

63 2438 155 2465 vetet
178 2432 408 2475 significatio,
437 2437 496 2468 sed
520 2436 601 2480 quia
628 2449 709 2469 usus
728 2449 851 2469 eorum
874 2448 1061 2480 compara-
1088 2473 1091 2483 Ι

62 2482 196 2517 tionem
223 2497 296 2519 non
321 2487 505 2530 probavit,
536 2494 570 2519 ut
599 2487 731 2525 almus,
760 2495 792 2519 et
810 2501 900 2533 quae,
920 2489 1061 2521 buudus
1089 2487 1091 2489 ¹

62 2533 208 2575 finiunt,
237 2545 274 2569 ut
294 2539 514 2575 sitibundus,
545 2539 790 2572 moribundus.

100 2696 145 2722 12)
167 2696 249 2720 Editt.
273 2697 362 2727 lma,
398 2706 420 2721 s.
438 2705 461 2723 a.
490 2703 512 2724 n,
534 2700 550 2723 Ι.
571 2700 689 2723 addunt:
729 2699 775 2721 Est
802 2702 828 2722 et
856 2701 1062 2730 comparativus

131 2731 263 2759 deterior,
286 2733 312 2754 et
331 2733 517 2761 nuperlatim·
532 2733 708 2757 deterrimus.
730 2739 842 2762 quorum
863 2735 996 2764 positivus
1012 2736 1060 2758 de-

131 2769 171 2788 ter
193 2771 244 2788 uon
265 2768 306 2789 ent
326 2765 350 2788 in
371 2772 426 2789 unu.

903 134 1233 171 GRAMMATICA
1264 135 1456 172 LATINA.

2046 137 2123 175 250

1452 223 1492 263 D
1504 235 1527 263 e
1566 223 1604 267 G
1613 238 1635 266 e
1647 239 1675 266 n
1687 237 1709 264 e
1720 238 1741 265 r
1751 239 1788 267 e.

1499 290 1639 325 Genera
1659 299 1742 327 sunt

1171 400 1446 442 Foemininum,
1472 400 1570 437 baec.

1172 451 1369 492 Neutrum,
1392 450 1530 500 hoc¹³).

1173 502 1395 543 Commune,
1422 502 1479 537 bic
1497 512 1530 538 et
1549 505 1646 540 baec.

1173 554 1311 594 Omne,
1339 553 1417 596 bic,
1442 554 1547 597 baec,
1575 556 1652 592 boc.

1091 325 1095 387 1
1174 349 1413 383 Masculinum
1426 377 1435 390 ,
1465 351 1562 385 cuius
1582 359 1665 386 nota
1688 360 1739 388 est
1756 355 1926 388 articulus
1941 353 2010 390 hic.

1092 393 1095 447 l

1092 452 1095 467 l

1091 473 1094 509 l

1169 613 1386 651 Ἐπίκοινον
1401 628 1461 649 seu
1480 619 1723 661 promiscuum
1737 647 1745 659 ,
1778 633 1856 654 rum
1878 633 1950 654 uno
1968 622 2119 656 articulo

1091 683 1093 699 ι
1121 668 1194 701 duo
1225 679 1354 710 genera
1388 669 1679 712 complectimur,
1713 678 1752 704 ut
1774 670 1831 705 bic
1858 685 1998 717 passer,
2031 672 2119 708 haec

1121 718 1253 765 aquila.

1172 769 1353 809 Dubium,
1398 783 1476 804 cum
1510 778 1652 807 autores
1685 774 1916 808 variaverunt
1947 778 1989 809 de
2023 777 2119 811 vocis

1121 821 1270 855 alicuius
1287 834 1435 865 genere,
1462 829 1502 856 ut
1521 821 1577 856 bic
1592 824 1686 865 dies,
1715 826 1767 858 vel
1788 823 1873 859 baec
1892 828 1978 862 dies.

1377 915 1578 960 Regulae
1607 919 1860 961 generales.

1603 994 1634 1030 Ι.

1465 1054 1663 1088 officiorum
1708 1056 1886 1097 virilium,
1930 1058 2122 1099 mensium,

1119 1108 1330 1143 ventorum,
1366 1111 1399 1137 et
1433 1105 1625 1139 fluviorum
1663 1107 1830 1148 nomina,
1864 1116 1947 1142 sunt
1982 1110 2120 1153 generis

1120 1154 1320 1189 masculini.

1222 1051 1392 1084 Virorum
1407 1079 1415 1092 ‚

1439 1214 1609 1249 Virorum
1641 1217 1807 1251 nomina:

1275 1265 1340 1299 Hie
1366 1266 1547 1311 Virgilius.
1708 1269 1774 1302 Hic
1801 1269 1964 1305 Carolus.

1499 1336 1728 1371 Officiorum:

1275 1385 1420 1420 Consul.
1703 1389 1866 1424 Praetor.

1523 1455 1720 1490 Mensium:

1223 1504 1427 1547 Ianuarius,
1456 1505 1602 1547 lenuer,
1631 1521 1648 1540 a
1668 1507 1774 1548 lano,
1803 1509 1859 1542 cui
1876 1516 1979 1543 erant
1997 1522 2117 1543 rerum

1117 1557 1293 1602 principia
1320 1558 1447 1592 dicata.

1219 1609 1457 1649 Februarius,
1496 1609 1692 1655 Hornuug,
1735 1624 1752 1644 a
1783 1611 1951 1652 Februis,
1991 1612 2025 1645 id
2055 1620 2118 1654 est,

1118 1661 1308 1695 sacrificiis.

1224 1712 1395 1753 Martius,
1425 1725 1442 1745 a
1463 1711 1602 1751 Marte,
1631 1714 1756 1748 Mertz.

1220 1764 1375 1808 Aprilis,
1403 1765 1526 1808 April,
1552 1766 1649 1809 quod
1671 1766 1809 1809 aperiat
1829 1772 1974 1801 terram.

1220 1815 1359 1854 Maius,
1386 1815 1491 1860 May,
1520 1829 1537 1848 a
1559 1816 1667 1855 Maia,
1695 1817 1865 1849 Mercurii
1887 1825 2011 1858 matre,
2040 1825 2115 1852 tuin

1090 1896 1093 1909 ⁴¹
1117 1867 1211 1900 enim
1232 1866 1394 1900 Pleiades
1412 1868 1602 1910 prodeunt.

1091 1911 1093 1937 ἶ
1221 1917 1362 1959 lunius,
1387 1916 1614 1958 Braclunou,
1640 1932 1658 1952 a
1682 1918 1829 1953 lunone.

1091 1966 1093 2028 J
1221 1969 1350 2010 lulius,
1390 1970 1577 2010 Heumon,
1619 1984 1636 2003 a
1672 1969 1761 2004 lulio
1796 1971 1968 2012 Caesare,
2012 1980 2116 2006 antea

1090 2035 1093 2057 ³.
1117 2022 1289 2068 Quintilis
1306 2023 1422 2055 suerat
1438 2022 1570 2061 «lictus,
1599 2023 1694 2068 quod
1715 2023 1860 2068 quintus
1877 2030 1965 2057 esset
1984 2036 2001 2056 a
2020 2024 2118 2057 Mar-

1090 2075 1188 2115 1tio,
1224 2075 1283 2119 qui
1320 2076 1503 2120 quondam
1536 2075 1601 2107 suit
1628 2074 1712 2107 :tuni
1741 2075 1904 2114 initium,
1942 2082 2115 2122 erantque

1090 2126 1093 2167 ξ
1117 2133 1191 2159 tum
1220 2127 1339 2158 (ierem
1367 2133 1505 2158 tantum
1533 2138 1668 2159 irienses
1685 2125 1741 2172 ¹⁴).

1221 2179 1419 2222 Augustus,
1449 2178 1668 2219 Augstmou,
1698 2179 1741 2210 ab
1764 2178 1925 2221 Augusto
1953 2178 2116 2219 Caesare,

1089 2221 1093 2247 ὀ
1117 2231 1299 2276 quondam
1328 2229 1478 2262 Sextilis.

1088 2249 1093 2303 i
1219 2281 1441 2325 September,
1467 2280 1698 2318 Herbstmou,
1724 2282 1837 2320 idest,
1861 2282 2032 2325 septimus
2051 2282 2115 2314 im-

1116 2333 1191 2373 ber,
1221 2333 1253 2364 id
1273 2339 1334 2371 est,
1363 2339 1564 2376 tempestas.
1599 2331 1663 2366 Est
1683 2333 1775 2366 enim
1796 2334 1968 2377 septimus
1987 2333 2115 2367 mensis

1117 2396 1134 2416 a
1156 2384 1309 2423 Martii),
1338 2384 1397 2428 qui
1419 2385 1601 2428 quondam
1619 2385 1872 2429 auspicabatur
1891 2397 2037 2418 animm.

1220 2435 1396 2473 October,
1422 2436 1579 2469 Octavus
1599 2437 1733 2475 imber,
1764 2436 1977 2470 Weinmon.

1219 2487 1444 2526 November,
1473 2487 1746 2527 Nonusimber,
1775 2488 2023 2521 XYintermon.

1223 2538 1435 2578 December,
1464 2538 1631 2573 Decimus
1651 2540 1781 2577 imber,
1812 2538 2029 2573 Cbristmou.

1153 2693 1196 2719 13')
1221 2695 1365 2725 ,Nemi-um,
1391 2695 1452 2726 hor]
1476 2696 1500 2718 iu
1523 2696 1569 2720 Ed.
1594 2695 1665 2718 ¹526.
1688 2696 1795 2718 desunt.

1088 2751 1092 2781 μ
1155 2737 1199 2761 14)
1219 2739 1353 2766 erantque,
1373 2750 1386 2753 -
1426 2737 1556 2768 meusex.]
1578 2738 1659 2761 Eunt.
1685 2738 1768 2764 15⁴6..
1784 2743 1805 2758 s.
1820 2742 1843 2759 a.
1864 2736 1959 2758 horum
1981 2736 2039 2758 los-0
2060 2737 2106 2758 ha-

1187 2773 1263 2793 bent:
1290 2777 1364 2794 more
1384 2772 1601 2801 Aegyptiorum,
1628 2771 1670 2800 qiu
1691 2778 1706 2794 a
1727 2777 1791 2793 vere
1811 2770 1938 2793 itu-hoaut
1957 2775 2064 2793 aunum.
