2389 3037
89 105 166 142 493
369 101 427 138 111.

89 194 192 226 bram
212 190 376 236 imperii,
403 190 480 224 sine
497 189 710 230 autoritate,
738 189 813 224 sine
830 189 966 223 viribus
984 196 1096 234 gerat.

87 243 214 288 Itaque
254 243 416 276 antefero
451 242 621 276 Carolum
654 240 895 276 Archiducem
926 241 1096 275 Austriae

90 295 240 330 caeteris
265 294 484 329 Germaniae
509 294 751 339 principibus,
789 300 824 327 et
850 294 1096 333 incommoda,

90 360 183 395 quae
214 349 258 381 de
283 347 379 380 illius
402 346 575 380 electione
601 346 721 391 colligi
752 352 921 391 possunt,
958 345 1095 378 leviora

89 400 209 434 iudico
228 399 417 439 omnibus,
446 410 538 444 quae
556 399 703 433 alterius
720 399 931 444 cuiusquam
954 397 1097 431 electio-

88 465 172 486 nem
209 458 374 485 secutura
407 458 535 485 essent,
597 451 762 484 Primum
801 450 902 494 origo
934 456 985 483 est
1013 461 1096 482 vere

89 503 326 542 Germanica3
369 515 435 536 nec
470 503 540 536 dici
570 509 706 548 potest,
742 515 808 536 nos
838 514 877 535 re
901 502 1096 535 transferre

87 555 282 601 imperium
311 556 356 588 ad
382 562 542 596 exteros,
571 556 676 589 titulo
695 561 798 588 tenus
814 553 1015 599 principem
1033 551 1097 587 ba-

87 608 173 642 bere
200 607 470 642 Germanicum.
525 607 690 641 Possidet
715 606 810 640 enim
836 606 873 639 in
898 606 1095 639 Germania

87 660 244 694 ditiones
272 659 465 705 plurimas,
501 672 592 705 quae
620 665 749 704 parent
776 665 901 693 nostro
929 658 1096 703 imperio,

88 718 124 746 et
143 724 297 758 quarum
316 712 458 758 aliquae
479 718 582 744 antea
604 717 823 756 pepererunt
843 709 1096 755 Imperatores.

87 764 163 800 Nec
189 764 359 798 credibile
385 770 456 803 est,
492 761 560 796 hoc
586 763 709 796 animo
731 775 804 797 esse
823 762 994 796 Carolum
1015 774 1096 807 erga

87 815 267 862 patriam,
302 822 343 850 ut
367 815 453 849 velit
468 814 674 856 Austriam,
705 822 767 849 aut
783 814 912 859 Belgas
939 814 1097 860 opprimi

86 868 258 902 servitute
277 868 322 902 ab
338 867 410 901 ulla
430 873 548 901 extera
568 868 728 901 natione.
779 867 874 912 Ergo
895 868 938 899 de
957 867 1097 911 origine

87 919 210 954 Caroli
238 920 338 954 nulla
375 919 619 964 disputatione
649 932 739 965 opus
769 926 831 954 est.
885 918 932 952 Et
960 919 989 952 si
1018 919 1097 964 quis

86 972 276 1017 scrupulus
299 979 368 1013 est,
397 984 441 1005 ne
468 973 709 1006 transferatur
726 971 919 1016 imperium
938 972 982 1004 ad
1002 978 1097 1004 exte-

85 1036 167 1065 ros,
209 1022 386 1058 babemus
410 1024 595 1057 solennem
625 1024 821 1057 formulam
850 1023 1097 1064 iurisiurandi,

85 1076 185 1110 iuxta
212 1089 321 1122 quam
350 1076 456 1109 fidem
480 1076 579 1110 dabit
598 1075 771 1116 Carolus,
808 1088 843 1109 se
867 1087 942 1108 non
963 1076 1097 1109 labefa-

87 1135 229 1162 ctutum
255 1135 317 1162 aut
340 1134 565 1163 mutaturum
592 1128 670 1162 iura
698 1127 882 1161 electionis
902 1134 1046 1162 nostrae
1064 1134 1098 1161 et

86 1179 235 1226 Imperii
257 1187 404 1215 statum.
468 1180 558 1214 Cum
583 1181 693 1224 igitur
718 1187 752 1213 et
781 1180 920 1224 origine
946 1193 1028 1213 vere
1052 1180 1098 1215 sit

87 1232 313 1273 Germanus,
344 1239 379 1266 et
402 1239 566 1277 tempora
593 1233 756 1277 flagitent
775 1239 960 1276 potentem
981 1231 1098 1277 Impe-

87 1290 267 1318 ratorem:
314 1296 440 1318 censeo
475 1284 646 1318 Carolum
680 1284 910 1318 Austriacum
944 1283 1097 1318 evehen-

88 1338 174 1370 dum
202 1348 276 1370 esse
303 1337 348 1369 ad
364 1336 508 1381 imperii
528 1337 723 1381 fastigium.
778 1336 887 1381 Quod
910 1336 1026 1381 ipsum
1045 1343 1097 1370 ta-

87 1400 172 1422 men
198 1400 273 1421 non
293 1389 449 1421 facerem
461 1415 472 1429 ,
500 1389 569 1422 nisi
586 1388 727 1422 indoles
744 1388 819 1422 eius
835 1389 940 1423 nobis
956 1396 1043 1422 nota
1063 1395 1098 1422 et

86 1440 241 1486 probata
275 1446 377 1474 esset.
438 1439 615 1474 Omnium
641 1441 883 1473 maximarum
907 1441 1097 1481 virtutum,

86 1491 301 1538 praesertim
319 1492 357 1525 in
375 1491 560 1538 principe,
587 1493 668 1527 fons
689 1499 761 1533 est,
788 1504 893 1525 amor
911 1493 1097 1538 religionis

88 1543 327 1579 Christianae.
399 1544 496 1578 Haec
529 1545 643 1579 virtus
678 1544 857 1589 imprimis
889 1545 1024 1579 eminet
1059 1545 1097 1578 in

89 1596 234 1631 Carolo.
301 1596 422 1642 Quare
449 1603 638 1641 pactorum
665 1603 699 1630 et
724 1597 958 1630 iurisiurandi
985 1598 1097 1631 viola-

88 1649 225 1682 tionem
250 1654 425 1694 tanquam
452 1661 634 1682 summum
662 1649 775 1693 scelus
803 1650 1012 1684 detestatur.
1065 1651 1098 1683 A

88 1701 301 1735 crudelitate
325 1713 407 1734 eum
433 1698 630 1734 abhorrere
655 1707 806 1740 natura,
834 1701 956 1735 multis
976 1701 1097 1735 certis-

88 1753 188 1788 simis
213 1752 356 1787 indiciis
381 1753 554 1798 comperi.
616 1752 655 1785 In
683 1753 939 1786 controversiis
966 1753 1097 1786 diiudi-

89 1806 232 1845 candis,
260 1804 297 1838 in
324 1805 531 1840 coercendis
556 1805 756 1850 improbis,
784 1804 897 1839 iustus
923 1812 986 1839 est.
1040 1803 1097 1838 In-

89 1857 185 1902 genii
212 1857 285 1898 vis,
312 1857 529 1902 prudentia,
560 1869 601 1890 ac
626 1857 809 1901 diligentia
836 1857 907 1889 iam
936 1857 1096 1902 conspici

88 1916 299 1955 potuerunt.
340 1908 380 1942 In
403 1909 584 1956 tyrocinio
602 1909 717 1953 Regni
735 1909 921 1954 Hispanici
944 1922 1096 1954 magnos

88 1968 209 1996 motus
235 1962 466 2006 compescuit.
520 1961 566 1995 Et
591 1968 731 1996 constat
757 1974 838 1995 eum
864 1974 928 1996 suo
949 1962 1094 2006 ingenio

88 2014 202 2048 multa
230 2014 388 2060 graviter
421 2020 456 2048 et
486 2015 610 2048 dextre
644 2014 865 2059 respondere
900 2020 935 2047 et
965 2015 1095 2049 consti-

89 2073 202 2101 tuere.
256 2066 391 2111 Magna
418 2067 496 2101 laus
519 2067 557 2100 iu
582 2067 712 2100 iuvene
737 2073 771 2100 et
794 2064 881 2099 baec
900 2073 971 2107 est,
999 2073 1034 2100 et
1050 2067 1096 2101 si-

89 2131 201 2163 gnum
220 2119 418 2152 multarum
438 2119 591 2152 aliarum
609 2119 782 2152 virtutum
796 2145 805 2160 ,
835 2119 932 2165 quod
958 2119 1095 2164 pudici-

89 2171 178 2203 tiam
205 2177 322 2211 amat,
351 2171 449 2216 quod
475 2170 583 2205 nullis
608 2171 818 2205 libidinibus
836 2172 1014 2206 obnoxius
1032 2178 1094 2207 est.

89 2221 212 2268 Quare
242 2222 448 2266 religionis,
482 2223 659 2264 iustitiae,
695 2230 729 2257 et
757 2223 952 2268 pudicitiae
979 2231 1094 2258 custo-

89 2276 170 2308 dem
188 2275 266 2308 fore
285 2274 455 2308 credibile
472 2281 535 2309 est.
574 2274 614 2308 In
631 2275 694 2308 tali
712 2282 841 2309 natura
862 2273 953 2309 nihil
971 2283 1094 2322 tyran-

88 2327 211 2361 nicum
248 2327 381 2360 exoriri
409 2333 539 2371 potest.
604 2327 744 2371 Regent
775 2328 870 2361 enim
901 2341 981 2362 eum
1012 2329 1093 2362 illae

89 2379 260 2421 virtutes,
286 2385 326 2413 ut
347 2385 465 2413 servet
487 2386 612 2423 pacta,
645 2386 684 2412 ut
707 2380 804 2413 nulla
831 2387 977 2414 moveat
999 2381 1091 2414 bella

89 2431 242 2473 iniusta,
284 2438 324 2465 ut
352 2444 427 2464 non
457 2438 573 2464 mutet
604 2438 759 2465 veterem
794 2439 828 2465 et
861 2433 1091 2467 constitutam

89 2482 233 2527 imperii
250 2484 418 2518 formam.
473 2483 693 2517 Excitabunt
713 2496 792 2517 eum
815 2485 921 2518 etiam
943 2486 988 2518 ad
1007 2486 1094 2519 libe-

90 2536 246 2568 randum
271 2536 395 2569 orbem
424 2542 605 2569 terrarum
634 2536 818 2579 impietate
837 2536 1012 2579 Turcica,
1048 2539 1091 2571 ad

90 2587 390 2631 propagationem
410 2587 588 2622 Ecclesiae
608 2586 762 2629 Christi,
791 2590 834 2621 ad
861 2591 1032 2623 tuendam
1060 2597 1093 2623 et

91 2638 324 2672 muniendam
344 2641 568 2685 disciplinam
582 2667 590 2679 ,
618 2647 657 2673 ut
676 2638 840 2675 bomines
857 2643 900 2674 ad
920 2642 1091 2686 pietatem

90 2697 124 2724 et
150 2697 308 2725 caeteras
337 2692 486 2727 virtutes
509 2693 711 2727 assuefiant.
765 2694 817 2727 Ac
841 2705 886 2726 ne
906 2693 1090 2739 ingenium

91 2742 165 2778 eius
191 2741 280 2777 mibi
299 2743 562 2789 inexploratum
584 2758 657 2779 esse
676 2744 823 2790 putetis:
859 2747 1092 2790 prudentissi-

482 100 548 136 DE
574 99 852 137 ELECTIONE
878 101 943 136 ET
973 101 1329 139 CORONATIONE
1360 101 1540 138 CAROLI
1566 102 1610 139 V.
1637 103 1878 140 CAESARIS.

1122 221 1126 356 ἱ

2080 104 2157 143 494

1152 203 1298 225 morum
1334 188 1546 232 hominum,
1583 191 1646 238 qui
1679 204 1760 226 eum
1785 191 2064 226 familiarissime
2093 206 2158 227 no-

1152 249 1258 282 runt,
1287 249 1321 276 et
1343 243 1546 276 acutissime
1575 245 1617 277 de
1642 244 1795 288 ingeniis
1818 244 1978 278 iudicare
1995 252 2158 289 possunt,

1151 294 1335 338 exploravi
1363 295 1570 328 sententias.
1626 296 1671 328 Hi
1695 297 1853 341 probant
1877 297 2082 341 ingenium,
2117 309 2157 330 ac

1151 347 1300 388 mirifice
1318 346 1393 380 eius
1410 347 1610 380 bonitatem
1629 348 1789 382 laudant.

1255 398 1446 432 Postremo
1469 399 1496 432 si
1525 400 1568 431 de
1592 399 1735 443 ingenio
1761 400 1966 434 coniectura
1993 401 2156 435 facienda

1151 456 1203 483 est
1222 462 1262 482 ex
1281 456 1410 483 natura
1430 451 1609 484 maiorum
1635 451 1737 498 (quia
1758 453 1934 499 quaedam
1958 453 2157 487 similitudo

1152 502 1347 546 propagari
1368 503 1497 549 solet),
1521 503 1772 545 meminimus,
1808 511 1942 551 quanta
1962 505 2014 539 vis
2033 506 2159 547 animi,

1150 554 1364 598 prudentia,
1391 554 1541 595 iustitia,
1569 556 1757 596 fortitudo,
1783 557 2004 590 continentia
2026 558 2062 590 in
2082 558 2159 591 Ma-

1150 606 1339 640 ximiliano
1356 607 1475 641 fuerit.
1523 606 1562 640 ln
1587 614 1688 652 patre
1707 607 1877 654 Philippo
1903 610 2095 644 dexteritas
2125 617 2159 644 et

1151 658 1326 692 industria
1344 657 1535 703 singularis
1553 666 1640 694 erat.
1668 660 1749 695 Non
1769 661 1894 695 dubito
1914 669 2047 703 autem,
2069 662 2157 708 quin

1151 711 1331 744 maiorum
1350 718 1518 744 naturam
1539 711 1690 746 Carolus
1709 714 1852 748 referat.
1897 714 1970 748 Nec
1990 722 2088 748 aetas
2107 721 2159 749 est

1151 764 1400 807 aspernanda,
1436 776 1528 809 quae
1562 763 1632 796 iam
1658 771 1799 798 matura
1827 772 1878 799 est
1901 767 2007 801 rebus
2033 779 2159 811 geren-

1152 815 1217 849 dis.
1271 815 1345 850 Nee
1371 815 1465 849 enim
1491 818 1719 861 quaerendus
1744 824 1795 851 est
1820 830 1927 851 senex
1944 817 2159 864 Imperator,

1152 873 1203 907 ut,
1227 879 1306 900 cum
1325 868 1474 901 biduum
1496 874 1558 901 aut
1575 868 1734 902 triduum
1752 869 1953 914 imperarit,
1971 877 2093 915 postea
2116 872 2159 904 ‹le

1152 919 1326 952 electione
1344 920 1430 953 novi
1450 921 1625 955 tumultus
1646 922 1824 956 oriantur.

1256 971 1394 1006 Videtis
1420 972 1455 1005 in
1472 970 1540 1006 boc
1560 979 1684 1007 nostro
1704 986 1900 1013 consensu,
1927 986 2034 1020 quam
2059 975 2157 1007 varia

1151 1023 1223 1057 sint
1258 1025 1455 1058 inultorum
1486 1024 1626 1069 Regum
1665 1026 1862 1059 certamina
1897 1027 1940 1059 de
1968 1026 2158 1071 electione:

1153 1075 1238 1121 quid
1255 1077 1285 1120 ¹²)
1322 1077 1483 1110 futurum
1522 1084 1571 1110 est
1598 1077 1816 1123 aliquando,
1857 1078 1918 1111 ubi
1948 1078 2160 1113 dissentient

1151 1128 1358 1163 Electores'?
1408 1128 1556 1162 Utinam
1575 1130 1720 1175 quidem
1738 1130 1944 1164 Electorum
1965 1130 2158 1164 concordia

1152 1186 1324 1224 perpetua
1352 1180 1414 1219 sit;
1450 1182 1509 1215 sed
1537 1183 1648 1215 multa
1675 1182 1833 1216 incidere
1858 1189 2028 1228 possunt,
2058 1195 2160 1227 prae-

1151 1233 1273 1266 sertim
1303 1232 1339 1265 in
1365 1230 1432 1266 bac
1453 1233 1662 1278 disciplina,
1691 1247 1731 1268 ac
1750 1247 1893 1268 morum
1914 1236 2161 1280 corruptione,

1123 1310 1125 1319 >
1152 1290 1184 1317 et
1203 1284 1432 1328 gliscentibus
1450 1285 1708 1321 Ecclesiasticis
1728 1287 1938 1328 discordiis,
1966 1300 2058 1333 quae
2084 1287 2160 1320 ani-

1151 1349 1230 1370 mos
1257 1349 1381 1370 eorum
1409 1337 1628 1383 disiungant.
1684 1338 1807 1384 Quare
1826 1339 2031 1383 interregna
2052 1339 2157 1384 plena

1151 1388 1396 1433 periculorum
1422 1390 1541 1424 sutura
1561 1397 1655 1424 sunt.
1709 1391 1856 1426 Accedit
1873 1398 1906 1424 et
1922 1391 2032 1432 illud,
2061 1392 2159 1437 quod

1152 1440 1304 1474 Carolus
1330 1448 1452 1475 utetur
1477 1443 1692 1476 consiliariis
1717 1443 1796 1483 avi,
1833 1450 1867 1476 et
1886 1444 1979 1488 leget
2002 1443 2038 1476 in
2057 1456 2159 1477 sena-

1151 1499 1227 1526 tum
1247 1493 1429 1538 principes
1446 1494 1702 1535 Germanicos,
1733 1495 1809 1529 sine
1827 1508 1982 1542 quorum
2008 1495 2159 1530 consilio

1151 1543 1240 1577 nibil
1258 1546 1301 1578 de
1320 1546 1485 1580 maximis
1502 1547 1608 1580 rebus
1627 1547 1806 1582 decernet.

1256 1596 1415 1642 Exposui
1443 1611 1586 1639 causas,
1616 1611 1727 1645 quare
1752 1599 1922 1633 Carolum
1952 1600 2156 1644 eligendum

1151 1661 1225 1682 esse
1249 1655 1425 1683 statuam:
1463 1663 1503 1683 ac
1530 1663 1612 1684 meo
1638 1651 1770 1685 iudicio
1796 1652 1844 1685 ita
1874 1652 2008 1686 multae
2033 1665 2159 1696 graves

1151 1713 1278 1734 causae
1308 1710 1547 1743 concurrunt,
1587 1710 1627 1736 ut
1654 1701 1746 1736 hanc
1775 1704 1986 1737 electionem
2017 1717 2157 1749 sperem

1151 1752 1371 1787 Germaniae
1389 1766 1429 1787 ac
1447 1755 1513 1787 toti
1532 1754 1700 1800 Europae
1717 1756 1910 1790 salutarem
1929 1757 2017 1790 sore.
2049 1756 2156 1802 Quod

1151 1811 1270 1837 autem
1299 1805 1404 1838 initio
1430 1806 1678 1851 disputabam,
1709 1815 1885 1853 quantum
1910 1809 2003 1842 soret
2021 1808 2158 1841 incom-

1150 1857 1270 1897 modi,
1305 1857 1333 1892 si
1358 1856 1561 1903 Imperator
1585 1866 1760 1904 perpetuo
1786 1861 1924 1894 abesset
1945 1867 2042 1894 extra
2069 1861 2158 1894 Ger-

1150 1909 1330 1950 maniam,
1368 1923 1519 1944 moveor
1547 1912 1714 1957 equidem
1739 1910 1806 1946 hac
1835 1913 2062 1951 difficultate;
2097 1914 2157 1947 sed

1150 1962 1193 1994 de
1220 1974 1259 1994 ea
1289 1975 1325 1995 re
1352 1962 1388 1994 in
1414 1964 1569 1997 formula
1598 1965 1840 1998 constituendi
1868 1972 1901 1998 et
1924 1966 2073 2009 regendi
2090 1964 2158 1998 Im-

1150 2013 1240 2058 perii
1261 2026 1340 2047 cum
1362 2014 1492 2049 Carolo
1512 2017 1691 2060 agendum
1709 2017 1787 2051 erit.
1842 2016 2004 2063 Cumque
2026 2015 2157 2050 babeat

1151 2066 1392 2110 amplissimos
1418 2067 1454 2100 in
1475 2068 1671 2102 Germania
1698 2076 1732 2102 et
1758 2069 1795 2102 in
1813 2068 1958 2113 Belgieo
1976 2069 2158 2114 principa-

1150 2124 1224 2158 tus,
1254 2119 1387 2152 tribuet
1411 2118 1479 2153 boc
1506 2121 1708 2155 necessitati
1735 2133 1858 2155 earum
1883 2122 2066 2165 gentium,
2095 2123 2157 2154 tri-

1149 2170 1233 2204 buet
1269 2172 1427 2216 patriae,
1468 2179 1505 2206 ut
1542 2186 1647 2218 saepe
1684 2173 1719 2206 in
1750 2174 1984 2207 Germaniam
2023 2173 2156 2208 veniat.

1148 2222 1232 2257 Non
1251 2224 1296 2256 ad
1314 2224 1428 2258 otiosa
1446 2226 1645 2269 spectacula
1665 2238 1700 2259 se
1719 2226 1850 2260 accersi
1869 2226 2048 2269 intelligit,
2074 2238 2154 2259 cum

1149 2276 1192 2308 ad
1222 2274 1418 2321 Imperium
1448 2283 1618 2317 vocatur,
1655 2290 1710 2312 res
1736 2290 1889 2322 magnae
1917 2279 1946 2311 ei
1976 2279 2154 2322 gerendae

1149 2334 1271 2361 erunt:
1307 2328 1403 2361 Galli
1421 2329 1622 2374 depellendi
1641 2342 1682 2363 ex
1700 2328 1799 2363 Italia
1813 2358 1822 2371 ,
1850 2330 1991 2363 Turcae
2009 2330 2154 2363 arcendi

1149 2380 1193 2411 ab
1218 2380 1384 2420 Austria,
1420 2381 1627 2415 liberandae
1653 2389 1685 2415 et
1711 2383 1850 2415 vicinae
1876 2383 2060 2426 regiones,
2089 2382 2154 2415 Ec-

1149 2431 1252 2465 clesia
1283 2433 1506 2466 emendanda
1536 2441 1567 2467 et
1599 2434 1861 2468 constituenda.
1915 2435 2052 2468 Harum
2080 2447 2153 2467 ma-

1148 2484 1326 2517 ximarum
1353 2497 1473 2518 rerum
1505 2498 1626 2519 curam
1663 2493 1700 2519 ut
1730 2487 1917 2531 suscipiat,
1962 2487 2035 2530 ipsa
2071 2498 2150 2518 euin

1148 2533 1291 2569 heroica
1320 2543 1448 2570 natura
1477 2544 1509 2570 et
1533 2539 1646 2572 virtus
1674 2539 1894 2572 exuscitabit.
1955 2539 2050 2570 Hw—
2078 2550 2150 2570 nun

1147 2588 1238 2621 sinet
1264 2601 1344 2621 eum
1369 2589 1466 2622 donni
1491 2590 1720 2633 languescere
1745 2591 1819 2624 otio
1844 2598 1877 2624 et
1895 2589 2151 2634 voluptatibus.

1180 2725 1306 2786 alqff]
1328 2726 1473 2785 sichditt.
1494 2728 1589 2760 1550.⁷
1616 2727 1710 2759 1572,
1737 2727 1829 2756 1580„
1857 2726 1949 2757 1581„
1971 2725 2066 2751 1621.:
2099 2726 2146 2749 aa.

1233 2769 1249 2785 ο
1289 2768 1365 2792 .quo
