2389 3037
51 114 125 151 273
708 109 802 144 XCV
803 109 828 145 1.

447 198 652 232 Pluraliter.

257 257 346 292 haec
369 259 487 292 mella.

152 311 354 350 Genitivus,
383 311 524 344 dativus
543 317 576 343 et
595 310 771 344 ablativus
789 309 1050 342 desiderantur.
1075 309 1079 345 ἱ
1104 312 1138 338 et
1158 318 1178 338 o
1200 307 1346 349 longum
1365 312 1417 339 est
1436 318 1442 337 ι

889 107 1220 144 GRAMMATICA
1255 107 1401 143 LATIN
1405 106 1446 143 A.

1075 220 1080 285 l

1075 291 1078 306 Ι

2034 109 2111 144 274

1565 193 1644 228 ΟΝ.

1208 256 1297 288 Sunt
1315 261 1347 287 et
1364 252 1452 286 haec
1472 254 1659 298 peregrina
1675 282 1683 294 ,
1713 255 1740 288 is
1758 254 1934 288 adiiciunt
1947 255 2107 299 genitivi,

1436 305 1471 337 'n
1497 306 1708 349 primitivis,
1737 313 1775 339 ut
1793 306 1971 347 Simonis,
2000 308 2107 341 breve

152 362 215 396 Fet
248 375 394 407 prorsus
431 369 527 395 caret
561 362 760 406 pluralibus
792 361 959 394 omnibus
994 371 1050 392 ca-
1075 352 1078 363 ¹
1102 358 1177 390 fere
1204 358 1241 390 in
1265 357 1494 396 derivativis,
1537 363 1576 389 nt
1602 370 1717 390 canon
1742 358 1910 399 canonis,
1953 360 2109 392 daemon

50 414 158 448 sibus.

152 465 205 499 De
230 465 428 510 peregrinis
447 463 538 498 nihil
565 465 693 498 attinet
710 464 936 510 praecipere,
966 475 1050 496 usus

48 516 130 550 fecit
142 544 151 557 ‚
256 516 387 551 Daniel
544 517 717 550 Danielis.

513 584 588 618 OL.

258 643 315 677 hic
339 644 400 678 Sol
556 642 661 678 huius
684 643 788 677 Solis.

512 712 588 745 UL.

257 771 314 806 hic
341 773 475 806 Consul
556 770 662 805 huius
689 771 868 805 Consulis.

497 840 582 875 AM.

152 902 338 948 Nequam,
366 901 518 937 ἄκλιτον
543 909 604 935 est.

508 970 590 1003 EM.

152 1030 402 1071 Tantundem,
439 1031 522 1064 inde
549 1030 726 1074 genitivus
753 1037 804 1063 est
825 1031 941 1069 solus,
970 1036 1049 1063 tan-

48 1083 171 1116 tidem.

153 1133 344 1173 Totidem,
374 1133 512 1178 plurale
537 1132 688 1169 ἄκλιτον
712 1140 774 1167 est.

506 1211 584 1245 AN.

152 1272 288 1306 Graeca
307 1277 390 1305 sunt
408 1271 526 1303 onmia
540 1298 548 1310 ,
575 1271 602 1304 is
619 1270 845 1303 nominativo
862 1270 1048 1304 adiiciunt.

257 1322 314 1356 hic
338 1323 459 1356 Paean

257 1373 362 1408 huius
384 1374 536 1407 Paeanis

257 1424 339 1459 huic
362 1425 556 1471 Paeani⁹⁶)
583 1432 648 1459 etc.

507 1503 585 1538 EN.

152 1561 184 1597 Is
201 1563 393 1603 adiiciunt,
422 1568 457 1595 et
473 1563 634 1595 vocalem
655 1575 673 1595 e
695 1562 731 1595 in
749 1562 758 1593 i
776 1568 929 1597 mutant.

423 1622 674 1667 singulariter.

257 1683 297 1709 ut
361 1674 430 1709 hoc
452 1687 588 1708 numen

361 1725 470 1756 huius
492 1725 651 1756 numinis

362 1773 445 1808 huic
468 1774 608 1807 numini

362 1824 431 1859 boc
458 1839 593 1859 numen

363 1890 384 1911 0
409 1877 602 1924 nnmenm)

363 1930 406 1963 ab
429 1927 499 1962 hoc
523 1930 684 1963 numine.

443 1990 650 2024 Pluraliter.

360 2039 449 2074 haec
473 2040 623 2074 numina
649 2048 715 2074 etc.

446 2099 476 2133 E
500 2100 658 2133 retinent

258 2153 336 2186 Ren
498 2153 591 2186 renis
699 2165 717 2185 e
742 2153 889 2199 longum
916 2161 978 2189 est.

257 2205 366 2249 Splen
498 2204 629 2248 splenis

258 2255 348 2289 Lien
494 2255 597 2290 lienis

152 2308 197 2342 Et
214 2309 350 2343 Graeca
370 2307 482 2352 Syren
502 2307 639 2352 syrenis

258 2360 399 2406 Hymen
506 2357 683 2404 bymenis.

153 2497 184 2532 Is
201 2498 418 2542 adponitur,
447 2503 601 2542 suntque
620 2497 806 2541 peregrina
827 2499 961 2533 omnia.

257 2547 414 2594 Delphin
627 2546 817 2593 delphinis.

84 2676 133 2707 96)
153 2677 202 2700 Ed.
221 2683 243 2702 s.
261 2682 286 2700 a.
305 2677 382 2700 addit
400 2677 584 2702 etiam'Aoea
610 2679 680 2701 hunc
699 2677 809 2701 Paeana

85 2729 134 2761 97)
154 2730 202 2754 uic
222 2730 290 2754 voc.
308 2731 342 2754 ai»
361 2730 443 2754 Editt.
465 2730 555 2761 1526„
577 2730 652 2754 ¹529.
670 2730 760 2753 abest.

52 2769 234 2803 Unam-u.
256 2772 362 2802 Orza.
388 2772 471 2802 Vm..
497 2772 567 2802 XX.

1103 409 1302 442 daemonis.
1384 408 1534 442 Orionis
1552 407 1599 454 ⁹⁸)
1633 409 1721 443 alias
1749 411 1972 454 corripiunt,
2020 411 2109 445 alias

1103 462 1321 505 producunt.
1376 460 1468 494 Sunt
1493 472 1585 505 quae
1612 460 1655 494 tis
1681 461 1717 494 in
1737 461 1903 505 genitivis
1923 462 2109 503 adiiciunt,

1104 519 1143 546 ut
1169 510 1373 557 Xenophon
1402 509 1664 556 Xenophontis.
1719 513 1786 546 Sed
1814 514 1856 546 de
1878 511 1933 547 his
1958 515 2108 559 diligen-

1105 565 1176 598 tius
1195 564 1423 609 praecipiunt
1442 563 1584 597 Graeci.

1565 631 1643 664 AR.

1208 691 1238 726 Is
1256 693 1431 726 adiiciunt
1453 692 1622 736 genitivi,
1653 699 1690 726 ut
1717 694 1875 726 torcular
1904 695 2107 729 torcularis.

1103 743 1250 788 Longae
1277 752 1361 778 sunt
1387 744 1608 790 penultimae
1633 744 1669 777 in
1696 746 1832 779 neutris
1863 746 2106 781 substantivis.

1103 794 1256 841 Reliqua
1274 797 1395 829 brevia
1415 804 1518 835 sunt,
1552 804 1591 829 ut
1610 797 1664 829 lar
1683 796 1779 830 laris.
1841 796 1903 830 Est
1926 804 1961 830 et
1985 806 2107 832 nectar

1102 847 1222 881 breve.
1278 848 1349 880 Far
1366 848 1470 882 farris
1488 849 1640 887 format,
1670 847 1768 892 Epar
1786 849 1899 893 epatis
1910 848 1969 896 9⁹).

1208 975 1240 1010 ls
1258 976 1432 1009 adiiciunt
1450 976 1485 1008 in
1504 976 1690 1020 genitivis,
1719 984 1757 1010 ut

1259 1029 1376 1072 Agger
1404 1029 1562 1071 aggeris,
1658 1028 1789 1062 Carcer
1817 1029 1981 1063 carceris.

1524 1088 1674 1132 Excipe:

1208 1147 1393 1180 Adiectiva
1412 1148 1448 1180 in
1467 1161 1544 1188 cer,
1574 1148 1642 1182 cris
1659 1148 1813 1182 faciunt:

1259 1199 1388 1232 Alacer
1608 1200 1736 1233 alacris

1260 1264 1342 1284 acer
1607 1251 1698 1285 acris

1261 1303 1407 1336 volucer
1606 1302 1773 1336 volucris.

1206 1362 1391 1395 Adiectiva
1413 1363 1449 1394 in
1469 1363 1549 1402 ber,
1579 1363 1652 1396 bris
1671 1363 1821 1396 faciunt:

1260 1414 1408 1448 Celeber
1606 1414 1755 1447 celebris

1262 1466 1404 1499 saluber
1606 1466 1760 1499 salubris

1261 1517 1351 1550 uber
1608 1518 1740 1551 uberis.

1208 1569 1425 1613 Analogiam
1445 1569 1609 1615 sequitur
1627 1576 1661 1602 et
1679 1569 1792 1614 puber
1814 1570 1970 1614 puberis.

1206 1637 1390 1670 Adiectiva
1413 1638 1448 1670 in
1465 1644 1556 1679 ster,
1580 1638 1662 1672 stris
1681 1638 1833 1671 faciunt:

1258 1689 1424 1724 Paluster
1607 1689 1787 1735 palustris.

1208 1749 1327 1783 Imber
1355 1763 1434 1783 cnm
1466 1750 1529 1790 iis,
1557 1764 1650 1796 quae
1674 1752 1717 1784 ab
1747 1765 1788 1785 eo
1815 1753 1924 1793 fiunt,
1954 1753 2027 1787 bris
2054 1753 2104 1786 fa-

1105 1808 1222 1841 ciunt,
1251 1808 1291 1835 ut

1260 1852 1379 1886 Imber
1606 1854 1733 1888 imbris

1258 1905 1469 1950 September
1607 1907 1832 1951 septembris.

1207 1965 1246 1999 In
1263 1972 1337 2006 ter,
1366 1966 1428 2000 tris
1446 1967 1600 2007 faciunt,
1625 1973 1666 2000 ut

1260 2017 1370 2051 Pater
1607 2018 1718 2062 patris

1262 2069 1380 2099 Mater
1608 2069 1732 2103 matris

1261 2118 1397 2163 Lynter
1608 2120 1747 2164 lyntris.

1207 2168 1300 2210 Iter,
1327 2172 1371 2203 ab
1389 2170 1540 2216 antiquo
1559 2170 1685 2212 itiner,
1713 2172 1851 2207 itineris
1867 2173 1962 2207 facit.

1207 2230 1339 2264 Mulier
1372 2231 1550 2271 mulieris,
1600 2233 1798 2276 penultima
1837 2233 1937 2267 brevi
1969 2240 2104 2268 veteres

1102 2282 1388 2326 pronuntiarunt
1403 2282 1476 2328 ¹⁰⁰).

1206 2343 1399 2388 Sequester
1416 2344 1628 2388 sequestris,
1656 2345 1760 2377 tertia
1788 2345 2029 2378 declinatione
2047 2345 2103 2379 Ci-

1103 2406 1185 2427 cero
1203 2395 1304 2434 fecit,
1333 2396 1486 2428 secunda
1507 2395 1675 2435 Plautus,
1702 2403 1938 2442 sequestrum.

1138 2523 1186 2552 98)
1208 2521 1337 2550 Orionis]
1358 2521 1405 2544 Ed.
1426 2528 1449 2544 s.
1469 2527 1511 2545 a.z
1539 2521 1625 2546 Orion

1136 2574 1184 2604 99)
1205 2575 1279 2603 Epar
1294 2573 1408 2602 epatis.)
1430 2573 1512 2597 Editt.
1531 2573 1622 2601 1546.,
1642 2580 1664 2595 s,
1682 2578 1704 2596 a.¹
1721 2573 1841 2596 addunt:
1867 2576 1911 2597 est
1926 2573 1997 2597 euim
2012 2574 2102 2598 Grae-

1173 2615 1233 2632 cum
1254 2603 1329 2638 ἦπαρ
1350 2604 1470 2637 ἥπατος,
1496 2608 1587 2631 batim
1606 2608 1682 2631 ieeur
1703 2608 1803 2632 dicunt.

1139 2661 1202 2687 100)
1223 2659 1464 2689 pronuntiarunt]
1479 2660 1560 2682 Editt.
1576 2660 1666 2688 1546.,
1687 2665 1710 2682 s,
1726 2665 1750 2682 a.
1769 2659 1886 2682 addunt:
1913 2659 1961 2681 scd
1977 2658 2003 2681 in
2017 2664 2101 2682 versu

1171 2701 1230 2718 cum
1250 2694 1331 2717 nimis
1351 2695 1454 2718 multae
1473 2696 1572 2718 breves
1597 2694 1699 2724 alioqui
1725 2694 1913 2722 concurrant,
1947 2694 1968 2716 Ε
1988 2693 2100 2725 longum

1171 2730 1306 2754 fecerunt,

1486 2764 1530 2797 18
