2421 3037
297 130 372 165 387

541 217 739 260 Figurae
768 217 885 250 Hexa
900 231 934 250 m
949 219 1049 252 etri.

398 285 568 329 Virgilius
585 285 622 318 in
640 286 755 329 prima
767 285 814 333 ⁵⁷)
837 287 983 331 regione
1002 287 1193 332 peregrino
1211 287 1300 331 pede

295 359 376 379 usus
396 352 459 385 est,
473 347 681 390 Anapaesto
697 346 842 381 scilicet.
871 346 994 383 Flavio
1006 352 1084 382 riim
1103 357 1164 381 rex
1181 346 1300 381 Erida-
1325 341 1328 398 ξ

293 401 358 431 ηῦε
385 401 458 430 cam
475 401 612 444 posque
640 401 703 443 per
731 405 867 434 omnes.

399 457 477 492 Usi·
495 466 579 492 sunt
609 466 643 493 et
669 459 705 493 in
732 460 849 505 prima
877 460 1023 505 regione
1051 471 1183 486 υυυν
1211 461 1298 504 pede

289 509 630 552 proceleusmatico,
652 518 708 545 ut:
738 514 854 546 arietat
872 513 908 545 in
927 511 1121 546 Canthum.
1159 511 1296 544 Eodem

289 565 641 611 προκελευσματικῷ
666 571 700 598 et
724 564 792 598 alia
821 565 858 598 in
885 565 1032 609 regione
1048 577 1131 598 usus
1150 571 1201 597 est
1217 563 1298 595 Vir-
1324 573 1325 576 ¹

290 614 394 658 gilius
418 613 513 663 [Ecl.
533 615 568 657 3,
583 614 685 664 96.];
715 616 747 650 Α
766 617 914 651 flumine
937 617 1039 650 reiice
1060 614 1297 661 capellas⁵⁷⁸).
1324 649 1325 661 χ

395 675 433 709 ln
450 676 575 722 quinta
593 677 740 721 regione
762 677 926 711 invenias
952 684 986 710 et
1008 674 1210 712 σπονδεῖον
1231 684 1256 688 “
1273 684 1297 688 “

289 728 346 761 Sic
364 734 499 762 costam
517 729 626 774 longo
644 729 879 764 subduximus
898 727 1113 774 appennino.
1162 728 1230 762 Sed
1248 728 1296 761 ita

290 781 394 813 velim
415 780 450 813 in
467 787 596 827 quarta
615 781 762 826 regione
782 783 963 827 dactylum
982 794 1068 816 esse.

394 840 434 875 ln
465 841 645 887 principio
675 842 801 876 tertiae
825 842 982 886 regionis
1007 842 1122 887 prima
1149 841 1297 885 syllaba,

290 900 363 927 tum
382 894 419 927 in
438 893 670 935 Hexametro,
697 900 772 928 tum
793 894 829 927 in
847 894 1080 927 pentametro
1099 893 1188 928 solet
1206 905 1297 926 non-

909 130 1032 166 pun..
1070 132 1183 167 MEL.
1221 130 1425 166 SCRIPTA
1459 129 1799 166 PHILOLOGICA.

288 958 476 993 nunquam
500 947 619 980 brevis
635 959 708 980 esse
721 973 729 987 ‚
757 947 819 980 sed
836 946 883 979 ita
904 946 932 981 si
952 946 997 980 sit
1018 946 1098 979 finis
1117 945 1298 985 dictionis,

289 1000 388 1044 quod
409 998 648 1033 Grammatici
664 1004 797 1032 vocant
813 1010 996 1032 caesuram
1011 1025 1020 1039 ,
1045 1004 1101 1032 ut:
1131 997 1184 1031 Te
1202 998 1299 1031 canit

288 1051 462 1096 agricola,
496 1063 625 1096 magna
650 1063 731 1085 cum
757 1051 897 1084 venerit
920 1051 1021 1085 urhe.
1075 1049 1174 1083 Idem
1200 1050 1239 1083 fit
1264 1055 1298 1082 et

289 1103 325 1136 in
356 1103 537 1148 principio
570 1104 748 1138 secundae
778 1103 937 1148 regionis
967 1109 1002 1136 et
1032 1108 1203 1148 quartae,
1237 1103 1297 1136 sed

288 1155 406 1190 rarius
428 1155 465 1188 in
492 1168 638 1190 caesura
648 1154 717 1203 ⁶⁸),
749 1162 804 1189 ut:
839 1155 886 1189 Et
903 1155 1006 1189 furiis
1023 1155 1177 1199 agitatus
1196 1161 1299 1187 amor

290 1214 323 1240 et
348 1208 488 1242 conscia
514 1208 640 1242 virtus.
702 1207 747 1241 Et
773 1208 870 1242 canis
896 1210 1019 1241 arente
1044 1213 1182 1240 torreat
1210 1218 1296 1239 arva

287 1259 357 1295 siti.

633 1336 948 1372 Phalaecium.

392 1407 456 1443 Est
471 1414 590 1442 autem
610 1414 879 1453 pentametron.

341 1469 431 1503 Secli
460 1469 514 1502 in-
577 1469 701 1503 Prima
1072 1475 1097 1480 ‘'
1114 1475 1140 1479 “

341 1523 532 1555 commoda
577 1521 743 1555 Secunda
1073 1527 1097 1531 '⁶
1113 1530 1136 1544 *-
1152 1528 1177 1543 Ὀ

342 1574 448 1618 pessi·
579 1573 704 1607 Tertia
786 1572 900 1618 Regio
918 1573 1046 1617 recipit
1072 1579 1097 1583 “
1113 1581 1139 1596 v

342 1626 391 1659 mi
421 1638 484 1672 po·
580 1626 720 1671 Quarta
1074 1631 1098 1636 “
1115 1634 1139 1650 υ

339 1685 418 1714 §tae
580 1677 717 1724 Quinta
1074 1684 1098 1688 “
1114 1688 1138 1702 ὐ
1160 1675 1215 1709 vel
1232 1682 1258 1687 “
1274 1682 1298 1687 “

288 1738 407 1772 Vitam
428 1751 519 1785 quae
536 1740 673 1773 faciunt
688 1739 901 1773 beatiorem.
932 1736 1190 1772 Iucundissime
1202 1737 1298 1769 Mar·
1324 1753 1326 1778 ,¹

289 1791 383 1826 tialis
399 1790 487 1825 haec
506 1798 600 1826 sunt.
1325 1800 1326 1803 ’

689 1879 902 1924 Figurae.

394 1948 434 1983 ln
470 1950 585 1994 prima
623 1949 770 1994 regione
807 1950 1050 1983 admittuntur
1076 1959 1101 1974 υ
1118 1956 1142 1961 ”
1172 1955 1205 1982 et
1233 1957 1297 1974 ὐ

290 2014 356 2046 pro
374 2001 564 2047 Spondeo,
592 2002 629 2035 in
647 2001 752 2035 tertia
772 2008 807 2035 et
831 2011 856 2027 ν
872 2009 897 2013 “
923 2001 1105 2040 invenias,
1134 2003 1195 2035 sed
1213 2013 1298 2035 raro

289 2055 499 2089 admodum.
553 2054 714 2088 Catullus
744 2054 851 2087 etiam
877 2054 915 2086 in
941 2054 1083 2086 tertiam
1112 2054 1296 2098 regionem

288 2105 479 2152 Dactylum
498 2107 661 2147 admisit,
690 2108 787 2152 quod
806 2106 911 2140 nobis
929 2117 1003 2138 non
1023 2106 1104 2139 licet
1115 2105 1175 2151 ⁶⁹).

643 2209 944 2257 Sapphicum.

393 2280 425 2313 A
446 2278 612 2326 Sappho,
641 2280 802 2327 quinque
827 2281 1037 2325 regionibus
1062 2293 1122 2315 seu
1149 2281 1299 2326 pedibus
1326 2300 1327 2336 j

291 2339 442 2367 constat.

327 2478 376 2510 57)
397 2479 422 2502 in
444 2479 546 2508 prima]
568 2479 609 2502 sic
628 2478 678 2504 Ed.
700 2478 792 2506 1546.;
816 2477 898 2502 Editt.
922 2478 1008 2505 1529..
1030 2478 1103 2502 1539.
1128 2479 1215 2509 prima

327 2522 398 2554 57a)
418 2522 502 2547 Editt.
524 2522 616 2549 1539.,
638 2522 713 2547 1546.
733 2522 852 2546 addunt:
889 2522 942 2545 sed
968 2523 1085 2553 uterque
1111 2522 1189 2546 locus
1216 2524 1299 2548 aliter

362 2557 492 2581 excusari
514 2558 616 2587 potest.

327 2602 374 2633 58)
396 2602 422 2624 in
440 2601 572 2629 caesura]
593 2600 619 2624 in
640 2600 724 2624 Editt.
747 2601 832 2630 153⁹„
855 2601 931 2626 1546.
951 2601 1060 2625 desunt.

326 2644 375 2676 59)
395 2646 423 2668 111
444 2644 531 2674 prima
552 2644 666 2675 regione
684 2657 718 2660 —
740 2645 829 2673 licet]
851 2650 900 2673 pro
922 2645 981 2671 his,
1002 2644 1086 2669 Editt.
1112 2645 1198 2672 153⁹.„
1220 2647 1297 2672 15⁴6.

364 2681 478 2703 hahent:
517 2679 608 2703 lambo
639 2682 666 2703 et
691 2680 815 2703 Trocheo
842 2679 969 2703 Catullus
995 2686 1061 2702 usus
1089 2682 1132 2703 est
1158 2680 1184 2703 in
1210 2682 1300 2710 prima

364 2715 494 2745 regione,
516 2717 545 2738 ut
564 2715 605 2743 [1,
620 2716 675 2742 4.];
705 2715 783 2737 Meas
804 2721 869 2737 esse
887 2715 991 2744 aliquid
1011 2716 1109 2744 putare
1128 2721 1227 2745 nugas.
1266 2716 1300 2739 Et

363 2751 403 2779 tl,
420 2749 477 2778 2.]:
509 2751 595 2773 Arida
620 2749 698 2773 modo
719 2749 826 2779 pumice
846 2749 1003 2779 expolitum.
1049 2750 1102 2772 Sed
1122 2750 1188 2773 hanc
1211 2750 1299 2773 licen-
1323 2759 1325 2800 Ι

364 2785 429 2808 tiam
451 2785 553 2808 imitari
572 2791 622 2808 nos
643 2790 695 2808 non
716 2785 801 2809 decet.

432 2432 501 2435 ·
1324 2402 1327 2487 Ι

1510 217 1636 250 Prima
1701 225 1727 230 “
1756 216 1838 264 υω)
2022 216 2109 252 inte-

1511 268 1672 302 Secunda
1701 277 1725 282 “
1754 277 1780 281 “
2026 279 2085 313 ger
2116 269 2164 304 vi-

1511 320 1637 355 Tertia
1702 329 1726 334 ·
1754 331 1778 346 v
1807 332 1831 347 υ
1858 322 1986 366 recipit
2026 327 2080 356 tae
2109 323 2211 358 scele-

1510 373 1648 418 Quarta
1704 381 1727 385 “
1754 384 1778 398 υ
2026 371 2144 419 risque

1510 425 1647 470 Quinta
1703 433 1726 437 “
1754 435 1778 450 υ
1806 426 1863 458 vel
1888 433 1913 437 “”
1940 434 1965 438 “
2026 430 2147 471 ρῦπῠε.

1457 484 1653 530 Quomodo
1671 485 1861 525 scribatur,
1890 487 2019 519 docent
2037 487 2218 532 exempla;
2246 486 2362 520 solent

1352 535 1446 568 enim
1473 543 1545 571 tres
1567 537 1732 572 versiculi
1750 538 1940 582 coniungi,
1969 544 2004 571 et
2020 539 2148 573 subiici
2163 537 2362 579 Adonicus‚

1352 587 1415 633 qui
1431 596 1572 623 constat
1587 588 1742 635 Dactylo
1760 596 1794 623 et
1811 589 1994 635 Spondeo.

1535 674 1708 710 Horatius
1735 673 1876 724 [Carm.
1892 673 1918 716 I,
1937 677 2000 716 22,
2022 672 2179 723 1-4,]:

1561 735 1670 766 Integer
1691 735 1765 758 vitae
1789 735 1964 765 scelerisque
1985 741 2082 765 purus,

1560 779 1620 802 Non
1641 780 1703 809 eget
1722 779 1815 803 Mauri
1835 779 1952 805 iaculis,
1978 785 2029 802 nec
2047 785 2114 803 arcu

1560 821 1615 845 Nec
1636 822 1783 845 venenatis
1804 822 1921 852 gravida
1941 822 2064 852 sagittis,

1560 865 1650 889 Fusce
1669 865 1811 895 pharetra.

1726 932 1767 967 Ia
1781 947 1815 966 m
1827 934 1849 967 b
1859 934 1871 966 i
1882 946 1931 967 cu
1942 947 1989 969 m.

1450 992 1654 1042 Ἰαμβίζειν
1682 994 1853 1029 insectari
1878 1000 1950 1035 est,
1978 1006 1996 1027 a
2013 990 2167 1039 ἶάπτω,
2194 996 2290 1029 unde
2312 995 2364 1029 fa<-

1352 1053 1448 1081 ctum
1479 1059 1615 1080 nomen
1644 1046 1768 1091 generi
1799 1046 1970 1080 carminis
2000 1046 2168 1080 maledici
2182 1045 2243 1095 ⁸¹).
2296 1047 2365 1081 Ar-

1352 1096 1557 1140 chilochus,
1584 1098 1659 1133 sive
1686 1097 1793 1133 huius
1819 1098 1988 1133 carminis
2009 1105 2116 1132 autor
2132 1099 2263 1141 fuerit,
2289 1100 2364 1134 sive

1352 1151 1554 1185 celebrator
1586 1151 1727 1196 potius,
1768 1157 1867 1184 tanta
1899 1151 1967 1184 fuit
1999 1151 2215 1192 acerbitate,
2249 1158 2291 1186 ut
2319 1153 2364 1185 ad

1351 1204 1523 1250 laqueum
1548 1203 1710 1247 adegerit
1735 1201 1969 1248 Lyeambem.
2024 1202 2195 1238 Ovidius:
2231 1203 2363 1237 Tincta

1351 1255 1558 1302 Lycambeo
1577 1255 1752 1299 sanguine
1773 1255 1842 1288 tela
1862 1256 2021 1288 madent.

1456 1307 1599 1342 Nullius
1619 1307 1760 1351 generis
1779 1313 1852 1340 tam
1871 1307 1994 1340 variae
2009 1306 2150 1340 formae
2171 1313 2274 1348 sunt,
2302 1309 2363 1341 sed

1351 1372 1419 1394 nos
1445 1361 1488 1393 de
1513 1359 1657 1394 senario
1686 1359 1859 1393 dicemus.
1912 1358 1984 1392 Alii
2002 1356 2204 1407 τρίμετρον
2220 1366 2365 1400 vocant,

1352 1413 1451 1458 quod
1468 1412 1545 1445 bini
1562 1412 1671 1456 pedes
1687 1411 1827 1456 singula
1849 1417 1963 1444 metra
1981 1410 2128 1445 faciant.

1668 1497 1855 1542 Recipit
1893 1498 2046 1542 pedes:

1456 1557 1725 1592 Creberrimum
1744 1556 1909 1591 lamburn
1928 1557 1966 1591 in
1982 1557 2071 1592 locis
2087 1557 2248 1602 paribus,
2275 1558 2364 1592 alio-

1324 1604 1326 1614 ⁴
1353 1611 1413 1656 qui
1430 1608 1479 1656 ⁸²)
1506 1623 1577 1656 quo
1604 1611 1684 1655 plus
1708 1609 1917 1644 lamborum
1942 1607 2070 1650 habet,
2108 1621 2150 1643 eo
2177 1610 2364 1644 venustior

1352 1670 1404 1697 est
1429 1674 1553 1697 versus
1567 1661 1628 1709 ⁶³).

1456 1714 1579 1748 Prima
1610 1713 1769 1747 admittit
1796 1721 1864 1725 *-

1457 1766 1621 1801 Secunda
1649 1776 1675 1792 υ
1690 1774 1716 1778 -
1745 1765 1904 1799 admittit
1933 1772 1967 1799 et
1994 1774 2019 1779 -
2034 1773 2059 1779 -
2107 1772 2131 1778 -
2149 1774 2213 1790 vo
2259 1775 2324 1790 oo
2339 1772 2364 1778 —

1825 1818 1887 1852 sed
1906 1829 1986 1852 cum
2005 1817 2148 1851 minore
2168 1817 2296 1861 gratia.

1917 1721 1982 1738 ka-
2036 1721 2146 1739 -υυ
2198 1721 2303 1738 uu*

1457 1870 1582 1905 Tertia
1612 1878 1677 1884 ·“““
1729 1878 1794 1896 υ*
1847 1876 1957 1896 ’νυ
2008 1875 2117 1895 uu·-

1458 1922 1597 1969 Quarta
1621 1933 1646 1948 υ
1660 1930 1686 1934 “-
1709 1921 1869 1954 admittit
1885 1927 1920 1954 et
1934 1921 2108 1968 reliquos,
2136 1921 2198 1954 sed
2215 1920 2364 1954 duriore

1826 1974 2103 2018 compositione.

1457 2027 1687 2073 Quinta--
1741 2034 1806 2051 υ-
1861 2034 1969 2051 *ww
2023 2032 2130 2052 νυ·-

1457 2080 1562 2114 Sexta
1591 2089 1616 2104 v
1632 2086 1656 2091 “
1685 2085 1719 2111 et
1747 2088 1771 2102 υ
1785 2088 1810 2102 w

1573 2155 1716 2200 Recipit
1744 2162 1778 2189 et
1806 2155 1940 2202 ubique
1967 2166 1992 2180 υ
2010 2165 2035 2180 υ
2051 2164 2075 2180 ν
2090 2153 2139 2200 64)

1403 2218 1476 2252 Poe
1489 2224 1521 2252 ta
1554 2221 1633 2251 esim
1671 2214 1825 2261 primuin
1857 2219 2023 2251 :inimum
2052 2217 2096 2251 ad
2124 2212 2359 2255 scribendum

1824 2270 1867 2304 {d
1881 2268 1970 2314 pulit

1386 2392 1434 2423 60)
1461 2400 1485 2402 -
1505 2394 1528 2408 υ
1555 2391 1624 2419 etc.]
1656 2395 1707 2420 pro
1736 2390 1777 2413 liis
1806 2390 1912 2421 signis,
1951 2391 1999 2414 Ed.
2028 2390 2101 2414 1539.
2130 2390 2210 2413 Labet
2235 2390 2358 2413 nomina:

1421 2426 1590 2454 Trocheum,
1620 2425 1793 2455 spondeum,
1818 2425 1977 2456 Dactylum.

1385 2470 1434 2501 61)
1454 2468 1594 2502 maledici]
1621 2469 1664 2493 sic
1691 2469 1774 2493 Editt.
1804 2469 1898 2501 15³9.,
1926 2469 2020 2499 1546.;
2053 2469 2134 2492 Editt.
2165 2467 2257 2499 ¹526.‚
2285 2467 2358 2492 1529.

1421 2505 1564 2529 maledico.

1375 2548 1433 2580 ,62)
1452 2546 1569 2579 alioqui]
1589 2547 1675 2572 Editt.
1698 2546 1786 2577 1539„
1809 2547 1882 2572 1546.
1906 2549 1934 2571 et

1384 2592 1432 2623 63)
1453 2589 1568 2623 versus]
1589 2591 1617 2615 in
1636 2591 1685 2616 Ed.
1710 2591 1785 2615 ¹526.
1805 2591 1891 2615 deest.

1383 2636 1431 2667 64)
1452 2636 1544 2660 Prima
1558 2635 1677 2659 admittit
1696 2645 1716 2647 -
1735 2644 1759 2647 -
1784 2648 1818 2651 —
1844 2640 1861 2652 ‘u
1912 2633 1948 2666 h]
1972 2634 2053 2657 Editt,
2075 2634 2160 2663 1539„
2178 2634 2267 2659 iaia:
2293 2631 2355 2656 Pri-

1420 2677 1463 2695 ma
1478 2671 1597 2694 admittit
1612 2671 1767 2701 Spondeuni
1783 2671 1810 2693 et
1828 2670 1964 2699 iambum,
1984 2669 2151 2700 Dactylum,
2171 2668 2355 2699 Anapaestum

1420 2711 1445 2729 et
1465 2706 1652 2730 Trihracluun.

1455 2749 1582 2772 secunda
1602 2749 1736 2776 iambum,
1762 2753 1825 2772 raro
1846 2749 2051 2777 anapaestum,
2077 2747 2172 2770 rarius
2192 2745 2353 2776 spondeum.

1455 2784 1549 2807 Tertia
1569 2785 1740 2813 spondeum,
1769 2783 1935 2814 Dactylum,
1962 2783 2147 2807 Tribrachum.
