2421 3037
279 132 354 168 359

276 220 389 255 laudi.
426 215 588 254 'Praesto
612 218 674 252 illi.
727 218 835 263 Apud
858 209 1071 252 Terentium
1099 215 1285 263 [Eunuch.

277 275 364 313 2‚2‚
384 271 452 316 1.]:
480 271 600 304 Homo
622 268 761 303 homini
785 270 870 316 quid
892 270 1078 315 praestat?
1131 270 1284 304 Praesto

277 325 391 358 illum.
430 323 538 368 Apud
556 322 747 366 Virgilium
766 321 877 370 [Aen.
893 321 952 362 XI,
969 319 1095 369 438.]:
1124 321 1187 355 Ibo
1208 322 1284 355 ani-

277 376 344 410 mis
362 381 486 408 contra
499 401 508 414 ‚
536 374 593 408 vel
612 386 783 418 magnum
801 381 958 419 praestet
974 373 1165 409 Achillem.
1214 374 1282 408 Sed

276 426 344 460 hoc
364 426 493 461 rarius.

586 510 763 555 Quarta
793 511 967 555 regula.

379 577 500 612 Verbo
518 583 586 620 est,
609 575 769 611 habendi
786 578 1047 623 significatione
1066 578 1215 618 utimur,
1243 584 1284 611 ut

278 629 398 679 [Virg.
415 630 491 664 Ecl.
507 630 543 672 3,
558 628 659 678 33.]·
687 630 751 665 Est
766 630 855 665 mihi
874 644 1031 677 namque
1048 631 1147 664 domi
1166 636 1282 675 pater,

277 690 328 717 est
344 682 475 717 iniusta
496 694 651 716 noverca
667 682 727 728 6⁰).

378 733 425 768 Et
442 734 554 768 dativi
573 741 720 769 venuste
738 736 940 775 adduntur,
969 734 1031 780 qui
1047 733 1280 767 commodum

277 793 339 820 aut
356 786 631 821 incommodum
652 787 867 832 significant,
895 793 951 821 ut:
979 786 1042 820 Est
1058 784 1149 819 mihi
1166 786 1281 819 lucro.

274 838 339 872 Est
356 837 447 872 mihi
465 839 563 873 odio.
617 839 709 873 Sunt
726 840 834 874 exitio
858 838 1119 884 rehuspublicis
1145 837 1282 872 intesti-

276 902 344 924 nae
359 891 612 926 dissensiones.

590 977 768 1023 Quinta
798 978 967 1022 regula.

380 1045 481 1080 Duos
498 1045 719 1080 accusativos
737 1058 850 1091 pauca
875 1048 1053 1093 quaedam
1081 1046 1196 1079 activa
1220 1045 1281 1078 ad-

277 1098 442 1132 sciscunt.
504 1097 628 1143 anue
655 1105 787 1132 vocant
810 1099 1051 1133 Grammatici
1078 1097 1282 1137 transitiva,

277 1151 375 1196 quod
393 1150 625 1194 transmigret
650 1150 686 1183 in
711 1151 801 1185 duos
824 1151 1046 1185 accusativos
1073 1150 1188 1191 actio,
1223 1155 1280 1183 ut:

276 1201 400 1236 Doceo
421 1209 455 1236 te
472 1202 606 1236 literas.
660 1203 776 1237 Posco
795 1209 828 1237 te
848 1204 1038 1248 pecuniam
1053 1202 1112 1250 ⁶¹).

277 1267 367 1299 rogo
386 1260 420 1288 te
439 1252 532 1288 hanc
551 1266 647 1296 rem,
676 1256 770 1289 etde
792 1253 858 1289 hac
884 1268 934 1290 re.
996 1256 1126 1289 Pacem
1156 1261 1189 1289 te
1217 1266 1282 1299 po-

276 1307 407 1341 scimus
425 1319 562 1341 omnes.

608 1392 741 1426 Sexta
771 1393 943 1437 regula.

378 1460 567 1495 Ablativos
598 1461 830 1496 instrumenti
868 1462 1133 1507 propemodum
1166 1460 1283 1494 omni-

275 1513 341 1546 bus
359 1513 484 1546 activis
504 1514 623 1548 verbis
641 1514 869 1555 subiicimus‚
897 1513 991 1561 utffi)
1012 1512 1283 1562 [Horat.Epist.

277 1564 304 1606 l,
323 1567 359 1606 2,
380 1565 429 1599 69
446 1562 537 1612 sq.]:

351 1625 411 1655 Quo
431 1625 518 1649 semel
536 1626 580 1649 est
600 1624 703 1649 imbuta
721 1631 819 1650 recens
838 1624 962 1649 servabit
982 1625 1095 1650 odorem

347 1670 433 1693 Testa.
453 1669 506 1694 diu.

277 1713 375 1747 Ferit
391 1714 490 1747 illum
509 1713 642 1758 gladio.

382 1766 439 1800 Sic
457 1765 581 1810 copiae
605 1771 639 1797 et
664 1765 808 1809 inopiae
836 1766 956 1798 verba.

278 1819 351 1852 lum
370 1818 468 1852 vino.
523 1817 638 1851 Indno
659 1829 716 1850 me
735 1823 830 1851 veste
850 1823 884 1850 et
899 1817 1103 1863 vestem‘fss).

277 1877 311 1904 te
332 1870 495 1915 pecunia.
550 1870 687 1903 Mulcto
709 1876 839 1903 morte.

277 1922 434 1956 Levatus
460 1923 571 1957 febre.
634 1922 831 1955 Abundare
860 1923 1071 1966 praeceptis.

1167 1201 1282 1235 Inter*
1308 1206 1310 1235 l
1335 1212 1393 1254 IX,
1418 1211 1545 1260 303.]:
1586 1214 1643 1247 Sic
1668 1214 1718 1247 ait
1746 1212 2022 1259 illachrymans‚
2056 1211 2210 1247 humero
2238 1212 2346 1246 simul

870 131 994 166 PHIL.
1022 131 1138 166 MEL.
1165 129 1370 165 SCRIPTA
1399 130 1742 169 PHILOLOGICA.

1310 1687 1393 1713 1111ῑ

1012 1764 1025 1797 l
1093 1766 1103 1798 l
1310 1751 1311 1773 i
1337 1732 1624 1776 grammaticam.

1031 1778 1088 1809 mp
1107 1777 1147 1798 eo
1174 1777 1283 1809 pocu-
1310 1777 1311 1782 ¹

1157 1816 1282 1862 Spolio
1310 1815 1311 1844 1

887 1869 964 1902 Hoc
981 1876 1014 1903 te
1032 1870 1126 1904 fasce
1142 1869 1282 1904 levabo.
1310 1887 1311 1917 j

1142 1922 1282 1955 Adficio

280 1982 311 2008 te
328 1973 480 2008 honore.
497 1973 714 2022 [OvidArt.
735 1980 843 2007 amat.
862 1973 902 2014 ll,
923 1972 1049 2021 437.]:
1080 1973 1284 2008 Luxuriant
1310 1976 1311 1981 ’

278 2028 391 2061 animi
423 2027 529 2060 rebus
561 2027 774 2072 plerumque
801 2026 977 2060 secundis.
1009 2024 1125 2074 [Virg.
1150 2026 1282 2071 Georg.

278 2079 336 2120 111,
355 2079 449 2125 81.];
495 2078 745 2124 Luxuriatque
772 2076 887 2112 thoris
915 2078 1117 2112 animosum
1148 2085 1283 2123 pectus.
1310 2084 1311 2099 1

280 2132 392 2176 Culpa
428 2143 556 2164 vacare
568 2158 577 2170 ,
617 2143 788 2174 magnum
821 2130 1003 2164 solatium.
1073 2130 1283 2164 Conflictari

279 2184 379 2229 gravi
398 2183 613 2229 pestilentia.
669 2183 876 2216 Conflictari
895 2184 1043 2216 adversa
1065 2183 1283 2217 valetudine.

279 2235 465 2270 Laborare
483 2248 524 2269 ex
543 2236 703 2280 pedibus.
760 2234 944 2268 Laborare
960 2235 1063 2269 febri.

316 2373 365 2401 60)
386 2372 453 2396 Huic
473 2375 597 2403 exemplo
619 2374 644 2396 in
665 2374 712 2397 Ed.
732 2373 806 2396 1539.
825 2373 933 2396 adiecta
953 2374 1015 2396 sunt
1034 2373 1101 2395 haec
1127 2372 1196 2397 duo:
1229 2373 1282 2395 Te-

352 2414 413 2431 cum
433 2409 540 2434 hahita.
569 2410 595 2431 et
616 2408 692 2431 noris
713 2413 794 2438 quain
814 2408 851 2431 sit
876 2408 923 2431 tibi
947 2409 1029 2431 curta
1055 2408 1189 2436 supellex.

353 2442 444 2466 nescis
466 2444 563 2474 longas
585 2443 698 2471 regibus
719 2450 784 2466 esse
805 2440 923 2467 manus?

317 2494 365 2521 61)
386 2493 436 2517 Ed.
455 2493 529 2517 1539.
550 2494 640 2517 addit:
668 2494 749 2517 Nulla
768 2494 844 2517 salus
865 2494 953 2522 bello,
984 2500 1075 2523 paceni
1096 2497 1122 2518 te
1145 2494 1282 2524 poscimus

353 2534 457 2552 onmes.

317 2580 363 2611 62)
384 2581 413 2603 ln
433 2580 483 2604 Ed.
505 2579 580 2603 1539.
600 2580 624 2604 11.
643 2580 659 2603 l.
681 2580 787 2603 inserta
806 2582 870 2604 sunt
890 2581 957 2604 haee
983 2582 1125 2610 exempla:

355 2620 472 2645 peccare
493 2615 553 2638 boni
574 2614 687 2638 virtutis·
708 2621 810 2638 amore.

354 2650 455 2673 midine
479 2655 594 2680 poenae.

353 2687 489 2709 recurret.

1159 2582 1284 2605 Oderunt

859 2616 985 2639 Oderunt
1005 2622 1119 2645 peccare
1140 2617 1203 2640 mali
1224 2617 1284 2641 for-

648 2650 780 2674 Naturam
806 2651 929 2680 expellas
956 2652 1049 2679 furca,
1082 2653 1172 2675 tamen
1199 2658 1285 2682 usque

1308 1078 1310 1084 ·
1337 1056 1519 1091 Troianos
1537 1070 1624 1091 exue
1646 1065 1795 1092 caestus.

2266 137 2340 171 360

1629 219 1836 265 Septima
1867 220 2040 264 regula.

1441 276 1653 323 Repellendi
1678 280 1978 325 significationem
2009 278 2201 320 habentia,
2244 281 2342 314 abla-

1337 329 1430 364 tivos
1467 331 1691 373 adsciscunt,
1741 335 1802 366 sed
1838 345 1917 366 cum
1955 331 2225 377 praepositione
2244 358 2254 372 ‚
2303 339 2343 367 ut

1339 379 1460 429 [Virg.
1477 382 1609 426 Georg.
1628 382 1689 424 IV,
1708 382 1835 432 168.]:
1864 383 2037 429 Ignavum
2064 384 2164 418 sucos
2189 396 2297 428 pecus
2322 396 2342 418 a

1338 434 1569 479 praesepibus
1594 442 1729 470 arcent.
1783 437 1957 470 Abstineo
1974 448 1993 469 a
2018 436 2116 471 vino.
2170 435 2343 470 Horatius

1337 483 1425 533 [Ars
1444 493 1540 530 poet.
1558 485 1684 535 414.];
1713 487 1899 522 Abstinuit
1916 488 2057 522 Venere
2074 494 2109 521 et
2127 485 2285 523 Baccho.

1439 537 1485 571 Et
1504 539 1670 583 petendi,
1699 546 1756 574 ut:
1786 540 1877 573 Peto
1895 541 1957 574 abs
1975 547 2008 573 te
2027 540 2232 585 pecuniam.

1440 590 1555 631 Utor,
1593 591 1749 633 Vescor,
1792 591 1932 633 Fruor,
1973 592 2122 631 Potior,
2165 590 2343 625 ablativos

1336 641 1557 682 adsciscunt,
1587 649 1643 676 ut:
1676 644 1769 677 Utor
1794 644 1893 678 vino.
1947 643 2066 677 Fruor
2092 643 2181 677 meis
2205 642 2344 677 studiis.

1335 692 1478 727 Potitus
1496 695 1664 738 imperio.
2070 727 2074 732 .

1440 745 1549 779 Disco
1586 747 1630 779 ab
1666 747 1749 787 illo,
1792 754 1825 781 et
1861 747 1958 782 disco
1995 747 2038 779 de
2070 746 2132 779 illo
2155 745 2344 786 musicam,

1336 796 1486 831 Plautus
1504 797 1540 830 in
1556 797 1734 833 Poenulo.
1972 830 1976 833 .

1438 848 1486 882 Et
1510 850 1684 883 induendi
1710 851 1842 890 verba,
1880 857 1936 884 ut:
1975 862 2066 883 exuo
2094 849 2277 890 tunicam,
2311 855 2345 882 et

1336 912 1427 933 exuo
1452 899 1547 935 liunc
1572 902 1705 936 tunica.
1776 902 1927 936 Caesar:
1961 902 2073 936 Vallis
2096 914 2132 936 se
2158 901 2344 935 induebat.

1337 952 1481 986 Cicero:
1518 954 1704 999 Torquem
1731 954 1798 988 sibi
1824 954 1954 987 induit.
2019 953 2161 987 Livius:
2197 953 2343 988 Novum

1337 1005 1520 1049 ingenium
1557 1005 1737 1040 induerat.
1814 1006 1987 1051 Virgilius
2021 1006 2128 1051 [Aen.
2143 1003 2204 1046 IV,
2222 1003 2344 1049 4204:

1851 1057 2029 1092 Martialis
2054 1055 2169 1105 [VIIL
2187 1055 2249 1098 48,
2267 1054 2343 1104 2.]:

1336 1108 1432 1142 Dum
1452 1116 1568 1143 mutat
1586 1110 1720 1151 cultus,
1748 1110 1984 1156 induiturque
2001 1116 2137 1154 togam.
2200 1108 2343 1142 Cicero:

1336 1160 1608 1194 Humanitatem
1640 1174 1786 1195 omnem
1810 1162 1976 1196 exuisses.
2036 1160 2210 1206 Virgilius
2236 1158 2345 1208 [Aen.

1336 1266 1433 1299 exuit
1451 1278 1584 1300 ensem.
1640 1266 1683 1300 Se
1700 1278 1787 1310 agro
1806 1272 1958 1311 paterno
1976 1265 2148 1311 avitoque
2165 1264 2313 1298 exuisse.

1683 1350 1745 1384 De

1442 1420 1674 1454 Passivorum
1694 1419 1864 1464 proprius
1882 1431 1982 1453 casus
2002 1425 2054 1452 est
2069 1418 2249 1452 ablativus
2264 1430 2343 1452 curn

1338 1472 1625 1518 praepositione,
1652 1484 1693 1504 ex
1712 1471 1940 1504 nominativo
1960 1470 2069 1503 activi
2085 1471 2213 1510 factus,
2241 1482 2345 1504 accu-

1336 1525 1470 1559 sativus
1496 1523 1666 1568 proprius
1676 1523 1723 1569 64)
1750 1522 1868 1556 activo
1886 1523 1922 1555 111
1940 1522 2208 1555 nominativum
2228 1528 2346 1556 muta-

1337 1584 1415 1616 tur,
1445 1583 1501 1609 ut:
1530 1575 1626 1620 Lego
1644 1575 1850 1619 Virgilium.
1901 1574 2073 1618 Virgilius
2090 1586 2109 1607 a
2127 1585 2185 1607 me
2202 1573 2346 1619 legitur.

1441 1627 1585 1674 Reliqui
1607 1640 1708 1661 casus
1726 1627 1863 1659 activae
1880 1627 1977 1660 vocis
1995 1639 2069 1659 non
2086 1632 2275 1660 mutantur
2285 1624 2346 1673 ⁶⁵),

1430 1679 1554 1713 Doceo
1580 1686 1612 1712 te
1641 1678 1929 1724 grammaticam.
1994 1678 2051 1712 Tu
2076 1678 2216 1712 (loceris
2244 1690 2264 1711 a
2287 1690 2345 1711 me

1781 1350 1837 1384 Pa
1852 1350 1911 1385 ssi
1927 1350 2005 1385 vis.

1440 1784 1715 1828 Nonnunquam
1735 1782 1913 1816 ablativus
1931 1782 1968 1814 in
1987 1781 2150 1815 dativum
2171 1787 2345 1822 mutatur,

1336 1843 1393 1869 ut:
1425 1835 1531 1870 Visus
1550 1833 1658 1875 mihi,
1688 1847 1752 1879 pro
1772 1834 1866 1867 visus
1885 1846 1903 1866 a
1921 1846 1990 1867 me.

1441 1887 1488 1921 Et
1514 1887 1694 1921 Graecum
1720 1893 1788 1920 est:
1826 1886 1996 1919 Pluribus
2024 1884 2081 1916 ille
2107 1884 2202 1918 notis
2229 1884 2346 1917 varia-

1338 1947 1410 1973 tam
1421 1939 1468 1986 66)
1486 1939 1648 1984 pingitur
1664 1939 1804 1976 alvum,
1834 1950 1900 1982 pro
1919 1937 2055 1970 variata
2065 1935 2112 1983 66)
2132 1936 2227 1970 alvo.

1441 1990 1671 2036 Deponentia
1710 1990 1912 2022 activorum
1947 1988 2247 2033 significationem
2282 1985 2344 2029 ha-

1339 2045 1444 2084 bent,
1474 2051 1529 2077 ut:
1559 2042 1714 2086 Largior
1735 2041 1797 2074 tibi
1817 2041 2022 2086 pecuniam.

1442 2096 1664 2130 Neutrorum
1686 2121 1695 2134 ,
1748 2105 1840 2139 quae
1879 2093 2094 2126 neutraliter
2130 2091 2344 2136 significant,

1337 2155 1393 2181 ut:
1429 2147 1625 2182 Adsentior
1649 2146 1732 2185 tibi,
1770 2145 1910 2179 Adulor
1935 2145 2000 2179 tibi
2027 2151 2062 2178 et
2087 2151 2140 2185 te,
2177 2144 2345 2178 dixerunt

1309 2222 1311 2233 ι
1338 2214 1351 2233 x
1362 2207 1485 2234 eteres.

1240 2409 1281 2430 An
1309 2408 1311 2436 ξ

1309 2451 1311 2497 l
1336 2463 1512 2496 luntatem
1530 2459 1591 2506 G⁷).

319 2736 366 2767 63)
387 2737 437 2760 Ed.
455 2737 530 2760 1539.
552 2736 641 2760 addit:
669 2736 783 2761 Livius:
810 2737 926 2767 sagunti
948 2737 1079 2761 excidium
1101 2737 1146 2768 pia
1166 2739 1192 2761 et
1212 2738 1286 2762 iusta
1312 2734 1313 2738 ’

357 2772 434 2796 nohis
454 2777 531 2795 arina
552 2771 646 2795 induit.

1610 2275 1681 2310 De
1717 2274 2070 2310 Infinitivis.

1663 2345 1815 2379 Prima
1850 2358 1894 2379 re
1907 2345 2022 2390 gula.

1439 2406 1611 2442 lnfinitivi
1629 2408 1814 2441 adduntur
1832 2406 1952 2440 verbis
1975 2403 2259 2450 significantibus
2282 2415 2342 2437 vo-

1662 2459 1789 2493 Graeci
1822 2455 2064 2506 προαιρετικοὶ
2080 2456 2127 2503 6⁸)
2154 2461 2340 2496 vocarunt,

1371 2562 1420 2589 64)
1441 2561 1585 2591 proprius]
1608 2561 1647 2585 sie
1669 2562 1718 2587 Ed.
1736 2561 1828 2592 1539.;
1855 2560 1939 2586 Editt.
1963 2560 2056 2587 1526..
2078 2560 2154 2584 1529,
2176 2558 2315 2595 proximus

1372 2604 1420 2636 65)
1442 2611 1495 2628 non
1516 2606 1685 2636 minantum]
1709 2606 1756 2628 Ed.
1777 2605 1852 2629 1539.
1875 2606 1961 2627 verba
1981 2604 2134 2634 imitantur,

1373 2650 1419 2677 66)
1441 2648 1575 2672 variatam
1597 2667 1602 2673 .
1626 2668 1631 2674 .
1655 2667 1660 2672 .
1684 2649 1809 2677 variata]
1828 2649 1911 2672 Editt.
1928 2648 2019 2679 1526„
2043 2647 2118 2671 1529.
2139 2648 2225 2672 male:
2246 2644 2339 2671 varia-

1409 2686 1465 2707 111111
1486 2702 1492 2707 .
1514 2701 1520 2707 .
1540 2701 1546 2708 .
1568 2683 1677 2707 variato

1372 2727 1422 2759 67)
1441 2728 1637 2756 voluntatem]
1659 2728 1709 2753 Ed.
1726 2728 1802 2753 1539.
1823 2733 1934 2750 sensum
1953 2728 2001 2751 ant
2020 2727 2201 2752 voluntatem.

1373 2770 1420 2803 ΕΗ)
1441 2769 1636 2803 προαιρετικά]
1658 2772 1706 2796 Ed.
1724 2770 1797 2795 1539.
1819 2771 1904 2794 male:
1932 2767 2106 2802 ,τῃοαιρεΐικὲ
