2421 3037
226 109 304 147 715

213 198 387 233 humana.
424 197 481 230 Sic
495 194 722 229 sentiendum
740 200 792 228 est
810 194 855 226 de
872 192 951 227 aliis
969 192 1223 226 communibus

215 251 374 284 vocibus.
437 247 545 292 Quod
568 246 670 286 dico,
706 257 750 278 ne
779 245 859 291 quis
885 251 988 289 putet
1013 244 1222 277 communia

214 301 388 335 vocabula
402 326 411 339 ,
441 298 638 344 aequivoca
658 310 752 338 esse,
782 310 874 343 quae
892 297 1023 330 multas
1039 308 1095 330 res
1115 296 1223 340 signi-

214 355 341 391 ficant,
368 357 408 384 ut
427 350 609 395 Polypus,
639 350 804 395 adeoque
827 349 979 383 diversis
1004 348 1224 392 imaginibus

214 401 459 450 conceptas7).
520 401 615 436 Nam
641 399 753 434 homo
782 413 892 434 unam
920 401 1104 447 quandam
1135 400 1224 433 ima-

213 457 333 501 ginem
357 455 535 499 significat
559 459 730 494 naturae,
760 465 852 498 quae
875 453 1028 497 sparsim
1048 452 1085 485 in
1103 452 1225 486 multis

214 507 411 542 individuis
434 513 497 540 est.
552 505 609 538 Sic
628 517 759 549 genus,
783 504 833 538 sic
851 504 1067 538 differentia.

320 559 443 593 Genus
460 563 511 591 cst
528 569 663 590 nomen
682 570 895 597 commune,
924 557 1130 602 proximum
1148 567 1226 600 spe-

214 611 301 651 ciei,
340 617 447 656 atque
479 610 569 643 adeo
605 610 643 642 in
668 609 900 653 explicanda,
936 608 1225 653 declarandaque

214 663 330 708 specie
356 662 539 707 primum,
572 667 612 695 ut
637 661 784 695 animal.
839 662 932 697 Nam
961 660 991 694 si
1016 665 1226 706 quaeratur,

215 715 301 761 quid
325 713 371 748 sit
391 711 524 754 homo,
551 713 849 757 respondebitur,
878 712 1031 749 animal;
1067 712 1095 746 si
1119 723 1227 757 quae-

214 773 338 807 ratur,
380 766 467 811 quid
493 766 539 800 sit
566 764 726 805 Iustitia,
768 764 1067 810 respondebitur,
1101 764 1226 797 virtus.

215 819 313 865 Quid
338 818 496 862 emptio,
524 817 823 862 respondebitur,
853 822 1070 850 contractus.

321 869 536 903 Differentia
560 876 630 909 est,
660 883 730 915 qua
757 882 868 913 genus
889 869 926 901 in
944 869 1074 902 multas
1092 866 1228 912 species

215 922 408 956 dividitur:
448 921 583 954 animal
608 922 784 954 dividitur
808 921 845 953 in
871 919 1058 953 hominem
1086 926 1120 952 et
1143 920 1227 952 bru-

216 982 315 1014 tum,
351 986 416 1018 per
447 973 691 1013 differentias,
729 973 863 1006 scilicet
896 972 1159 1012 intellectuale,
1194 977 1229 1004 et

215 1027 292 1061 sine
311 1026 512 1063 intellectu3
540 1037 624 1057 nam
646 1025 859 1058 definiturus
878 1022 1062 1057 bominem
1076 1051 1085 1064 ,
1114 1023 1226 1057 dices:

215 1076 327 1111 homo
340 1083 392 1111 est
402 1077 539 1109 animal
555 1076 810 1117 intellectuale,
826 1078 1098 1122 secerniturque
1114 1074 1227 1108 bomo

216 1129 449 1163 intellectuali
470 1141 487 1161 a
510 1129 659 1174 reliquis
681 1128 940 1162 animantibus.
995 1128 1068 1161 lam
1097 1128 1134 1160 in
1162 1127 1228 1160 dif-

214 1181 377 1215 ferentiis
402 1181 552 1214 observa
566 1207 574 1220 ,
603 1181 701 1226 quod
727 1178 878 1214 humani
898 1186 1023 1224 captus
1042 1179 1229 1212 imbecilli-

215 1240 270 1268 tas
293 1245 471 1279 nusquam
497 1232 698 1266 evidentius
717 1245 752 1266 se
772 1233 947 1272 ostendit,
977 1244 1083 1278 quam
1105 1231 1142 1263 in
1163 1231 1229 1263 dis-

215 1285 392 1319 ferentiis.
456 1284 582 1330 Neque
616 1284 712 1317 enim
744 1286 841 1331 quod
872 1284 1006 1324 sciam,
1041 1283 1150 1317 ullius
1176 1282 1229 1315 rei

216 1337 420 1371 differentia
441 1336 604 1382 apposite
624 1336 785 1381 concipi,
815 1343 877 1370 aut
896 1335 1081 1369 nominari
1099 1341 1228 1380 potest.

216 1390 377 1424 Proinde
406 1389 737 1435 circumloquemur
761 1389 853 1422 infra
878 1389 915 1422 in
943 1401 1064 1422 rerum
1092 1387 1230 1420 ordini-

216 1443 282 1477 bus
300 1441 523 1475 differentias
542 1454 808 1487 nonnunquam
829 1442 977 1486 propria
996 1438 1162 1479 diathesi,
1191 1445 1231 1472 ut

217 1495 247 1529 si
264 1495 399 1528 dicam:
437 1492 557 1527 Homo
582 1500 634 1527 est
659 1494 795 1526 animal
813 1493 1082 1539 syllogisticon,
1110 1492 1146 1524 id
1167 1497 1230 1531 est,

218 1547 317 1593 quod
345 1545 556 1579 ratiocinari
583 1552 724 1590 potest,
767 1558 858 1591 quae
891 1544 1039 1590 propria
1070 1541 1230 1576 hominis

218 1596 390 1632 diathesis
428 1604 499 1637 est,
539 1609 621 1637 seu,
664 1603 704 1630 ut
744 1597 793 1630 ita
835 1597 973 1636 dicam,
1018 1595 1229 1640 propensio.

218 1650 494 1695 Nonnunquam
522 1649 787 1689 accidentibus,
822 1655 861 1682 ut
882 1648 974 1693 ignis
1001 1655 1053 1682 est
1076 1648 1231 1681 elemen-

218 1709 296 1737 tum
331 1702 486 1735 calidum
515 1707 550 1734 et
577 1701 722 1736 siccum.
785 1700 894 1734 Calor
920 1707 954 1734 et
976 1700 1115 1734 siccitas
1142 1699 1231 1732 acci-

219 1754 341 1788 dentia
367 1754 475 1798 plane
499 1760 603 1794 sunt,
631 1754 692 1787 sed
719 1754 902 1798 quandam
929 1752 1232 1786 circumscribunt

219 1806 483 1846 differentiam,
513 1818 623 1851 quam
647 1803 829 1839 humanae
855 1804 986 1838 mentis
1003 1804 1231 1838 imbecillitas

219 1860 384 1893 nondum
408 1857 539 1902 attigit.

324 1910 543 1955 Proprium,
580 1916 633 1943 est
668 1909 885 1943 vocabulum
917 1908 1121 1953 significans
1148 1920 1232 1953 pro-

220 1963 338 2008 priam
363 1969 515 1996 naturae
538 1961 721 2002 indolem,
749 1974 812 1996 seu
838 1958 1038 2002 diathesin,
1065 1967 1105 1995 ut
1128 1973 1231 2006 posse

219 2015 342 2061 loqui,
364 2014 555 2060 proprium
573 2011 733 2048 hominis
753 2020 824 2054 est,
851 2026 955 2059 posse
974 2011 1120 2047 hinnire
1144 2025 1233 2058 pro-

220 2067 342 2113 prium
375 2066 471 2113 equi.
533 2066 647 2100 Acute
676 2066 822 2112 quidem
853 2066 1016 2100 scribunt
1041 2065 1232 2106 dialectici,

221 2119 415 2164 significari
440 2119 590 2164 proprio
615 2119 729 2163 magis
745 2118 1028 2164 propensionem
1045 2130 1167 2152 rerum
1186 2119 1231 2151 ad

223 2183 333 2217 opera
354 2172 523 2215 propria,
553 2183 661 2217 quam
679 2171 755 2216 ipsa
775 2183 899 2216 opera.
954 2170 1048 2205 Nam
1073 2177 1114 2205 ut
1127 2176 1232 2204 natu-

223 2235 285 2257 rae
310 2220 470 2257 hominis
496 2235 639 2268 semper
671 2235 712 2256 ac
745 2223 893 2268 proprie
926 2223 1097 2256 convenit
1128 2235 1232 2268 posse

222 2275 345 2321 loqui,
373 2275 421 2309 ita
441 2287 517 2308 non
533 2281 585 2309 est
602 2287 744 2310 necesse
761 2287 904 2320 semper
920 2275 1034 2322 loqui.
1084 2275 1233 2320 Proprii

223 2328 392 2371 cognatio
416 2333 515 2360 tanta
537 2334 589 2361 est
605 2340 685 2361 cum
703 2327 907 2361 differentia
919 2354 928 2368 ,
956 2334 997 2361 ut
1015 2339 1082 2373 pro
1100 2340 1140 2361 ea
1158 2329 1232 2362 sere

223 2391 366 2423 semper
383 2378 629 2427 usurpetur⁸).
678 2379 762 2415 Non
779 2380 846 2414 fuit
864 2380 1016 2414 omnino
1035 2381 1231 2414 deserenda

223 2429 429 2465 scholarum
447 2432 691 2473 consuetudo,
719 2432 857 2479 alioqui
871 2432 995 2466 relicta
1018 2432 1158 2478 proprii
1176 2445 1233 2466 ra-

224 2483 343 2524 tione,
371 2483 489 2528 ipsum
507 2483 719 2518 differentiis
741 2484 974 2520 miscuissem.
1028 2485 1233 2527 Caeterum,

224 2535 319 2569 inter
343 2535 535 2580 proprium
561 2548 601 2569 ac
628 2537 871 2571 differentiam
897 2535 966 2571 hoc
988 2538 1160 2573 interesse
1180 2538 1233 2572 di-

259 2679 290 2712 7)
310 2682 413 2705 Annot.
432 2687 537 2712 marg:
563 2681 638 2705 Nihil
656 2682 734 2705 reale
754 2684 799 2706 est
818 2682 845 2706 in
865 2683 1082 2708 universalibus

258 2722 290 2754 8)
310 2725 413 2748 Annot.
428 2731 533 2755 marga
560 2725 659 2749 Nullae
676 2731 793 2755 prorsus
807 2726 983 2751 differentiae
996 2728 1078 2757 sunt,
1098 2732 1166 2758 quas
1179 2734 1234 2752 non

295 2759 387 2789 aptius
405 2759 513 2790 proprii
532 2760 643 2784 ratione
665 2761 916 2791 comprehenderis.

753 106 877 141 PHIL.
906 105 1022 142 MEL.
1050 103 1257 140 SCRIPTA
1284 102 1418 138 VARII
1444 101 1753 138 ARGUMENTI.

2211 102 2288 138 716

1280 197 1385 231 cunt,
1411 191 1510 236 quod
1529 189 1733 224 differentia
1751 189 1927 233 significet
1943 188 1996 222 rei
2012 194 2152 233 partem
2164 215 2174 229 ,
2203 201 2287 233 pro-

1279 244 1398 288 prium
1429 255 1515 275 vero
1551 241 1831 287 propensionem
1862 242 1907 274 ad
1937 253 2047 285 opus,
2082 246 2122 274 ut
2150 240 2288 274 intelle-

1278 295 1395 329 ctuale
1422 295 1599 339 significat
1623 300 1762 338 partem
1787 292 1967 333 bominis,
2000 291 2134 326 scilicet
2151 292 2289 325 intelle-

1279 354 1396 387 ctum,
1427 359 1530 391 posse
1558 346 1679 393 loqui,
1714 346 1995 391 propensionem
2021 344 2217 390 genuinam
2244 344 2290 377 ad

1278 400 1514 446 loquendum.

1384 452 1579 491 Accidens,
1608 456 1660 484 est
1677 450 1892 483 vocabulum
1914 448 2118 493 significans
2134 460 2211 481 rem
2228 448 2291 480 ad-

1279 503 1494 544 venticiam,
1520 509 1559 536 ut
1577 503 1727 543 albedo,
1756 514 1812 535 res
1832 500 2033 534 adventicia
2056 507 2108 535 est
2133 500 2292 545 corpori,

1280 557 1379 601 quod
1402 555 1474 588 iam
1493 555 1660 595 albescit,
1688 554 1759 587 iam
1776 553 1957 598 nigrescit.

1463 641 1661 675 Fructus
1691 640 1895 687 quinque
1926 651 2099 673 vocum.

1386 710 1568 745 Hactenus
1593 711 1636 743 de
1664 709 1826 756 quinque
1844 708 2014 749 vocibus,
2043 720 2132 754 quas
2148 706 2292 753 praedi-

1282 763 1408 796 cabilia
1444 760 1553 795 bodie
1586 768 1718 795 vocant
1751 759 1916 801 scholae,
1950 760 2128 801 diximus,
2161 758 2293 805 quibus

1281 815 1490 849 discrimina
1538 827 1667 847 vocum
1711 810 2084 858 comprehenduntur.
2164 810 2293 857 Neque

1282 867 1379 900 enim
1409 867 1446 899 in
1475 865 1831 910 disserendo'parum
1848 865 1957 898 refert
1971 864 2081 905 scire,
2111 875 2204 910 quae
2222 875 2294 896 vox

1283 920 1395 952 altera
1411 919 1519 953 latius
1536 925 1728 963 evagetur,
1756 924 1797 951 ut
1813 917 1949 950 animal
1966 914 2127 950 homine.
2180 914 2294 949 Dein-

1282 972 1324 1004 de
1343 972 1451 1004 refert
1466 972 1555 1004 scire
1567 998 1576 1012 ,
1605 983 1697 1016 quae
1715 982 1785 1002 vox
1803 981 1884 1003 cum
1902 981 1973 1015 qua
1992 974 2144 1013 cognata
2161 968 2227 1008 sit,
2254 972 2295 1000 ut

1282 1024 1320 1056 in
1344 1024 1570 1064 definiendo,
1605 1034 1698 1069 quae
1721 1021 1777 1055 cui
1804 1021 1970 1054 connecti
1994 1020 2127 1065 possit,
2162 1019 2295 1053 intelli-

1282 1088 1356 1120 gas.
1399 1076 1599 1120 Propterea
1630 1073 1889 1120 praedicabilia
1917 1072 2041 1106 vocari
2064 1071 2295 1112 crediderim,

1283 1129 1381 1173 quod
1407 1129 1581 1168 doceant,
1617 1139 1709 1173 quae
1738 1138 1843 1159 voces
1869 1138 1950 1159 cum
1970 1125 2101 1171 quibus
2119 1130 2294 1169 cognatae

1282 1180 1374 1220 sint,
1409 1178 1478 1213 hoc
1510 1186 1581 1220 est,
1617 1191 1709 1225 quae
1742 1179 1785 1211 de
1817 1177 1896 1211 aliis
1922 1177 2113 1211 commode
2137 1187 2294 1222 vereque

1283 1231 1354 1264 dici
1384 1232 1534 1276 possint.

1689 1298 1879 1343 Regula.

1388 1368 1635 1408 Individuum‚
1658 1368 1815 1412 Species,
1836 1366 2064 1408 Differentia,
2083 1366 2296 1412 Proprium,

1284 1422 1407 1456 Genus
1424 1434 1528 1455 voces
1547 1426 1720 1464 cognatae
1739 1425 1842 1459 sunt,
1869 1418 2146 1465 necessarioque
2166 1417 2297 1452 cohae-

1285 1480 1384 1514 rent,
1413 1480 1451 1507 ut
1476 1473 1568 1505 infra
1598 1471 1798 1518 doceb09),
1834 1477 1874 1505 ut
1892 1469 2068 1514 Virgilius
2095 1477 2146 1504 est
2170 1469 2297 1512 homo,

1284 1526 1405 1558 Homo
1432 1531 1484 1559 est
1506 1524 1747 1557 intellectuale
1768 1523 1916 1557 animal.
1971 1521 2092 1555 Homo
2109 1529 2227 1567 potest
2244 1524 2298 1556 lo-

1285 1577 1358 1624 qui.
1413 1576 1590 1610 Accidens
1617 1588 1692 1608 non
1716 1582 1767 1609 est
1794 1588 1874 1609 cum
1901 1572 1957 1608 his
1980 1581 2197 1619 cognatum,
2231 1587 2298 1608 nec

1285 1628 1456 1663 cohaeret
1473 1641 1554 1662 cum
1571 1628 1621 1662 eis
1638 1627 1841 1661 necessario
1853 1654 1862 1668 ‚
1887 1634 1928 1661 ut
1947 1625 2121 1671 Virgilius
2140 1633 2192 1662 est
2211 1639 2298 1672 poe-

1284 1688 1332 1716 ta.
1387 1679 1462 1714 Iam
1486 1678 1682 1714 cohaerere
1706 1679 1929 1725 impossibile
1948 1684 2001 1713 est
2018 1679 2178 1714 diversas
2195 1679 2298 1713 diffe-

1284 1733 1441 1775 rentias,
1484 1733 1570 1767 item
1603 1732 1763 1767 diversas
1793 1732 1948 1778 species,
1983 1739 2024 1767 ut
2049 1729 2239 1766 hominem
2263 1738 2299 1766 et

1285 1787 1451 1827 asinum,
1488 1785 1730 1819 intellectuale
1757 1791 1791 1818 et
1818 1785 1978 1819 brutum.
2038 1784 2220 1819 Retulerit
2243 1785 2300 1819 iu-

1285 1845 1472 1873 ventutem
1496 1838 1607 1872 variis
1632 1837 1803 1882 exemplis
1828 1837 1900 1870 iam
1923 1835 1994 1870 hoc
2016 1837 2097 1871 loco
2117 1836 2163 1885 ¹⁰)
2198 1849 2299 1871 exer-

1286 1904 1384 1932 cere,
1412 1897 1453 1925 ut
1470 1891 1591 1924 statim
1610 1889 1648 1923 in
1666 1889 1793 1936 quavis
1811 1901 1934 1923 caussa
1952 1889 2177 1935 intelligant,
2204 1901 2298 1937 quae

1285 1956 1341 1979 res
1360 1956 1440 1978 curn
1457 1942 1587 1990 quibus
1605 1941 1798 1976 convenire
1816 1941 1967 1987 possint.

1601 1993 1807 2029 Substantia

1286 2049 1473 2094 Corporea
2025 2044 2246 2092 Incorporea

1601 2098 1742 2144 Corpus

1284 2153 1498 2189 Animatum
2026 2149 2192 2184 Inanime

1601 2203 1743 2249 Corpus
1761 2203 1964 2237 animatum

1286 2258 1451 2293 Sentiens
2024 2255 2110 2291 Non
2129 2254 2287 2290 sentiens

1598 2308 1745 2342 Animal

1286 2362 1530 2397 Intellectuale
2026 2359 2183 2394 Brutum

1602 2413 1722 2447 Homo

1600 2518 1774 2564 Virgilius

1319 2648 1350 2676 9)
1370 2647 1472 2670 Annot.
1488 2653 1590 2678 marg:
1617 2649 1695 2678 Quae
1717 2653 1802 2671 voces
1826 2651 1887 2669 cum
1905 2644 2005 2675 quibus
2026 2643 2210 2673 conveniant,
2231 2641 2294 2665 vide

1355 2682 1430 2705 infra
1447 2682 1482 2705 de
1501 2683 1648 2707 axiomate.

1322 2725 1370 2751 10)
1389 2725 1443 2749 iam
1470 2726 1521 2749 hoc
1546 2726 1624 2755 loco]
1652 2726 1692 2749 sic
1717 2725 1766 2749 Ed.
1780 2723 1824 2754 2.;
1855 2723 1904 2747 Ed.
1922 2724 1943 2746 ¹.
1971 2722 1999 2745 iu
2019 2722 2071 2746 hoc
2089 2721 2168 2752 loco,
2199 2719 2251 2744 Ed.
2266 2718 2293 2744 3.

1354 2761 1406 2785 hoc
1424 2760 1453 2784 in
1471 2760 1534 2786 loco
