2421 3037
271 94 345 130 443

267 181 354 224 alias
380 179 505 214 babuit
526 179 785 224 appellationes
803 179 1036 219 vetustiores,
1063 177 1271 212 Car-iathar-

266 234 329 273 be,
359 234 393 266 id
412 239 480 273 est,
503 227 728 276 τετράπολις.
771 229 938 264 Vetustas
962 230 1057 263 enim
1081 231 1271 264 distribue·
1297 236 1299 241 '

267 286 326 318 bat
363 285 478 328 regias
511 282 671 315 civitates
703 282 738 313 in
768 288 924 327 quatuor
952 289 1084 327 partes.
1145 283 1269 316 Prima

266 343 342 370 erat
359 335 479 373 Curia,
507 346 568 367 seu
585 333 789 377 principum
808 333 960 368 Senatus
979 341 1013 367 et
1029 335 1270 375 sacerdotum,

265 388 417 422 secunda
438 386 606 423 militum,
636 385 741 417 tertia
760 385 1014 428 agricolarum,
1045 393 1172 432 quarta
1194 387 1271 431 opi-

265 442 382 473 ticum.
442 436 494 470 Ibi
525 437 626 470 vallis
652 437 719 469 fuit
746 436 908 478 Mamre,
945 438 994 471 sic
1018 445 1224 482 nuncupata
1250 452 1268 470 a

265 491 342 523 viro
362 491 561 528 Amorreo,
590 495 629 521 ut
646 488 737 522 Gen.
759 487 816 522 14.
839 487 909 537 [vs.
929 487 1008 537 13]
1035 490 1178 530 dicitur,
1208 490 1270 535 qui

264 543 389 576 :foedus
425 542 557 575 fecerat
592 553 671 573 cum
702 538 900 575 Abrabam.
964 541 1017 575 lbi
1047 542 1197 575 veniunt
1225 542 1270 574 ad

263 592 448 629 Abraham
474 600 544 626 tres
569 590 729 637 hospites
750 592 903 626 deleturi
921 592 1092 627 Sodoma.
1148 592 1199 626 Ibi
1218 606 1269 627 se-

265 647 364 692 peliit
380 643 566 680 Abraham
585 657 735 678 uxorem
757 657 872 686 suam,
898 645 989 680 Gen.
1006 646 1068 681 23.
1103 645 1150 678 Et
1169 645 1271 678 aiunt

263 699 394 732 dictam
414 710 488 731 esse
507 695 756 737 Cariatharbe,
785 696 821 729 id
840 703 903 737 est,
930 696 1162 744 τεῒράπολιν,
1185 697 1268 743 quia

264 750 311 784 ibi
333 750 463 794 sepulti
481 755 565 783 sunt
583 755 740 794 quatuor
756 755 889 792 patres,
918 749 1048 790 Adam,
1070 747 1269 790 Abraham,

262 802 382 842 Isaac,
409 801 536 842 Iacob,
565 801 695 835 Genes.
713 799 775 836 25.
794 799 854 835 35.
873 800 934 835 49.

365 863 540 903 SoDOMA,
558 862 765 902 GOMORRA,
782 862 936 904 ADAMA,
953 862 1109 903 Samos,
1127 862 1269 903 SEGOR,

262 915 422 962 quinque
446 914 585 947 vicinae
611 914 717 947 urbes
741 915 887 947 fuerunt
912 914 949 947 in
973 915 1065 947 valle
1090 915 1269 960 sylvestri,

262 968 318 1001 vel
350 966 576 1006 Salinarum,
618 977 710 1011 quae
741 972 892 1010 propter
926 966 1207 1000 foecunditatem
1235 974 1269 1000 et

262 1019 520 1052 amoenitatem
554 1017 730 1051 Paradiso
762 1017 831 1050 Dei
860 1019 1064 1059 confertur,
1099 1018 1190 1053 Gen.
1210 1019 1267 1053 13.

261 1070 301 1104 In
332 1069 398 1103 hac
428 1069 532 1104 multi
560 1070 707 1103 fuerunt
732 1070 833 1114 putei
856 1070 1064 1111 bituminis,
1098 1071 1188 1105 Gen.
1209 1071 1268 1105 13.

262 1122 302 1156 In
319 1135 361 1156 eo
380 1123 458 1155 loco
477 1123 548 1154 iam
568 1128 620 1155 est
639 1134 737 1154 mare
754 1122 887 1169 salsum
905 1123 960 1156 vel
979 1129 1161 1157 mortuum
1175 1150 1184 1164 ‚
1213 1124 1269 1156 vel

263 1176 358 1208 lacus
380 1170 629 1220 ἀσφαλτίτης,
660 1173 775 1208 dictus
800 1174 844 1206 ab
861 1173 1072 1221 ἄσφαλτος,
1102 1175 1199 1221 quod
1216 1175 1269 1209 bi—

262 1234 386 1260 tumen
410 1226 605 1269 significat,
641 1232 675 1257 et
699 1238 833 1258 nomen
862 1232 913 1260 est
940 1227 996 1259 vel
1021 1240 1038 1259 a
1063 1227 1268 1268 tenacitate,

262 1279 318 1311 vel
335 1291 357 1312 α
376 1284 410 1310 et
427 1276 599 1324 σφάλλω,
630 1277 686 1310 vel
705 1278 747 1310 ab
764 1277 914 1312 Ebraeis
932 1279 1134 1319 vocabulis,
1161 1277 1268 1320 Esch,

260 1330 367 1370 Pale,
391 1329 426 1362 id
453 1335 523 1368 est,
553 1328 644 1373 ignis
669 1330 876 1370 mirandus,
904 1331 959 1363 vel
986 1330 1077 1375 ignis
1098 1332 1268 1366 occultus.

261 1383 419 1416 Sodoma
445 1393 581 1414 nomen
599 1381 742 1414 videtur
760 1394 833 1415 esse
854 1394 872 1414 a
894 1382 1040 1426 regione
1058 1383 1267 1427 campestri;

261 1435 444 1468 Gomorra
481 1445 499 1465 a
537 1433 726 1477 manipulo
761 1446 822 1467 seu
856 1434 1026 1468 fasciculo
1069 1435 1268 1479 spicarum;

262 1487 400 1519 Adama
433 1492 528 1518 terra
560 1486 658 1523 rufa3
705 1485 854 1518 Zeboim
879 1498 1031 1520 amoena
1059 1487 1115 1520 vel
1137 1488 1268 1520 decora

262 1538 380 1583 regim
411 1537 504 1570 Zeor
522 1537 576 1569 vel
592 1534 735 1581 Sopbar
753 1538 916 1581 parvula.

367 1598 521 1637 SALEM,
557 1609 650 1642 quae
676 1597 744 1630 fuit
765 1597 991 1632 domicilium
1011 1596 1268 1632 Melchisedek.

262 1649 405 1684 Dicitur
428 1662 445 1681 a
470 1647 622 1694 Iosepbo
642 1662 716 1683 esse
738 1650 932 1694 oppidum,
962 1652 1059 1696 quod
1080 1657 1201 1695 postea
1218 1649 1269 1684 Ie-

262 1702 417 1736 rusalem
440 1701 669 1734 nominatum
693 1707 762 1741 est,
790 1714 855 1734 nec
877 1703 959 1735 volo
985 1702 1169 1736 adversari
1186 1701 1268 1736 buic

262 1753 446 1788 communi
474 1753 638 1797 opinioni
665 1753 875 1787 multorum.
931 1754 999 1787 Sed
1023 1754 1089 1787 fuit
1113 1754 1180 1787 alia
1206 1755 1269 1788 Sa-

262 1808 352 1846 lem,
389 1818 480 1851 quae
508 1812 539 1838 et
566 1803 706 1838 Sicbem
732 1806 920 1838 nominata
947 1813 1017 1846 est,
1055 1812 1093 1839 ut
1118 1813 1269 1839 testatur

263 1860 380 1903 Caput
394 1858 455 1892 32.
478 1857 513 1889 in
533 1857 684 1897 Genesi,
713 1858 803 1891 sicut
819 1857 918 1902 prius
936 1858 1069 1891 dictum
1091 1865 1152 1892 est.
1207 1858 1269 1890 Vi-

263 1912 324 1944 des
358 1909 467 1952 igitur
501 1910 538 1942 in
574 1909 701 1943 vicinis
737 1909 824 1943 locis
861 1908 1040 1944 habitasse
1070 1908 1269 1951 Abraham,

262 1960 379 2001 Loth,
415 1960 677 2002 Melchisedek,
715 1961 776 2006 qui
805 1962 872 1994 fuit
901 1961 982 1995 Sem
1010 1962 1102 1996 fitius
1128 1960 1268 1997 Nobae.

262 2014 311 2048 Et
332 2012 537 2047 habuerunt
558 2020 679 2047 coetus
699 2013 874 2047 discentes
891 2020 923 2046 et
942 2027 1020 2047 cum
1041 2014 1126 2058 ipsis
1143 2027 1268 2048 verum

264 2067 380 2099 Deum
409 2066 629 2099 invocantes.
683 2063 758 2097 Iam
787 2065 924 2109 cogita,
959 2073 1136 2111 quantum
1163 2067 1269 2100 decus

263 2118 371 2152 suerit
403 2118 472 2150 tale
507 2117 718 2161 collegium,
755 2117 791 2150 in
822 2130 892 2163 quo
919 2117 1001 2164 Sem
1027 2124 1061 2151 et
1084 2116 1268 2151 Abrabam

264 2171 520 2215 praefuerunt,
548 2170 609 2215 qui
634 2176 737 2202 erant
754 2176 859 2203 testes
878 2170 1160 2214 patefactionum
1180 2171 1271 2204 divi-

264 2234 393 2255 narum
407 2249 415 2262 ,
443 2222 591 2255 summis
613 2221 732 2254 ornati
751 2221 855 2255 (lonis
874 2234 890 2254 a
912 2221 1000 2255 Deo.
1055 2222 1130 2256 Etsi
1150 2229 1268 2255 autem

265 2274 334 2307 fuit
358 2274 549 2307 mediocris
568 2272 748 2307 Ecclesiae
775 2274 976 2319 frequentia
990 2301 998 2314 ,
1025 2280 1147 2307 tamen
1165 2275 1272 2308 simul

266 2327 304 2359 in
321 2326 379 2357 illa
400 2326 545 2369 regione
563 2325 800 2369 pessimorum
822 2323 1011 2359 hominum
1032 2339 1160 2370 magna
1181 2327 1272 2360 mul-

266 2378 383 2411 titudo
402 2377 487 2417 suit,
513 2383 725 2418 contumax,
755 2384 788 2410 et
808 2377 952 2411 inimica
973 2376 1027 2411 his
1050 2379 1272 2419 doctoribus,

266 2436 299 2463 et
320 2441 444 2462 eorum
465 2429 594 2462 coetui.

374 2490 529 2529 GERAR‚
558 2489 674 2522 Gerar
699 2496 748 2523 est
766 2490 1028 2534 peregi-matio,
1057 2492 1138 2538 quia
1158 2492 1272 2525 Abra-

267 2540 350 2575 ham
385 2542 564 2586 profectus
597 2542 640 2574 ab
667 2541 836 2582 Hebron,
877 2542 1127 2587 peregrinatus
1161 2544 1273 2577 estin

268 2594 405 2628 Gerara
418 2593 459 2638 ¹),
484 2599 517 2626 et
533 2600 695 2638 surrepta
715 2600 765 2627 est
780 2594 830 2626 illi
848 2593 935 2627 Sara
955 2595 1112 2628 coniunx
1129 2596 1171 2629 ab
1187 2597 1273 2630 Abi-

307 2736 334 2766 1)
355 2738 477 2768 Geram]
497 2738 546 2763 Ed.
568 2739 644 2762 1580.
664 2739 749 2763 male:
776 2739 902 2763 Gen-arae

662 92 785 127 PHIL.
814 93 928 127 MEL.
956 92 1160 126 SCRIPTA
1190 92 1447 126 HISTORICA
1481 93 1545 127 ET
1575 94 1935 131 GEOGRAPHICA.

2253 100 2329 136 444

1326 177 1476 220 melech,
1502 192 1583 224 rege
1600 182 1812 228 Gerarae2),
1842 183 1941 216 cuius
1960 182 2144 216 libidinem
2164 184 2260 218 Deus
2280 185 2328 218 ita

1326 231 1486 275 punivit,
1520 239 1559 265 ut
1592 233 1803 266 inviolatam
1830 232 1998 267 Abrabae
2030 235 2216 279 coniugem
2249 238 2329 269 red⁴

1325 285 1409 316 (lere
1436 290 1633 327 cogeretur.
1675 286 1804 319 Genes.
1821 287 1882 321 20.
1939 287 2014 319 Hoc
2040 287 2119 319 loco
2145 294 2249 321 natus
2278 295 2329 321 est

1325 334 1434 375 Isaac,
1462 336 1590 369 Genes.
1606 336 1680 377 21„
1705 337 1760 370 cui
1780 338 1886 370 etiam
1906 335 1963 370 hic
1983 338 2208 382 promittitur
2227 337 2329 372 Chri-

1325 393 1410 426 stus,
1441 394 1630 433 postquam
1649 400 1666 420 a
1687 395 1794 432 puteo
1812 390 1909 433 Agar
1926 396 2074 434 propter
2092 391 2222 423 samem
2243 392 2285 423 ad
2297 391 2328 434 3)

1325 437 1545 479 Abimelech,
1572 452 1690 483 regem
1712 440 1884 481 Gerar-ie,
1913 443 2135 486 confugerat,
2164 442 2330 477 Gen.26.

1428 499 1676 540 BEERSAREE,
1704 507 1830 545 puteus
1848 501 2041 535 iuramenti
2060 515 2121 536 seu
2140 503 2330 535 confirma-

1325 549 1455 590 tionis,
1493 552 1577 597 quia
1603 552 1698 585 iuxta
1730 550 1824 586 hunc
1851 554 1975 587 foedus
2001 554 2082 587 iniit
2106 552 2329 593 Abimelecli,

1325 614 1387 635 rex
1422 603 1557 643 Gerar,
1605 604 1762 648 primum
1807 605 1951 650 quidem
1992 618 2070 639 cum
2104 604 2329 645 Abrahamo,

1325 654 1453 689 Genes.
1471 657 1553 695 2l.,
1580 656 1708 689 deinde
1731 663 1851 690 autem
1871 669 1950 690 cum
1970 655 2090 698 Isaac,
2118 658 2249 692 Genes.
2267 657 2328 692 26.

1324 705 1515 739 Praeterea
1542 705 1648 741 Iacob
1672 709 1899 753 profecturus
1925 709 1961 741 in
1988 709 2213 754 Aegyptum,
2247 722 2327 742 cum

1325 758 1369 790 ad
1394 756 1489 792 huuc
1513 759 1648 792 fontem
1676 761 1848 800 venisset,
1886 761 2008 793 divina
2034 774 2120 794 voce
2139 762 2329 794 confirma-

1325 815 1379 843 tus
1396 817 1460 850 est,
1489 817 1522 843 et
1540 809 1667 851 iussus,
1694 818 1733 845 ut
1750 813 1970 845 confidenter
1987 819 2044 845 eat
2060 813 2096 845 in
2112 814 2328 859 Aegyptum,

1324 869 1465 907 accepta
1489 863 1750 907 promissione,
1779 866 1875 910 quod
1904 877 1945 897 ex
1963 864 2098 898 semine
2117 865 2227 910 ipsius
2246 877 2328 909 pro-

1325 914 1464 947 diturus
1487 921 1575 948 esset
1594 914 1675 948 Dux
1695 917 1854 959 gentium
1869 943 1877 956 ,
1913 923 1947 949 et
1966 916 2190 962 Redemptor
2208 915 2328 955 Israel,

1325 965 1415 999 Gen.
1441 965 1502 1000 46.
1561 966 1703 1000 Dicitur
1736 969 1842 1001 etiam
1878 968 1958 1001 sons
1990 969 2207 1009 saturitatis,
2242 980 2326 1001 nam

1324 1017 1441 1062 Agar,
1466 1018 1592 1051 ancilla
1611 1017 1799 1060 Abrahae,
1828 1033 1906 1053 cum
1927 1032 1945 1052 a
1966 1019 2052 1053 Sara
2073 1033 2152 1053 cum
2171 1021 2244 1053 filio
2263 1033 2327 1054 suo

1324 1068 1451 1103 Ismael
1475 1077 1564 1104 esset
1582 1071 1712 1112 eiecta,
1743 1072 1779 1104 in
1798 1070 1865 1105 boc
1883 1073 2028 1105 errabat
2044 1073 2122 1105 loco
2135 1100 2144 1113 ,
2171 1072 2228 1106 siti
2248 1085 2328 1105 cum

1324 1122 1396 1155 filio
1423 1135 1487 1155 suo
1508 1123 1654 1156 iamiam
1677 1124 1855 1168 peritura;
1891 1125 1952 1158 sed
1970 1124 2129 1168 Angelus
2147 1123 2214 1157 Dei
2234 1121 2328 1157 bunc

1324 1174 1375 1206 illi
1392 1175 1549 1207 ostendit
1566 1182 1728 1219 puteum,
1755 1177 1851 1209 unde
1870 1189 1948 1210 cum
1969 1177 2069 1220 prole
2087 1189 2148 1210 sua
2168 1182 2329 1210 saturata

1324 1232 1394 1266 est,
1425 1227 1514 1260 Gen.
1531 1227 1593 1261 21.
1647 1227 1731 1261 Non
1757 1228 1898 1262 diversa
1924 1234 1973 1261 est
1990 1227 2209 1268 Beersabee,
2237 1227 2327 1261 Gen.

1323 1280 1384 1314 22.
1413 1278 1447 1312 3.
1464 1278 1552 1322 Reg.
1577 1279 1634 1313 13.

1427 1339 1689 1379 MACHANAIM,
1719 1339 1847 1373 Genes.
1866 1340 1927 1375 23.
1946 1339 2089 1379 dicitur,
2118 1339 2242 1373 Castra
2261 1338 2330 1372 Dei

1324 1396 1408 1424 sunt
1439 1388 1547 1430 haec,
1583 1397 1623 1423 ut
1655 1389 1761 1424 Iacob
1794 1391 1869 1435 ipse
1894 1390 1988 1424 bunc
2012 1391 2130 1424 locum
2160 1391 2329 1435 appellat.

1324 1442 1417 1476 Nam
1452 1442 1647 1475 revertenti
1680 1443 1747 1486 ipsi
1778 1456 1819 1475 ex
1846 1442 2110 1487 Mesopotamia
2141 1455 2160 1475 a
2188 1442 2329 1484 Gilead‚

1325 1494 1469 1526 obviam
1489 1495 1578 1527 fiunt
1599 1495 1715 1538 angeli
1735 1494 1814 1528 Dei.
1847 1494 1962 1527 Vocat
1982 1501 2099 1527 autem
2118 1501 2230 1528 castra
2249 1494 2330 1536 Dei,

1324 1545 1361 1578 id
1385 1552 1453 1585 est,
1482 1546 1660 1590 praesidia
1686 1546 1766 1580 Dei.
1822 1546 1895 1579 Hac
1921 1546 2016 1578 enim
2042 1546 2180 1579 visione
2208 1559 2330 1580 corro-

1323 1597 1468 1630 boravit
1500 1597 1598 1631 Deus
1632 1598 1794 1631 animum
1826 1597 1949 1638 Iacob,
1989 1604 2028 1631 ut
2058 1597 2182 1631 audito
2208 1599 2329 1632 fratris

1324 1647 1447 1683 hostili
1472 1662 1643 1689 occursu,
1677 1661 1752 1682 non
1772 1650 1955 1694 desperet,
1984 1650 2044 1683 sed
2060 1649 2177 1683 Deum
2195 1650 2330 1695 praesi-

1325 1701 1384 1734 dio
1402 1701 1469 1735 sibi
1486 1702 1647 1735 futurum
1667 1702 1818 1735 firmiter
1836 1703 1969 1735 credat.

1428 1760 1561 1803 IABOC,
1595 1761 1756 1797 Fluvius.
1811 1761 1936 1802 Iaboc,
1973 1762 2008 1794 id
2035 1768 2106 1802 est,
2142 1762 2327 1796 evacuatio

1325 1820 1387 1847 aut
1414 1814 1600 1858 dissipatio
1627 1815 1682 1847 vel
1710 1815 1816 1848 lucta.
1871 1814 2053 1848 Historiae
2081 1811 2251 1847 hocloco
2271 1827 2329 1857 ge-

1325 1872 1399 1900 stae
1422 1866 1581 1899 nominis
1606 1866 1699 1899 ratio
1719 1866 1898 1899 convenit.
1953 1866 2044 1900 Nam
2065 1865 2100 1897 in
2119 1878 2160 1898 eo
2179 1866 2258 1899 loco
2278 1867 2330 1899 lu—

1324 1915 1440 1952 ctatus
1456 1924 1507 1951 est
1521 1916 1627 1950 Iacob
1645 1931 1724 1951 cum
1742 1918 1901 1961 Augelo,
1930 1919 2024 1951 unde
2041 1929 2174 1950 nomen
2194 1918 2332 1962 accepit

1325 1969 1454 2009 Israel,
1487 1969 1523 2002 id
1549 1976 1619 2009 est,
1648 1970 1859 2014 praevalens
1881 1969 1954 2003 sive
1974 1969 2139 2014 princeps
2156 1969 2243 2010 Dei,
2271 1982 2330 2003 cu-

1327 2023 1380 2056 ius
1399 2023 1485 2055 fides
1500 2028 1639 2054 tantum
1659 2019 1828 2067 habeat4)
1847 2022 1977 2062 robur,
2007 2029 2046 2055 ut
2062 2022 2169 2055 nullis
2187 2021 2331 2066 pericu-

1326 2075 1368 2108 lis
1388 2081 1422 2107 et
1440 2073 1700 2107 tentationibus
1717 2074 1937 2108 succumbat.
1993 2073 2062 2107 Sed
2080 2074 2194 2106 luctae
2210 2074 2330 2106 locum

1327 2127 1471 2160 vocavit
1494 2124 1599 2158 Iacob
1626 2126 1733 2158 etiam
1753 2125 1885 2166 Pnuel,
1914 2125 1948 2158 id
1970 2133 2041 2166 est,
2068 2125 2193 2159 videns
2211 2125 2330 2159 Deum

1327 2179 1383 2212 vel
1402 2178 1508 2212 facies
1523 2177 1612 2218 Dei,
1640 2190 1725 2210 nam
1753 2190 1836 2210 vera
1863 2178 1932 2211 fide
1948 2177 2269 2222 cognovitDeum,
2297 2183 2331 2211 et

1328 2237 1518 2276 propterea
1538 2230 1674 2263 salvata
1695 2236 1746 2263 est
1765 2230 1886 2262 anima
1908 2230 2039 2274 ipsius,
2070 2230 2160 2263 Gen.
2177 2232 2240 2265 22.

1431 2290 1637 2330 EPHRATA,
1671 2303 1762 2336 quae
1790 2297 1823 2323 et
1845 2288 2078 2324 Betblachem
2105 2303 2166 2324 seu
2186 2288 2332 2323 Bethle-

1329 2342 1431 2383 hem,
1465 2349 1505 2376 ut
1530 2343 1643 2376 nostri
1669 2343 1750 2375 libri
1774 2340 1919 2376 habeut.
1976 2341 2136 2387 Ephrata
2156 2342 2332 2385 significat

1328 2396 1550 2434 ubertatem,
1591 2401 1723 2427 terram
1764 2395 1972 2439 frugiferam
2011 2401 2045 2428 et
2081 2394 2330 2439 pullulantem.

1329 2447 1368 2480 In
1391 2447 1556 2481 universa
1584 2447 1678 2479 enim
1711 2454 1873 2480 creatura
1901 2445 1991 2480 nibil
2016 2446 2082 2479 suit
2108 2446 2331 2486 foecundius,

1330 2512 1437 2547 quam
1463 2505 1557 2532 terra
1577 2496 1805 2543 Ephrataea,
1833 2499 1867 2532 id
1891 2505 1961 2539 est,
1988 2496 2244 2540 Betlilacbem,
2270 2496 2332 2532 ubi

1363 2650 1393 2682 2)
1414 2651 1571 2681 Gorarae‚]
1593 2651 1640 2674 Ed.
1663 2651 1736 2674 ¹5&st
1757 2651 1842 2674 mate:
1870 2652 1987 2674 Gen-ara.

1364 2694 1394 2727 3)
1415 2695 1465 2723 ad]
1487 2695 1534 2720 Ed.
1558 2695 1633 2720 1580.
1653 2697 1710 2726 typ.
1730 2701 1842 2718 errore:
1871 2695 1905 2717 ab

1364 2737 1394 2769 4)
1415 2739 1526 2768 habeat]
1547 2739 1588 2762 sic
1607 2739 1689 2763 Mitt.
1709 2738 1795 2763 1572..
1817 2738 1904 2766 1581..
1926 2738 2019 2768 ¹6²4.;
2047 2738 2096 2762 Ed.
2119 2737 2193 2762 1580.
2211 2736 2330 2761 habebat
