2421 3037
273 124 349 160 463
898 114 1021 150 PHIL.
1051 114 1166 149 MEL.
1195 111 1401 148 SCRIPTA
1428 110 1699 147 HISTORICA.
2259 113 2337 149 464

271 219 311 246 ut
341 222 425 255 pace
459 214 558 253 parta
587 205 719 238 bellum
750 203 982 236 transferrem
1013 203 1050 235 in
1078 201 1274 235 Turcicum
1331 200 1428 245 quod
1457 211 1513 233 res
1549 206 1666 243 gestae
1691 200 1884 245 praecipue
1914 206 2109 239 testantur,
2144 200 2337 234 Graeciam

271 275 434 308 regnum.
490 259 589 290 Hanc
613 257 658 288 ob
686 267 830 289 causam
857 254 1100 288 victormulta
1119 253 1277 287 concessi
1330 264 1404 284 11011
1447 257 1575 295 sponte
1612 258 1673 285 aut
1708 253 1783 286 sine
1821 252 2016 285 certamine
2054 252 2229 296 accepisse
2267 250 2336 286 hoc

272 316 334 356 iis,
364 325 454 359 quos
479 309 589 343 armis
613 307 759 347 domui,
787 314 825 340 ut
847 320 924 340 mea
950 306 1200 340 moderatione
1217 318 1277 339 eos
1332 304 1467 347 iugum.

273 369 316 400 ad
336 376 458 410 pacem
480 361 686 394 invitm-em,
1436 354 1495 387 llla
1524 367 1610 387 vero
1640 355 1772 389 multos
1800 368 1914 388 annos
1940 354 2134 388 fortissime
2163 354 2338 389 dimicans

377 416 472 448 Haec
496 413 678 458 praefatus
703 423 780 445 511111
808 410 996 456 aliquanto
1015 409 1212 455 prolixius,
1240 415 1279 441 ut
1332 408 1478 440 tandem
1506 406 1682 447 concidit,
1709 419 1783 439 non
1808 407 1940 439 virtute
1956 412 2146 451 superata,
2174 407 2235 439 sed
2254 406 2338 452 quia

273 481 364 516 quae
383 480 459 500 mea
480 466 647 498 voluntas
667 464 703 496 in
720 460 776 496 his
791 463 911 502 bellis,
941 475 1032 508 quae
1051 462 1139 506 gessi
1160 459 1278 494 1111818-
1332 460 1405 493 50111
1431 465 1567 492 tantam
1597 456 1754 492 hostium
1781 458 2069 499 multitudinem,
2106 464 2140 490 et
2165 464 2237 491 tam
2260 457 2341 491 lon-

272 534 359 561 nus,
395 518 523 558 fuerit,
558 517 664 561 plane
691 527 817 549 omnes
842 515 1066 558 intelligant,
1101 526 1139 545 118
1165 512 1280 546 sciant
1333 524 1415 555 gum
1436 511 1569 544 bellum
1589 510 1764 544 sustinere
1782 522 1857 543 non
1877 517 2030 554 poterat.
2072 510 2192 543 Audio
2214 509 2340 543 etiam-

272 585 389 618 neque
418 577 522 603 antea
538 581 595 602 me
613 567 800 601 iracundia
814 594 822 607 ,
851 573 913 600 aut
932 567 1061 600 iniusta
1085 565 1279 609 cupiditate
1333 576 1419 597 num
1447 569 1584 596 tantam
1610 575 1683 596 esse
1702 563 1773 595 vim
1792 562 2042 606 ingeniorum,
2069 568 2208 595 tantam
2227 561 2341 595 virtu-

273 636 433 670 unquam
473 634 573 655 arma
611 620 800 660 sumsisse,
840 631 957 665 neque
986 617 1054 651 1108
1083 616 1279 650 Turcicum
1334 622 1404 648 tem
1422 615 1582 648 Graecae
1607 615 1784 655 nationis,
1813 621 1943 647 utnon
1961 614 2028 646 alia
2050 626 2134 657 gens
2154 619 2340 658 praestan-

272 678 406 711 bellum
437 674 508 708 alio
533 672 684 707 consilio
703 683 856 716 parare,
886 683 992 717 quam
1019 670 1281 715 quianecessa-
1334 667 1444 700 tiores
1480 668 1586 700 duces
1615 667 1744 701 'furcis
1780 666 2003 711 suppeditet,
2043 677 2151 711 quam
2188 665 2341 704 Graeca,

274 730 367 763 rium
389 734 423 761 et
442 727 540 771 pium
561 737 635 759 esse
654 724 785 758 iudico.
840 723 920 768 Qua
946 724 989 755 de
1015 734 1052 755 re
1078 721 1142 755 ubi
1166 731 1278 765 pauca
1335 719 1396 764 qui
1412 746 1421 759 ,
1450 724 1489 752 ut
1514 718 1641 759 audio,
1671 731 1880 764 quanquam
1908 718 2036 751 ritibus
2060 717 2189 750 imbuti
2213 715 2342 750 Turci-

275 781 469 819 addidero,
519 783 643 823 postea
681 776 859 822 reliquam
901 773 1198 808 deliberationem
1238 773 1281 804 de
1335 771 1404 810 cis,
1432 777 1554 803 tamen
1577 783 1756 805 memores
1774 777 1919 804 nostrae
1938 769 2125 803 nobiscum
2150 768 2343 802 necessitu-

275 833 410 878 copiis,
444 832 488 864 de
518 828 797 867 commeatibus,
834 828 950 873 deque
976 827 1086 859 modo
1112 825 1195 858 belli
1224 836 1281 868 ge-
1335 823 1450 863 dinis,
1486 821 1589 855 inviti
1626 823 1717 855 bella
1754 829 1883 867 gerunt
1910 822 1946 855 in
1974 821 2107 855 nostris
2134 819 2344 865 provinciis.

275 885 380 920 rendi
415 889 612 928 pertexam.
676 880 801 926 Quae,
838 879 938 912 domi
966 891 1052 923 pace
1075 877 1283 916 constituta,
1336 875 1439 908 Hanc
1470 880 1563 907 certe
1590 875 1798 914 nationem,
1833 886 1924 919 quae
1951 873 2209 918 pulcerrimum
2236 883 2344 905 orna-

277 950 352 971 non
376 942 494 981 potest
519 933 673 968 difficilis
697 931 814 965 videri
838 931 959 971 vobis,
993 930 1054 976 qui
1077 929 1184 975 periti
1201 928 1283 962 estis
1338 933 1498 960 mentum
1526 924 1721 960 Christiani
1754 926 1934 965 nominis,
1970 937 2135 971 quaeque
2163 937 2243 958 cum
2268 935 2344 956 ma—

275 990 328 1024 rei
353 987 542 1025 militaris,
570 992 604 1019 et
630 984 760 1030 quibus
776 983 974 1017 Germania
998 982 1083 1016 satis
1106 987 1193 1014 nota
1211 987 1283 1018 est;
1337 979 1475 1012 ioribus
1508 978 1640 1012 nostris
1669 978 1864 1022 sanguine,
1901 977 2126 1016 foederibus,
2160 982 2196 1009 et
2222 975 2345 1009 multis

276 1042 432 1087 denique
458 1039 521 1085 qui
542 1050 665 1077 arma,
701 1043 734 1069 et
756 1048 862 1080 opes,
891 1042 925 1068 et
949 1033 1040 1068 hanc
1066 1033 1211 1078 imperii
1232 1032 1285 1065 di·
1339 1031 1464 1065 officiis
1501 1031 1692 1064 coniuncta
1723 1030 1811 1070 suit,
1850 1042 1930 1063 cum
1962 1030 2007 1062 ob
2036 1035 2194 1062 caeteras
2221 1038 2346 1062 causas

277 1094 450 1139 gnitatem
469 1097 593 1124 tenere
609 1101 675 1122 nos
692 1088 801 1128 scitis,
830 1094 869 1122 01
884 1087 994 1120 vitam
1015 1093 1049 1120 et
1069 1098 1194 1119 omnes
1212 1086 1284 1118 for·
1340 1083 1503 1128 oportuit
1518 1095 1585 1116 nos
1603 1082 1640 1115 in
1659 1083 1863 1115 libertatem
1880 1081 2077 1121 vindicare,
2102 1087 2178 1114 tum
2197 1081 2244 1113 ob
2256 1077 2345 1113 haec

276 1152 382 1180 tunas
398 1149 540 1177 nostras
558 1143 603 1175 ad
621 1140 864 1174 defensionem
885 1146 918 1173 et
935 1139 1115 1184 publicam
1133 1137 1284 1172 salutem
1339 1135 1490 1175 merita,
1527 1135 1625 1180 quod
1663 1134 1804 1180 aliquot
1839 1133 1989 1167 saeculis
2017 1133 2214 1166 immanem
2244 1131 2344 1164 illam

279 1198 376 1232 orbis
393 1203 572 1230 terrarum
595 1194 835 1226 conferamus.
1338 1188 1545 1222 barbariem
1573 1186 1768 1220 fortissime
1792 1185 1982 1230 repressit,
2015 1191 2051 1218 et
2076 1197 2094 1217 a
2119 1183 2252 1217 nostris
2272 1194 2346 1216 cer-

382 1248 456 1283 Nec
475 1259 560 1280 vero
577 1257 785 1292 quenquam
806 1257 823 1278 e
842 1243 944 1277 vobis
962 1242 1107 1289 quidem
1129 1241 1287 1274 arbitror
1340 1240 1477 1273 vicibus
1495 1239 1644 1283 depulit.
1682 1237 1831 1272 Nullum
1849 1237 1945 1270 enim
1964 1236 2091 1270 iustius
2108 1241 2160 1269 est
2176 1235 2348 1274 officium,

279 1314 376 1341 esse,
410 1299 473 1346 qui
497 1298 692 1332 Turcicum
725 1297 858 1330 bellum
889 1308 1019 1340 parum
1045 1292 1286 1327 necessarium
1341 1304 1449 1339 quam
1467 1290 1725 1330 servatoribus,
1747 1289 1950 1323 calamitate
1970 1288 2091 1334 aliqua
2110 1287 2245 1327 fractis,
2266 1297 2349 1319 rur-

279 1352 470 1392 existimet,
498 1357 559 1384 aut
576 1349 747 1395 postulet,
770 1355 810 1382 ut
828 1348 887 1381 alii
907 1348 1027 1392 potius
1043 1346 1172 1391 Reges,
1196 1344 1287 1378 aliae
1341 1358 1399 1379 sus
1418 1356 1523 1389 opem
1542 1344 1655 1383 ferre,
1684 1349 1718 1375 et
1735 1354 1858 1386 parem
1883 1341 2036 1386 gratiam
2057 1340 2205 1373 referre.

278 1405 446 1440 nationes
469 1403 536 1437 sibi
562 1400 627 1436 has
653 1407 773 1446 partes
795 1406 953 1435 sumant.
1020 1398 1113 1433 Nam
1145 1395 1288 1431 etiamsi
1446 1396 1515 1430 Sed
1548 1407 1620 1441 quo
1655 1406 1713 1428 me
1740 1393 1892 1435 (101012)
1917 1391 2089 1426 abducit?
2152 1391 2271 1424 Tanta
2297 1395 2350 1423 est

280 1458 422 1492 'Turcae
440 1457 513 1490 suis
529 1455 660 1488 finibus
678 1453 749 1486 iam
773 1452 953 1494 contenti,
988 1463 1063 1484 non
1084 1450 1289 1495 proferrent
1343 1448 1438 1482 enim
1466 1460 1540 1481 non
1564 1447 1680 1481 solum
1707 1445 1884 1490 regnandi
1909 1444 2106 1489 cupiditas,
2140 1443 2200 1476 sed
2232 1442 2349 1475 multo

282 1522 382 1544 arma
403 1508 567 1552 longius,
595 1518 661 1539 nec
676 1505 781 1539 nobis
799 1504 998 1550 periculum
1018 1502 1289 1540 denuntiarent,
1342 1500 1457 1544 magis
1482 1498 1634 1533 humani
1661 1497 1846 1543 sanguinis
1870 1497 1965 1537 sitis,
2000 1501 2120 1529 tantus
2135 1494 2168 1541 3)
2190 1495 2294 1528 furor
2311 1493 2350 1526 in

282 1575 348 1596 nos
373 1560 540 1607 quidem,
569 1559 699 1604 quibus
720 1556 818 1592 Deus
842 1557 1035 1601 praecipue
1059 1553 1290 1588 commenda·
1343 1552 1493 1592 Turcis,
1521 1557 1562 1585 ut
1584 1562 1658 1583 non
1683 1549 1898 1595 reliquerint
1921 1547 2026 1582 nobis
2049 1546 2350 1580 deliberationem

282 1614 335 1647 vit
359 1612 456 1647 orbis
476 1609 673 1645 Christiani
694 1609 961 1648 defensionem,
995 1607 1129 1640 bellum
1157 1606 1290 1638 inferre
1344 1605 1387 1638 de
1416 1604 1605 1636 inferendo
1631 1602 1726 1635 bello
1752 1602 1924 1641 liberam,
1958 1600 2020 1634 sed
2040 1600 2083 1633 de
2102 1598 2350 1644 propulsando

283 1667 354 1700 illis
374 1664 585 1710 oportebat,
613 1669 653 1696 ut
671 1661 861 1696 Graeciam
881 1667 916 1694 et
933 1659 1069 1693 vicinas
1086 1657 1292 1703 provincias
1344 1656 1459 1696 bello,
1485 1656 1528 1689 de
1546 1654 1753 1688 defensione
1771 1652 1956 1698 religionis
1973 1650 2212 1692 Christianae,
2241 1662 2350 1696 quam

284 1717 422 1753 crudeli
438 1715 610 1751 servitute
626 1714 873 1747 liberaremus.
927 1711 1020 1746 Nam
1039 1711 1069 1745 si
1086 1710 1166 1756 quis
1189 1714 1293 1754 putat
1345 1708 1480 1753 ubique
1516 1714 1696 1740 terrarum
1735 1706 1854 1739 delere
1883 1711 2036 1738 conatur
2064 1703 2125 1737 illa
2153 1702 2354 1741 barbaries,

285 1770 388 1804 mitia
413 1775 476 1802 aut
499 1766 702 1801 tolerabilia
729 1778 802 1799 esse
828 1765 1032 1798 Turcarum
1058 1761 1231 1807 imperia,
1264 1760 1293 1794 is
1317 1771 1321 1792 1
1347 1759 1536 1794 consilium
1557 1759 1772 1804 capiendum
1791 1764 1860 1792 est:
1884 1757 2071 1790 retinenda
2089 1761 2142 1789 est
2157 1753 2265 1788 huius
2283 1753 2353 1788 Im-

284 1824 391 1867 longe
422 1820 580 1859 fallitur,
615 1831 680 1852 1188
711 1817 817 1851 nobis
844 1818 887 1850 de
912 1815 1060 1861 Imperii
1081 1815 1187 1848 laude
1212 1825 1292 1847 cum
1318 1798 1322 1864 1
1347 1812 1439 1858 perii
1454 1811 1642 1852 maiestas,
1671 1811 1825 1844 tuendae
1844 1810 2013 1853 coniuges
2029 1814 2064 1842 et
2080 1807 2185 1840 liberi
2200 1807 2328 1841 nostri.

286 1875 356 1909 illis
373 1880 557 1907 certamen
575 1877 645 1911 est,
673 1871 734 1904 sed
754 1871 797 1903 de
815 1868 1003 1913 religione,
1027 1869 1070 1901 de
1091 1866 1295 1911 disciplina,
1320 1866 1323 1897 1
1451 1863 1529 1898 Nisi
1559 1863 1654 1896 enim
1689 1862 1932 1901 occurrimus,
1967 1860 2076 1905 paulo
2103 1865 2185 1904 post
2207 1858 2355 1892 domitis

286 1929 330 1961 de
358 1925 552 1969 coniugum
580 1930 615 1957 et
634 1923 832 1956 liberorum
855 1920 1043 1966 pudicitia.
1094 1918 1295 1963 Praecipue
1349 1916 1476 1950 vicinis
1502 1915 1668 1960 gentibus
1696 1914 1732 1947 in
1756 1913 1872 1947 media
1891 1912 2088 1946 Germania
2114 1910 2281 1945 videbitis
2297 1922 2356 1944 ex-

288 1985 408 2013 autem
429 1982 638 2022 grassantur
658 1975 695 2008 in
710 1974 958 2013 nobilitatem,
986 1984 1051 2005 nec
1072 1972 1188 2005 solum
1214 1982 1296 2015 pos-
1350 1968 1448 2002 cindi
1473 1968 1598 2008 urbes,
1634 1965 1853 1999 inflammari
1878 1965 2032 2009 templa,
2067 1963 2148 2009 rapi
2173 1963 2218 1996 ad
2247 1973 2357 1996 omne

288 2031 463 2066 sessiones
492 2035 609 2062 certae
636 2027 739 2060 victis
771 2026 892 2059 nullae
921 2024 1200 2070 relinquuntur,
1236 2023 1295 2056 sed
1350 2020 1476 2065 flagitii
1502 2032 1614 2065 genus
1634 2019 1803 2063 coniuges
1828 2024 1862 2051 et
1878 2017 2032 2057 liberos,
2061 2015 2184 2049 divelli
2201 2015 2356 2049 infantes

289 2084 398 2118 etiam
423 2082 536 2121 lixae,
565 2087 599 2114 et
618 2078 774 2124 gregarii
794 2077 925 2111 milites
943 2076 1091 2122 rapiunt
1110 2077 1154 2109 ad
1172 2081 1297 2120 stupra
1352 2086 1371 2106 a
1391 2073 1579 2117 complexu
1598 2077 1790 2116 parentum
1810 2077 1918 2116 atque
1944 2068 2116 2109 interfici,
2145 2068 2283 2102 medias
2304 2079 2358 2102 se-

290 2134 533 2169 nobilissimas
560 2139 668 2178 atque
693 2129 967 2165 honestissimas
992 2134 1198 2168 matronas,
1227 2127 1299 2160 vir-
1353 2125 1427 2159 cari
1461 2125 1629 2170 gravidas
1658 2123 1847 2163 mulieres,
1882 2122 1943 2155 illo
1976 2133 2132 2167 acynace
2152 2119 2358 2160 barbarico,

291 2189 410 2233 gines,
436 2197 581 2231 pueros.
635 2184 689 2217 Ad
707 2181 795 2217 haec
811 2182 934 2216 multis
951 2180 1067 2215 modis
1085 2180 1300 2224 extinguunt
1352 2177 1530 2211 fanaticae
1553 2175 1766 2220 religiones,
1803 2175 1933 2221 quibus
1962 2174 2097 2207 initiati
2111 2173 2143 2220 ²⁴)
2173 2179 2279 2213 sunt,
2312 2184 2358 2205 ne

293 2252 333 2274 ac
355 2238 476 2272 delent
492 2235 736 2271 Christianam
756 2235 981 2279 religionem.
1354 2230 1498 2276 quidem
1520 2230 1722 2262 concedunt
1741 2228 1790 2262 eis
1810 2227 1946 2267 otium,
1973 2228 2033 2260 sed
2049 2226 2125 2270 lege
2142 2231 2275 2270 cogunt
2291 2224 2359 2257 im·

396 2290 491 2323 Haec
523 2295 605 2323 sunt
636 2300 789 2332 magnae
823 2294 857 2320 et
884 2287 996 2320 iustae
1021 2296 1168 2322 causae,
1207 2294 1299 2329 quae
1354 2281 1495 2327 perium
1522 2282 1724 2314 extendere.
1787 2279 1834 2313 Et
1857 2291 2037 2313 successus
2063 2277 2174 2317 tanti,
2211 2283 2359 2322 tamque

294 2343 380 2376 viris
402 2343 555 2376 fortibus
579 2341 623 2373 ad
649 2341 819 2374 tuendam
842 2338 993 2383 gloriam
1012 2337 1079 2370 Dei
1098 2342 1132 2369 et
1148 2336 1298 2370 salutern
1355 2333 1519 2379 prosperi
1547 2345 1727 2366 annorum
1758 2333 1830 2365 fere
1855 2333 2115 2371 ducentorum,
2148 2330 2288 2363 addunt
2309 2328 2360 2363 eis

295 2394 460 2429 omnium
484 2393 644 2438 gentium
671 2405 769 2425 arma
797 2392 963 2425 induant.
1018 2390 1141 2434 Quare
1165 2387 1302 2432 ingenti
1356 2386 1515 2424 animos,
1544 2392 1583 2418 ut
1603 2385 1785 2430 quiescere
1803 2384 1903 2418 nullo
1924 2384 2033 2416 modo
2052 2381 2202 2427 possint.

296 2448 421 2481 dolore
447 2446 603 2485 afficior,
632 2457 710 2477 cum
738 2444 855 2487 cogito
874 2441 1087 2480 Graeciam,
1116 2453 1208 2486 quae
1227 2452 1302 2473 non
1461 2437 1567 2482 Quod
1594 2437 1620 2470 si
1646 2443 1744 2470 tanta
1768 2437 1835 2470 fuit
1860 2436 1995 2479 gloriae
2013 2440 2121 2480 atque
2139 2432 2284 2478 imperii
2300 2445 2359 2466 cu-

295 2500 412 2534 solum
446 2497 694 2531 doctrinarum
720 2508 851 2540 parens
877 2501 948 2534 est,
981 2495 1040 2528 sed
1067 2493 1174 2525 etiam
1203 2492 1302 2525 omni
1357 2489 1509 2535 piditas,
1539 2496 1637 2522 tanta
1666 2489 1814 2523 audacia
1839 2495 1943 2527 tunc,
1971 2500 2049 2520 80111
2069 2486 2163 2519 vires
2183 2483 2361 2519 haberent

296 2552 402 2597 laude
418 2551 591 2583 virtutum
609 2548 790 2586 excelluit,
820 2554 853 2580 et
871 2547 931 2580 diu
948 2545 1200 2579 florentissima
1218 2556 1303 2589 pars
1357 2542 1554 2575 admodum
1588 2542 1753 2586 exiguas,
1788 2553 1854 2574 nec
1879 2539 2073 2586 quicquam
2099 2537 2168 2572 nisi
2191 2537 2290 2571 littus
2315 2537 2360 2570 ad

298 2602 477 2637 Ecclesiae
514 2599 739 2635 Christianae
776 2599 864 2640 fuit,
904 2611 999 2632 nunc
1031 2597 1095 2631 tali
1131 2597 1302 2631 servitute

299 2667 506 2700 oppressam
533 2665 626 2692 esse,
663 2651 700 2684 in
726 2664 795 2697 qua
821 2664 900 2684 80111
926 2657 1064 2684 caetera
1081 2649 1178 2682 dictu
1198 2649 1302 2682 foeda
1388 2643 1540 2702 ²)dgffii-’1'J
1569 2643 1609 2667 sic
1634 2645 1710 2667 ‘⁶⁰²²
1736 2642 1818 2666 Editt.
1841 2640 1934 2665 1580..
1965 2639 2058 2671 ¹⁵⁸¹·’
2088 2638 2180 2668 ¹⁶²4&
2211 2637 2261 2662 Ed·
2284 2635 2359 2661 ¹5⁷²·

300 2714 408 2753 atque
425 2705 605 2740 horrenda
627 2704 837 2748 perferenda
857 2709 960 2741 sunt,
996 2709 1071 2735 tum
1092 2701 1199 2735 etiam
1221 2700 1303 2734 reli·
1390 2723 1422 2755 3)
1443 2685 1554 2751 munz]
1575 2722 1624 2747 Ed.
1647 2722 1723 2746 1580.
1741 2720 1831 2745 male:
1860 2719 1946 2743 tantis

301 2760 359 2804 gio
393 2759 534 2803 penitus
565 2757 746 2792 aboletur;
791 2761 825 2788 et
852 2761 957 2799 auget
979 2766 1097 2787 meum
1125 2753 1303 2792 dolorem,
1393 2766 1423 2797 4)
1444 2766 1558 2796 initiati]
1580 2766 1620 2789 sic
1641 2765 1725 2790 ruat.
1745 2763 1831 2790 1572..
1855 2763 1940 2793 158¹„
1964 2761 2056 2790 1624.;
2084 2761 2133 2785 Ed.
2156 2759 2231 2784 1530.
2253 2756 2359 2782 incitati
