2389 3037
73 118 147 156 305

70 204 264 253 praeterita
297 201 516 247 simplicium
550 200 734 246 geminent
771 201 930 246 primam
973 200 1079 245 sylla-

70 259 173 297 bam,
218 256 257 288 in
294 254 502 300 compositis
540 253 577 287 id
608 265 684 286 non
707 251 998 299 observeturffl),
1039 258 1079 285 ut

71 310 179 343 caedo
210 307 363 346 caecidi,
409 306 533 339 occido
566 305 693 339 occidi.
759 305 897 339 Verum
923 302 1011 337 haec
1040 303 1077 336 in

71 359 280 405 compositis
297 359 404 393 etiam
427 358 613 403 geminant
631 357 787 402 primam
808 358 983 403 syllabam
1005 355 1076 394 Do,

70 411 310 450 circumdedi;
345 410 428 450 Sto,
464 410 596 448 restiti;
631 409 762 451 Disco,
796 408 969 446 dedidici;
1006 407 1077 440 Po-

71 477 151 505 sco,
179 459 392 509 depoposci3
420 462 570 507 Pungo,
598 461 790 507 repupugi.
827 461 981 495 Acurro
1001 471 1077 492 non

71 515 250 562 geminata
273 514 429 560 reperio.

390 600 453 634 De
483 599 755 646 praeterito

241 662 438 715 primae
478 659 909 716 coniugationis.

172 737 243 770 Avi
261 734 447 770 character
465 742 516 770 est
532 735 719 781 praeteriti
736 734 878 779 primae
907 735 1077 779 coniuga-

69 789 196 831 tionis,
223 796 282 829 ut,

225 842 319 874 Amo
574 839 707 873 amavi.

497 906 632 952 Excipe
645 921 651 940 :

224 968 282 1002 Do
417 967 500 1001 dedi
575 968 638 1001 Sto
783 968 866 1002 steti

224 1019 313 1054 Iuvo
421 1019 498 1053 iuvi
573 1018 674 1052 Lavo
783 1020 868 1054 lavi.

170 1079 267 1115 Nam
301 1087 438 1114 veteres
472 1080 715 1125 coniugarunt
746 1080 854 1114 etjam
879 1081 962 1114 lavo
988 1080 1077 1115 lavis

68 1133 208 1174 lavere,
238 1133 347 1167 tertio
365 1132 506 1167 ordine.

227 1191 330 1226 Cubo
356 1192 464 1226 cubui
575 1191 694 1236 Crepo
721 1192 846 1236 crepui

226 1243 349 1277 Domo
375 1244 502 1277 domui
575 1242 683 1276 Frico
705 1243 813 1276 fricui

227 1295 316 1329 Seeo
343 1295 440 1330 secui
575 1294 673 1328 Mico
693 1295 819 1334 micui;
846 1295 909 1328 sed
929 1307 1078 1339 compo-

228 1347 327 1381 Sono
346 1347 453 1381 sonui
626 1346 694 1380 sita
711 1347 903 1387 dimicavi,
933 1347 1064 1381 emicui

226 1398 335 1432 Tono
359 1399 465 1432 tonui
576 1397 670 1432 Veto
697 1399 795 1432 vetui

227 1450 328 1484 Plico
355 1450 485 1496 plicui;
512 1451 574 1483 sed
592 1451 773 1496 adplicavi
792 1450 882 1484 dixit
900 1450 1039 1485 Cicero.

172 1512 207 1545 A
232 1512 278 1545 do
304 1511 414 1557 primi
441 1511 579 1545 ordinis
606 1518 710 1551 sunt,
748 1512 956 1553 circumdo,
999 1524 1078 1557 pes-

69 1563 209 1604 sundo‚
236 1564 429 1604 venundo,
457 1570 596 1597 caetera
612 1563 722 1597 tertii.

174 1624 208 1657 A
224 1625 315 1658 cubo
328 1651 337 1664 ,
365 1637 445 1658 cum
464 1637 499 1657 m
519 1625 723 1665 adciscunt,
751 1625 843 1658 fiunt
865 1625 964 1658 tertii
981 1625 1078 1659 ordi-

73 1674 148 1716 nis,
173 1682 234 1716 ut,
263 1677 476 1710 accumbere
497 1683 562 1710 etc.

438 1758 502 1792 De
538 1759 720 1804 supino·

176 1828 288 1862 Atum
323 1825 511 1862 character
535 1835 587 1862 est
611 1829 848 1873 supinorum,
888 1837 947 1870 ut,
982 1843 1080 1864 ama-

74 1885 171 1920 tum,
197 1880 238 1913 fit
254 1880 351 1913 enim
371 1892 389 1913 a
409 1880 598 1925 praeteriti
618 1881 876 1915 terminatione
895 1882 964 1916 avi.

176 1940 281 1986 Quae
298 1952 373 1974 non
395 1941 533 1975 faciunt
559 1942 794 1987 praeteritum
821 1955 886 1988 per
911 1943 990 1984 avi,
1032 1945 1081 1977 sic

74 1992 213 2027 faciunt
230 1993 378 2038 supina:

177 2044 314 2079 Datum
332 2044 435 2078 brevi
456 2057 474 2078 a
488 2071 497 2085 ,
526 2045 666 2079 Statum
688 2047 790 2080 brevi
807 2059 845 2088 a,
874 2046 1006 2083 lutum.

178 2096 334 2131 Lautum
353 2103 388 2130 et
403 2096 519 2130 lotum
537 2098 649 2132 veteri
675 2099 955 2140 consuetudine,
992 2100 1082 2134 sicut

75 2147 252 2192 plostrum
273 2156 307 2182 et
322 2149 539 2194 plaustrum.

127 2209 300 2243 Cubitum
408 2209 594 2254 Crepitum

126 2260 318 2294 Domitum
405 2260 580 2295 Frictum.

127 2313 273 2347 Sectum
404 2313 502 2347 Mico
529 2320 626 2347 caret
652 2314 804 2359 supino,
847 2315 909 2349 sed
934 2314 1082 2348 dimica-

127 2365 295 2399 Sonitum
460 2372 536 2399 tum
560 2365 712 2400 dicimus
732 2367 770 2400 in
786 2367 999 2412 composito.

127 2416 305 2450 Tonitum
407 2416 569 2451 Vetitum

128 2468 306 2503 Plicatum
405 2477 440 2503 et
457 2470 494 2502 in
512 2469 721 2515 compositis
738 2471 901 2515 plicitum
916 2498 924 2512 ,
960 2478 1000 2505 ut
1018 2472 1083 2504 im-

456 2522 632 2567 plicitum.

183 2581 216 2614 A
244 2592 333 2614 neco
368 2589 533 2616 necatum
570 2583 605 2615 in
639 2582 813 2626 simplici,
857 2591 1020 2618 enectum
1046 2584 1084 2617 in

80 2632 282 2676 composito
304 2633 477 2669 invenias.

115 2750 162 2782 91)
183 2753 364 2782 observetur]
384 2754 469 2779 Editt.
484 2755 578 2786 1546„
600 2761 624 2780 S.
638 2760 679 2779 a.:
707 2756 874 2780 observatur

92 2793 276 2825 Mamm.
301 2795 408 2827 open.
433 2796 519 2827 Vox„
543 2796 617 2826 XX.

742 113 866 149 XCVI.
921 111 1257 148 GRAMMATICA
1280 110 1478 147 LATINA.

2066 112 2141 146 306

1233 199 1266 232 A
1306 200 1428 244 regula
1464 199 1582 232 variat
1626 206 1660 232 et
1694 204 1820 243 potum
1857 210 1924 243 pro
1960 204 2141 243 potatum,

1131 251 1280 297 quidam
1301 263 1368 295 pro
1390 251 1516 296 potavi
1535 258 1569 284 et
1586 258 1693 295 potus
1716 263 1793 284 sum
1810 250 1857 295 92)
1881 250 1919 283 in
1944 250 2141 295 praeterito

1131 303 1268 336 faciunt
1287 315 1305 334 a
1323 309 1424 346 poto,
1451 303 1513 336 sed
1532 309 1639 347 potus
1656 316 1747 343 sum,
1777 315 1858 335 meo
1877 302 2030 342 iudicio,
2059 302 2143 336 sim-

1132 354 1273 400 pliciter
1288 354 1470 398 passivum
1490 361 1560 394 est,
1591 361 1716 399 potum
1736 355 1892 388 activum
1904 354 1971 401 93),
1999 354 2144 388 tametsi

1132 413 1270 440 veteres
1297 406 1460 440 absolute
1483 406 1591 439 etiam
1616 419 1683 451 pro
1707 406 1782 439 hihi
1808 407 1978 441 dixerunt
2004 405 2143 451 potavi.

1132 458 1267 492 Extant
1284 459 1446 503 exempla
1467 460 1564 503 apud
1580 458 1763 492 Plautum.

1237 510 1385 544 Passiva
1412 516 1446 543 et
1471 510 1689 555 deponentia
1709 517 1924 544 mutuantur
1946 509 2143 555 praeterita

1134 574 1153 595 a
1173 561 1393 607 participiis,
1422 575 1515 608 quae
1534 563 1624 596 fiunt
1644 575 1685 596 ex
1703 562 1861 607 supinis,
1889 563 1927 595 in
1945 562 2075 608 quibus
2092 568 2144 596 est

1133 615 1317 660 sequenda
1346 614 1538 659 analogia,
1574 621 1615 648 ut
1637 614 1800 648 medicor
1827 615 2025 648 medicatus
2051 627 2143 653 sum,

1135 666 1272 705 miror,
1302 666 1454 700 miratus
1472 679 1564 701 sum.

1238 718 1411 752 Formula
1434 718 1654 763 coniugandi
1677 724 1772 751 extat
1791 718 1888 762 apud
1903 716 2103 752 Donatum.

1248 811 1326 851 De
1358 811 1598 853 secunda
1633 812 2034 868 coniugatione.

1238 887 1441 920 Praeterita
1451 886 1498 934 9³³²)
1516 887 1588 920 fere
1608 899 1673 931 per
1689 887 1726 921 ui
1752 888 1841 921 duas
1864 888 2019 933 syllabas
2042 890 2146 931 fiunt,

1132 946 1173 973 ut
1205 939 1317 972 doceo
1353 939 1472 973 docui.
1541 939 1678 984 Supina
1711 940 1803 973 fiunt
1835 940 2050 984 regulariter
2079 954 2145 987 per

1133 991 1246 1032 itum,
1285 1003 1304 1023 a
1335 990 1594 1024 terminatione
1619 991 1677 1032 ui,
1723 998 1762 1025 ut
1792 990 1923 1033 habui,
1966 991 2144 1029 habitum.

1132 1043 1267 1088 Excipe
1289 1043 1434 1076 doctum
1455 1055 1473 1076 a
1493 1044 1620 1084 docui,
1648 1050 1786 1077 tentum
1808 1056 1827 1077 a
1846 1045 1967 1086 tenui,
1997 1058 2144 1080 censum

1134 1108 1152 1128 a
1171 1095 1312 1135 censui,
1342 1107 1480 1129 cassum
1501 1107 1519 1127 a
1539 1096 1650 1130 carui.
1707 1095 1841 1129 Carent
1861 1103 1981 1130 autem
2006 1099 2144 1143 supinis

1133 1154 1261 1181 neutra
1294 1147 1480 1194 pleraque.
1550 1147 1644 1188 Nos,
1687 1154 1727 1182 ut
1751 1149 1977 1193 exceptiones
2003 1151 2144 1186 facilius

1134 1199 1260 1232 venari
1283 1199 1422 1244 possint
1450 1199 1572 1244 pueri,
1612 1212 1677 1244 per
1712 1212 1837 1235 omnes
1868 1202 2146 1238 terminationes

1134 1252 1360 1296 vagabimur.

1290 1379 1400 1414 Iubeo
1508 1380 1595 1414 iussi
1703 1381 1851 1416 iussum.

1290 1432 1385 1467 Nam
1410 1432 1448 1465 in
1478 1432 1507 1466 si
1540 1433 1757 1477 praeterita,
1801 1447 1880 1468 sum
1908 1435 1982 1468 fere
2007 1435 2145 1470 faciunt

1134 1485 1284 1530 supinis.

1293 1536 1431 1570 Sorbeo
1541 1536 1666 1570 sorbui
1684 1537 1741 1570 vel
1759 1538 1888 1583 sorpsi.
1943 1538 2088 1572 Cicero:

1293 1588 1514 1633 Sanguinem
1534 1589 1675 1622 civilem
1696 1590 1874 1625 exorbuit.

1291 1641 1465 1686 Sorptum
1486 1641 1523 1674 in
1543 1641 1681 1686 supinis
1701 1643 1922 1687 compositis.

1590 1709 1699 1744 CEO.

1294 1769 1415 1803 Luceo
1625 1770 1722 1811 luxi,
1777 1771 1852 1806 sine
1877 1772 2019 1817 supino.

1293 1822 1467 1855 Polluceo
1623 1823 1774 1866 polluxi.

1295 1874 1438 1907 Mulceo
1459 1874 1565 1908 mulsi
1582 1875 1753 1910 mulsum.

1136 1926 1238 1967 fecit,
1267 1926 1360 1960 libro
1383 1926 1524 1971 primo,
1555 1927 1670 1971 capite
1692 1925 1752 1962 15.

1297 2064 1419 2097 Ardeo
1447 2063 1539 2103 arsi,
1575 2062 1653 2096 sine
1683 2063 1821 2108 supinis

1296 2115 1414 2148 Rideo
1444 2115 1507 2148 risi
1537 2114 1649 2148 risum

1296 2166 1437 2200 Suadeo
1467 2167 1563 2200 suasi
1591 2178 1736 2201 suasum

1298 2218 1413 2252 Video
1442 2219 1517 2251 vidi
1545 2219 1662 2252 visum

1295 2271 1411 2305 Sedeo
1440 2271 1515 2304 sedi
1545 2283 1680 2305 sessum

1298 2323 1440 2356 strideo
1469 2323 1593 2364 stridi,
1629 2324 1705 2357 sine
1735 2324 1865 2369 supino

1805 1875 1939 1910 Gellius
1956 1876 2147 1920 permulcti

1174 2456 1222 2488 92)
1243 2456 1352 2514 {uidam
1371 2469 1405 2473 —
1425 2454 1498 2487 sum]
1521 2456 1570 2479 Ed.
1590 2462 1611 2481 s.
1632 2462 1675 2481 a.:
1708 2456 1816 2488 quidam
1843 2458 1870 2480 et
1896 2458 1980 2487 potus
2009 2463 2071 2481 sum
2097 2463 2147 2487 pro

1208 2498 1242 2523 po
1258 2498 1303 2515 av·

1174 2535 1222 2567 93)
1243 2535 1386 2566 passivum
1406 2536 1466 2565 est,
1485 2536 1579 2565 potum
1598 2534 1746 2565 activum‚]
1767 2535 1850 2559 Editt.
1869 2536 1962 2565 1546„
1982 2542 2004 2559 S.
2020 2541 2060 2559 a.:
2082 2541 2148 2565 pas-

1210 2571 1301 2594 sivum
1320 2572 1380 2599 est,
1402 2571 1431 2593 ut
1449 2570 1521 2600 apud
1542 2569 1668 2594 Ovidium
1689 2568 1779 2601 [Fast.
1794 2571 1836 2599 111,
1855 2571 1903 2594 541
1924 2571 1999 2601 sq.]:

1246 2605 1376 2630 Occurrit
1396 2611 1499 2634 nuper,
1520 2605 1583 2628 visa
1604 2607 1647 2628 est
1667 2605 1733 2628 mihi
1754 2605 1838 2635 digna
1858 2606 1948 2629 relatu

1281 2641 1400 2669 Pompa,
1428 2646 1524 2663 senem
1547 2642 1640 2669 potum
1660 2642 1725 2670 pota
1743 2642 1872 2664 trahebat
1892 2646 1972 2664 anus.

1281 2675 1350 2698 Poto
1370 2674 1491 2698 activum
1511 2676 1571 2702 est,

1174 2718 1222 2749 94)
1243 2718 1415 2748 Praeterita]
1435 2719 1517 2742 ΕΔΜ.
1534 2719 1626 2748 1546,
1654 2726 1676 2743 s.
1692 2724 1732 2744 a.:
1762 2719 1792 2743 [ιι
1812 2718 1933 2742 secunda
1951 2718 2147 2750 coniugatione

1211 2753 1367 2784 praeterita
