2421 3037
248 110 323 147 539

247 201 331 233 bern
353 198 555 244 posset³⁵³).
610 195 723 228 Paulo
745 200 826 239 post
851 194 981 228 milites
1009 194 1084 228 eius
1109 194 1255 239 plurimi

249 252 434 297 perierunt
450 252 563 287 same,
592 253 625 280 et
646 253 742 280 totus
761 246 936 280 exercitus
954 247 1147 291 dissipatus
1166 253 1229 281 est.

352 309 508 344 LXXVI.
545 308 627 341 Fuit
654 307 801 353 quidam
831 307 1033 342 cnrtisanus
1057 309 1146 340 adeo
1174 320 1256 352 par-

247 378 307 398 cus
326 365 465 396 Romae
480 389 487 399 ,
517 367 555 393 ut
577 358 832 404 XVestplialum
855 372 997 393 servum
1018 360 1142 394 vinum
1171 360 1256 393 affe-

246 422 383 450 rentem
411 427 453 447 ex
477 413 562 445 vella
591 412 704 445 nollet
728 413 771 444 de
798 424 839 445 eo
871 412 1014 453 bibere,
1058 414 1117 447 sed
1155 412 1256 446 iussit

247 481 326 502 eum
345 467 586 501 discedentem
604 477 746 509 semper
763 477 904 499 sumere
923 478 1054 511 aquam
1068 493 1075 505 ,
1105 472 1138 498 et
1156 465 1253 497 illam

245 533 388 554 rursum
407 519 549 552 rediens
567 529 757 562 exspuere;
788 518 847 550 sed
865 517 1030 551 minister
1046 518 1161 551 multo
1179 523 1256 549 erat

246 573 411 607 callidior
438 577 472 605 et
495 569 717 615 sapientior,
749 567 903 603 babebat
932 582 1063 616 aquam
1093 570 1129 602 in
1154 569 1255 609 cella,

246 632 279 659 et
299 625 444 671 qnando
462 623 611 666 largiter
628 623 781 661 biberat,
805 623 970 656 sumebat
987 635 1133 668 aquam,
1159 634 1256 654 eam—

246 690 314 724 que
343 676 486 710 rediens
519 687 642 708 coram
668 674 818 707 domino
845 675 1041 708 reiiciebat.
1111 674 1169 707 Sic
1199 686 1256 707 ars

245 730 420 763 diluditur
445 734 519 761 arte
530 727 590 773 36).

350 787 523 823 LXXVII.
558 785 767 833 Alphonsus
783 799 845 820 rex
862 786 1124 830 Neapolitanus
1141 797 1255 831 quan-

245 845 292 877 do
319 842 450 888 aliquis
483 841 527 873 ab
564 852 606 873 eo
639 841 837 877 defecerat,
883 839 1008 871 solitus
1040 845 1091 872 est
1119 838 1254 871 dicere:

245 896 382 930 Omnes
408 905 512 938 aegre
536 893 705 931 serimus,
735 891 881 936 quando
909 891 1073 924 videmus
1099 890 1255 936 aliquem

246 949 448 991 ingratum;
486 946 584 991 quod
610 941 700 977 milii
727 955 872 989 quoque
899 943 1048 982 accidit,
1077 941 1162 976 hinc
1186 942 1257 976 illis

246 1002 394 1034 irascor.
449 998 517 1031 Sed
537 1009 601 1041 ego
623 1009 702 1030 sum
721 995 836 1029 multo
857 995 971 1039 magis
997 995 1160 1039 ingratus
1178 994 1256 1028 Deo

245 1066 327 1086 meo
340 1080 348 1091 ,
378 1064 395 1084 a
416 1063 488 1096 qno
506 1050 621 1083 multo
633 1048 680 1094 37)
699 1047 837 1080 maiora
856 1048 1028 1080 beneficia
1048 1048 1180 1093 accepi.

348 1109 539 1145 LXXVIII.
584 1109 673 1144 Cum
699 1108 852 1143 Iudaeus
884 1108 1065 1142 incidisset
1093 1109 1129 1141 in
1155 1108 1259 1141 latri-

243 1179 348 1206 nam,
377 1165 426 1197 ibi
445 1164 505 1197 alii
522 1162 646 1196 Iudaei
664 1168 842 1195 venerunt
860 1163 903 1193 ad
923 1161 1174 1205 magistratum
1187 1188 1196 1201 ,
1224 1167 1259 1194 et

243 1218 470 1264 petiverunt,
499 1223 538 1249 ut
556 1216 746 1248 mandaret
763 1213 989 1247 carnIficibus
1006 1220 1039 1247 et
1058 1213 1257 1253 lictoribus,

243 1278 283 1305 ut
310 1270 509 1303 eximerent
532 1269 639 1302 istum
665 1280 706 1300 ex
729 1267 872 1299 latrina.
937 1265 1124 1311 Quaerens
1143 1265 1258 1310 Magi-

243 1329 398 1361 stratus,
427 1333 539 1367 quare
559 1320 625 1364 ipsi
652 1332 731 1353 eum
759 1332 834 1352 non
862 1318 1079 1359 eximerent,
1107 1330 1258 1363 respon—

244 1377 394 1410 deruntz
439 1374 534 1418 Quia
561 1370 669 1406 bodie
695 1378 745 1405 est
769 1372 844 1405 dies
876 1369 1056 1405 sabbathi.
1126 1371 1172 1404 Et
1209 1370 1258 1405 sic

244 1441 308 1473 per
332 1427 482 1460 biduum
510 1427 546 1458 in
572 1425 703 1458 latrina
730 1424 874 1458 mansit.
949 1423 1113 1457 Tandem
1140 1423 1260 1469 inquit

245 1480 499 1524 Magistratus:
544 1478 618 1510 Aut
652 1490 716 1510 vos
753 1476 898 1510 eximite
939 1489 1043 1515 eum,
1095 1482 1157 1509 aut
1192 1488 1257 1520 ego

245 1533 414 1566 eximam.

348 1581 505 1617 LXXIX.
542 1581 748 1614 Ludovicus
759 1579 817 1614 XI.
835 1586 1022 1626 praestans
1039 1592 1102 1613 rex
1122 1578 1258 1612 amicus

244 1637 312 1672 fuit
331 1635 564 1681 Imperatoris
583 1633 838 1667 Maximiliani.
894 1633 983 1666 Cum
1007 1638 1145 1667 starent
1163 1632 1258 1676 apud

246 1703 328 1724 eum
346 1688 451 1722 multi
470 1687 593 1731 magni
612 1686 751 1719 domini
764 1713 772 1725 ,
797 1692 830 1718 et
848 1685 941 1718 male
960 1685 1198 1731 loquerentur
1215 1684 1258 1716 de

244 1741 518 1780 Maximiliano,
553 1738 789 1772 nominarent
815 1750 895 1771 eum
915 1736 1258 1781 Burgimagistrum,

245 1795 329 1841 quia
348 1805 481 1839 paucas
498 1790 647 1825 haberet
672 1790 834 1824 civitates
860 1790 897 1822 in
924 1789 1099 1835 imperio,
1125 1788 1259 1829 Nolite,

245 1847 385 1893 inquit,
415 1851 648 1878 contemnere
668 1843 775 1877 istum
796 1842 1005 1879 dominum;
1036 1842 1182 1888 quando
1201 1841 1259 1874 ille

246 1900 366 1945 pulsat
383 1905 617 1944 tympanum,
645 1902 720 1929 tota
740 1895 914 1928 Francica
932 1894 1101 1941 venit³⁸).

352 1959 494 1992 LXXX.
542 1956 749 1991 Ludovicus
778 1957 843 1990 etsi
866 1956 934 1989 fuit
963 1956 1067 1989 valde
1104 1955 1259 2000 sapiens,

246 2019 368 2046 tamen
392 2011 461 2045 fuit
484 2010 678 2044 fascinatus
701 2009 810 2043 tantis
838 2008 1174 2053 superstitionibus,
1208 2014 1260 2048 ut,

247 2078 328 2099 cum
346 2064 451 2097 valde
469 2069 648 2096 metueret
665 2068 842 2101 mortem,
871 2062 1031 2094 mitteret
1040 2060 1087 2108 3²³)
1101 2060 1258 2094 Romam

247 2123 282 2151 et
300 2129 364 2162 per
383 2123 497 2149 totam
510 2115 666 2149 Galliam
679 2143 688 2155 ,
716 2121 756 2148 ut
772 2115 955 2147 adferrent
973 2113 1146 2159 reliquias
1163 2125 1261 2146 mor-

248 2176 416 2209 tuorum,
446 2180 536 2214 quae
555 2167 587 2200 ei
603 2173 791 2201 servarent
808 2166 918 2200 vitam
932 2194 941 2207 ,
969 2166 1073 2200 sicuti
1094 2164 1185 2199 nihil
1210 2172 1261 2200 est

248 2221 432 2267 potentius
458 2222 503 2253 ad
529 2220 762 2265 decipiendos
787 2217 954 2253 homines
982 2218 1154 2264 opinione
1179 2218 1261 2252 reli-

251 2286 380 2318 gionis.

354 2323 509 2359 LXXXI.
536 2323 662 2358 Eccius
675 2321 904 2369 Erphordiae
920 2324 1063 2358 rediens
1081 2336 1123 2357 ex
1139 2323 1261 2368 dispu-

250 2377 388 2411 tatione
408 2376 608 2411 inebriatus
627 2376 713 2410 vino
740 2376 913 2410 invitarat
933 2377 1073 2423 aliquot
1090 2373 1261 2410 honestas

285 2495 353 2529 35·)
372 2499 484 2527 posset]
505 2498 588 2522 Cod.:
615 2498 706 2528 possit

284 2541 334 2569 36)
355 2541 400 2565 Sic
419 2547 467 2565 ars
489 2541 535 2564 dil.
555 2542 640 2570 arte]
661 2543 730 2565 haec
748 2543 782 2566 ab
802 2542 858 2566 alia
878 2548 959 2566 mann
980 2541 1124 2572 adscripta
1145 2542 1219 2566 suut.

286 2585 334 2613 37)
354 2583 455 2617 mutto]
477 2585 519 2609 sic
538 2585 655 2616 scripsi3
682 2586 748 2610 Cod.
767 2586 863 2610 habet:
893 2587 978 2610 multa

286 2629 335 2657 38)
356 2630 375 2654 t.
397 2629 532 2653 Francica
552 2629 642 2659 venit]
663 2629 705 2653 sic
725 2630 807 2658 God.;
833 2629 860 2653 in
880 2630 1005 2654 Historia
1024 2631 1058 2654 de
1078 2631 1214 2654 electione
1234 2632 1262 2654 et

322 2665 505 2689 coronatione
525 2665 622 2689 Caroli
639 2664 673 2689 V.
694 2665 846 2694 Caesaris,
874 2665 900 2688 in
919 2671 971 2695 qna
991 2666 1085 2690 eadem
1106 2668 1261 2690 narrantur

322 2699 401 2729 (vide
421 2706 505 2731 snpra
525 2707 549 2730 p.
565 2700 613 2723 501
629 2699 705 2732 sq),
725 2701 787 2724 loco
808 2702 854 2730 „t.
870 2700 1005 2724 Francica
1026 2699 1260 2733 venit”1egiturz

322 2735 369 2766 ,.t.
391 2735 510 2759 Francia
529 2733 658 2760 tremit.’'

287 2776 335 2806 39)
355 2777 493 2807 mitteret]
515 2778 556 2802 sic
574 2778 693 2809 scripsi;
720 2778 788 2803 Cod.
808 2779 907 2803 habet:
935 2779 1048 2803 miserat

878 105 1001 141 PHIL.
1029 106 1144 142 MEL.
1173 104 1383 141 SCRIPTA·
1411 104 1684 141 HISTORICA.

1285 1873 1291 2250 1

2240 104 2316 142 540

1313 200 1500 227 matronas
1527 194 1569 225 ad
1603 206 1765 228 coenam.
1836 192 1919 225 Illae
1957 205 2036 225 cum
2072 192 2106 225 in
2137 191 2316 228 bonorem

1308 247 1403 279 illins
1430 245 1702 290 apparuissent,
1741 245 1873 289 incepit
1901 245 2078 279 obscoena
2108 246 2246 286 dicere,
2284 253 2318 280 et

1309 298 1463 343 turpiter
1492 298 1570 331 illas
1595 305 1840 338 contrectare,
1877 299 1973 343 quod
2008 310 2083 330 non
2122 297 2317 345 decuit³⁹·)

1310 363 1495 385 censorem
1520 351 1647 384 facere.

1414 401 1585 436 LXXXII.
1633 401 1729 435 Idem
1766 401 1893 436 Eccius
1939 414 2018 435 cnm
2056 402 2240 436 incidisset
2280 402 2318 435 in

1308 455 1437 489 febrim
1456 455 1698 495 Ratisbonae,
1726 455 1873 487 iubebat
1895 455 1960 488 sibi
1980 452 2174 488 cantharos
2192 454 2320 499 plenos

1311 520 1425 553 aquae
1449 508 1601 547 adferri,
1638 507 1769 553 quibus
1794 507 1947 551 acceptis
1971 520 2031 541 eos
2060 505 2242 545 exhausit,
2287 513 2322 540 et

1311 573 1390 594 cuin
1424 561 1659 604 obiurgarent
1693 573 1773 592 eum
1808 559 1958 599 medici,
1994 560 2197 604 respondit:
2242 558 2320 603 Ego

1310 626 1388 647 sum
1407 613 1576 646 robustus
1594 612 1752 653 Suevus,
1778 617 1812 644 et
1830 612 1938 656 paulo
1954 618 2035 655 post
2053 624 2094 644 eo
2121 612 2198 656 ipso
2223 623 2321 645 mor—

1309 666 1357 698 bo
1381 665 1556 697 extinctus
1579 671 1641 699 est.

1415 715 1602 750 LXXXIII.
1638 717 1731 751 Ante
1752 728 1866 750 annos
1893 715 2033 762 aliquot
2055 715 2186 750 misera
2211 727 2322 761 quae-

1311 770 1393 801 dam
1413 780 1592 813 puerpera
1612 769 1742 801 occidit
1758 770 1848 802 duos
1864 768 1997 802 liberos
2020 768 2140 812 gladio
2167 767 2224 801 vel
2249 767 2322 801 cul-

1311 828 1381 854 tro.
1436 820 1496 853 Illa
1517 827 1640 865 postea
1667 827 1770 865 capta
1798 827 1832 853 et
1858 822 1903 854 ad
1929 821 2147 866 supplicium
2167 820 2322 853 deducta

1312 873 1413 913 dixit,
1441 886 1476 907 se
1494 874 1645 913 nescire,
1674 874 1860 918 quomodo
1878 873 1936 905 illa
1956 873 2186 912 accidissent;
2212 872 2322 906 fuisse

1311 927 1472 959 furorem
1497 925 1714 958 diabolicum
1736 926 1771 957 in
1796 937 1833 959 se
1859 925 2079 966 immissum,
2113 932 2153 959 ut
2178 931 2321 958 tantum

1312 978 1425 1012 scelus
1452 978 1712 1016 committeret;
1755 978 1845 1010 adeo
1870 984 1990 1011 autem
2018 990 2054 1011 se
2079 978 2202 1011 dolere
2227 974 2323 1010 hanc

1312 1043 1402 1070 rem,
1431 1037 1470 1063 ut
1488 1030 1657 1064 libentius
1676 1030 1770 1063 mori
1789 1042 1897 1075 quam
1918 1030 2039 1063 vivere
2058 1029 2157 1070 velit,
2186 1035 2221 1063 et
2238 1041 2323 1062 con-

1312 1089 1453 1128 spectus
1472 1088 1594 1115 tantae
1611 1082 1775 1116 miseriae
1794 1082 1826 1115 ei
1844 1082 2038 1116 adimatur.

1416 1133 1620 1169 LXXXIIII.
1656 1135 1738 1168 Dux
1756 1133 2323 1178 EberhardusVVirtebergensis,

1313 1187 1374 1233 qui
1391 1187 1457 1220 suit
1472 1187 1759 1231 sapientissimus
1779 1187 1946 1231 princeps
1962 1187 1999 1220 in
2017 1193 2197 1219 conventu
2207 1186 2323 1221 Wor—

1313 1239 1538 1285 matiensi'fl')
1560 1246 1722 1284 tempore
1744 1239 1986 1272 Maximiliani
2011 1239 2212 1277 celebrato,
2240 1251 2324 1271 cum

1313 1292 1443 1338 reliqui
1467 1292 1650 1337 principes
1676 1291 1808 1335 singuli
1834 1304 1916 1325 suas
1941 1291 2097 1325 ditiones
2119 1291 2325 1331 laudarent,

1313 1345 1373 1378 ille
1392 1345 1454 1378 diu
1474 1344 1699 1379 auscultavit.
1736 1344 1904 1377 Saxonici
1924 1344 2107 1388 principes
2127 1343 2325 1376 laudarunt

1314 1410 1423 1431 venas
1443 1397 1660 1437 metallicas,
1689 1404 1722 1430 et
1741 1398 1886 1429 tandem
1906 1398 1979 1429 dux
1993 1393 2227 1429 Eberhardus
2253 1394 2325 1429 ius-

1313 1462 1371 1483 sus
1392 1462 1408 1481 a
1428 1448 1637 1489 Friderico,
1666 1449 1844 1482 Saxoniae
1868 1449 1976 1488 duce,
2006 1448 2114 1481 etiam
2141 1459 2222 1481 suas
2249 1448 2325 1481 lau-

1314 1503 1399 1534 dare
1424 1501 1598 1541 ditiones,
1626 1499 1726 1536 Nibil
1751 1507 1821 1541 est,
1849 1499 2004 1548 (inquit)
2028 1500 2127 1546 quod
2154 1500 2326 1533 extollam

1313 1560 1375 1587 aut
1397 1554 1622 1598 praedicem,
1648 1567 1728 1587 curn
1756 1553 1901 1587 infimus
1926 1553 1993 1586 sim
2020 1552 2115 1586 inter
2140 1564 2227 1593 vos,
2264 1552 2326 1586 sed

1313 1618 1426 1640 unum
1454 1603 1522 1638 boc
1542 1605 1614 1639 scio
1639 1619 1697 1639 me
1719 1618 1822 1650 posse
1847 1618 1971 1639 secure
1995 1605 2157 1638 dormire
2182 1605 2218 1637 in
2247 1616 2327 1648 gre-

1314 1658 1388 1691 mio
1425 1658 1634 1698 cuiuslibet,
1683 1659 1976 1704 quandocunque
2010 1657 2176 1696 libuerit;
2222 1656 2327 1702 quasi

1314 1711 1427 1743 dicat:
1457 1710 1533 1753 Ego
1552 1711 1599 1744 ita
1623 1711 1777 1755 impero,
1804 1717 1844 1744 ut
1863 1710 1998 1744 subditi
2018 1723 2074 1743 me
2091 1716 2232 1750 ament,
2262 1720 2327 1743 vos

1313 1775 1387 1796 non
1408 1763 1571 1807 perinde.

1417 1823 1592 1857 LXXXV.
1635 1822 1784 1857 Ducissa
1810 1822 2126 1867 VVirteburgensis
2160 1835 2240 1856 cum
2273 1821 2329 1855 di-

1314 1877 1474 1910 mitteret
1493 1889 1509 1908 a
1529 1889 1564 1910 se
1591 1876 1757 1908 ancillam
1779 1888 1880 1909 suam
1895 1903 1904 1916 ,
1938 1875 2045 1908 dixit:
2083 1874 2190 1908 Time
2208 1874 2329 1909 Deum

1315 1936 1349 1963 et
1367 1929 1468 1963 vivas
1488 1926 1658 1968 honeste,
1686 1927 1739 1971 bet
1759 1927 1803 1975 id>
1820 1930 1883 1965 bag
1905 1927 2045 1974 gethan,
2073 1926 2107 1971 fo
2129 1936 2197 1964 met
2220 1926 2265 1975 id)
2292 1928 2328 1964 in

1315 1981 1395 2029 folet>
1414 1983 1535 2019 (etenbt
1553 1982 1602 2017 nit
1618 1982 1772 2027 gerwen.

1419 2042 1608 2077 LXXXVI.
1646 2041 1877 2087 Erpbordiae
1903 2042 2052 2089 quidam
2075 2042 2184 2077 miser
2201 2040 2328 2084 homo,

1316 2109 1395 2130 cum
1417 2103 1507 2131 esset
1526 2096 1562 2129 in
1582 2108 1712 2140 magna
1739 2095 1882 2141 inopia,
1917 2093 2086 2130 habitans
2113 2095 2151 2129 in
2175 2094 2329 2143 vico‘fl),

1314 2149 1381 2183 fuit
1405 2149 1577 2184 sollicitus
1601 2149 1643 2181 de
1670 2147 1766 2182 victu
1792 2155 1826 2182 et
1850 2148 1993 2182 ratione
2017 2148 2112 2182 vitae
2138 2148 2329 2183 instituen-

1315 2203 1394 2236 dae.
1448 2201 1489 2235 In
1505 2201 1567 2234 tali
1585 2201 1711 2234 dolore
1730 2201 1898 2234 invitavit
1920 2200 2116 2234 Diabolum
2130 2229 2139 2243 ,
2171 2201 2235 2248 qui
2258 2207 2328 2235 sta-

1316 2255 1379 2288 tim
1397 2255 1441 2287 ad
1464 2267 1544 2287 eum
1563 2254 1709 2288 veniens
1727 2254 1835 2287 dixit:
1866 2253 1902 2287 Si
1922 2253 1974 2288 vis
1991 2260 2023 2287 te
2041 2251 2130 2287 mihi
2148 2253 2328 2294 addicere,

1316 2308 1456 2341 tradam
1474 2307 1538 2339 tibi
1555 2313 1693 2347 artem,
1728 2320 1769 2340 ex
1796 2319 1868 2353 qua
1895 2307 2010 2351 possis
2037 2306 2149 2347 scire,
2184 2306 2247 2340 ubi
2273 2305 2327 2338 in-

1316 2359 1515 2393 veniendae
1533 2360 1604 2394 sint
1623 2372 1678 2393 res
1696 2360 1849 2393 ablatae.
1905 2359 1978 2392 Ubi
1994 2359 2052 2392 ille
2070 2358 2180 2393 miser
2201 2357 2326 2392 condi-

1316 2413 1452 2446 tionem
1491 2412 1701 2456 accepisset,
1744 2411 1920 2446 Diabolus
1955 2411 2137 2457 promittit
2162 2423 2198 2445 se
2222 2422 2328 2444 mon-

1316 2472 1513 2499 straturum
1538 2465 1637 2505 loca,
1667 2465 1703 2497 in
1729 2465 1859 2511 quibus
1878 2462 1971 2497 hanc
1998 2470 2111 2497 artem
2139 2456 2327 2508 profitere-

1316 2524 1386 2551 tur.
1457 2517 1547 2551 Cnm
1576 2530 1661 2561 ergo
1689 2518 1869 2562 professus
1896 2522 2005 2556 esset,
2049 2517 2163 2550 factus
2195 2522 2248 2550 est
2279 2515 2327 2549 ad

1315 2582 1396 2604 eum
1416 2582 1568 2614 magnus
1588 2583 1802 2611 concursus,
1831 2569 2007 2615 multique
2028 2581 2110 2604 eum
2137 2568 2326 2604 consulue-

1351 2691 1385 2715 39
1394 2691 1420 2719 ³)
1440 2696 1494 2714 non
1513 2690 1621 2719 decuit]
1640 2691 1725 2716 Cod.:
1753 2690 1844 2714 decuit

1349 2734 1397 2766 40)
1419 2734 1642 2764 Wormatiensi]
1661 2734 1748 2760 Com:
1776 2733 1985 2759 Wurmaciensi

1322 2805 1338 2816 ὦ
1351 2777 1400 2810 41)
1420 2777 1495 2807 vico]
1515 2778 1599 2803 θοάς
1627 2778 1687 2802 vicu
