2389 3037
67 121 91 155 7
92 120 141 156 75
707 115 1070 151 ADDITAMENTA

63 206 200 240 Idcirco
218 218 384 240 resonam
405 205 488 251 quia
510 210 661 248 poscunt
680 204 751 237 fata
772 204 968 243 volucrem,

63 257 252 292 Debentur
267 257 398 291 merito
414 255 637 290 Philomelae
655 268 761 299 regna
784 267 950 288 canorae.

63 309 137 345 Nec
154 322 209 342 me
227 310 416 355 quisquam
437 308 556 352 adiget
572 320 696 341 vocem
720 313 873 347 mutare,
897 306 1069 351 piumque

65 361 215 396 Consilii
232 362 377 401 foedus,
406 361 489 393 dum
510 360 656 404 spiritus
673 357 740 393 hos
756 365 855 403 reget
875 365 984 391 artus.

167 413 307 446 Annuit
325 418 357 446 et
374 418 493 456 partes
509 411 710 445 assensibus
730 411 853 454 implet
870 406 1056 448 Acanthis,

64 464 230 498 Tandem
250 476 363 509 pauca
385 464 511 497 refert:
541 476 605 507 ego
626 470 678 503 te,
705 475 797 508 quae
816 461 933 495 dulcia
953 466 1056 504 grato

64 516 139 550 Ora
161 528 250 550 sono
270 515 399 555 solvis,
427 528 614 561 nunquam
632 512 831 548 Philomela
852 512 993 556 negabo

63 568 326 607 Promeritam,
355 579 420 600 nec
436 579 493 600 me
512 580 587 600 mea
611 567 770 599 carmina
790 566 834 597 ab
852 577 913 597 ore
935 563 1071 608 pigebit

65 619 318 665 Composuisse
338 626 420 659 tuo,
449 631 513 652 nec
530 618 644 652 Musis
661 617 798 661 gratior
816 617 888 650 ulla
908 622 971 656 est,

64 671 183 717 Quam
203 672 270 706 sihi
284 672 311 705 si
329 683 397 717 qua
418 677 517 704 tuum
536 669 765 714 praescripsit
779 669 910 713 pagina
923 679 1070 701 nomen.

169 723 265 757 Tum
282 723 331 757 sic
350 723 526 756 incutiens
546 721 671 755 cristas
692 720 831 765 excepit
847 720 1005 754 Alauda:

63 773 160 808 Idem
185 775 327 808 animus
350 774 473 814 nohis,
500 785 565 806 nec
592 774 659 806 erit
685 773 745 818 qui
770 773 916 805 tendere
943 777 1068 804 contra

63 826 144 860 Iure
163 834 292 872 queat,
317 837 507 872 sacrasque
525 826 692 858 infectum
714 825 863 857 reddere
881 830 1008 858 sortes.

63 878 168 912 Scitis
184 890 278 917 aves,
295 878 403 917 scitis,
422 878 519 924 quod
536 877 628 910 idem
648 874 737 909 mihi
753 888 886 909 nomen
902 882 935 908 et
950 887 1069 914 omen,

63 928 112 963 Et
127 942 185 963 me
202 930 274 962 iam
294 929 435 974 pridem
454 935 552 962 vates
571 941 588 961 a
607 930 712 961 laude
732 934 919 961 vocarunt.

62 981 138 1016 Nec
157 979 246 1014 mihi
263 981 334 1014 iam
354 982 479 1014 subeat
498 993 633 1013 nomen
654 987 793 1013 mutare
812 979 867 1012 vel
885 991 1004 1012 omen.

63 1032 162 1077 Ergo
177 1045 242 1077 ego
257 1033 363 1065 lande
378 1031 506 1066 veham
524 1033 634 1076 gratis
649 1030 885 1076 hominesque
900 1032 1069 1076 deosque.

63 1084 135 1118 Per
150 1084 309 1130 liquidos
327 1097 435 1118 aurae
453 1091 587 1118 tractus
604 1097 683 1117 cum
703 1083 862 1116 carmine
883 1084 1045 1116 tendens.

63 1136 234 1182 Dumque
252 1148 343 1169 cano
356 1163 365 1175 ‚
393 1136 516 1181 pulsae
534 1137 695 1169 referunt
714 1136 758 1167 ad
776 1135 891 1168 sidera
910 1135 1033 1173 valles,

63 1187 111 1221 Et
128 1188 289 1232 linguam
307 1189 408 1221 solvo
426 1200 533 1232 supra
553 1194 660 1231 caput
677 1199 762 1219 arva
785 1186 980 1226 colentum,

65 1239 146 1285 Qua
164 1239 262 1273 soleo
281 1252 385 1273 curas
401 1239 532 1273 animis
550 1246 711 1272 avertere
728 1239 885 1271 moestis.

64 1291 158 1325 Huic
174 1291 313 1325 volucri
331 1298 515 1336 acceptum
528 1318 537 1331 ‚
564 1291 592 1324 si
613 1291 698 1336 quid
716 1303 793 1323 mea
811 1289 971 1322 carmina
992 1301 1072 1333 pos-

696 1349 790 1381 sunt,

64 1395 284 1429 Refferimus
294 1394 325 1441 ⁹)
339 1422 348 1435 ‚
378 1394 541 1440 votisque
559 1394 658 1427 illum
679 1392 766 1426 haec
787 1393 823 1424 in
840 1404 949 1436 regna
969 1404 1072 1425 voca-

698 1458 788 1478 mus.

66 1499 124 1533 Sic
141 1499 212 1538 ait,
240 1505 275 1531 et
292 1499 400 1532 misso
418 1509 541 1531 rursus
559 1497 656 1530 velut
676 1503 757 1530 ante
775 1496 923 1535 Senatu,

66 1551 219 1585 Tollunt
237 1562 272 1583 se
290 1550 453 1583 volucres
472 1549 576 1582 celeri
597 1561 704 1592 super
723 1557 805 1583 aera
826 1548 942 1591 lapsu,

65 1602 159 1637 Nam
176 1614 253 1635 sors
270 1607 400 1634 eventu
417 1613 646 1644 congressum
666 1601 749 1633 lusit
766 1599 878 1632 inani.

67 1653 305 1688 Grammatici
329 1659 487 1691 certant,
517 1659 551 1685 et
571 1650 686 1685 adhuc
703 1652 800 1684 velut
819 1663 944 1695 aspera
963 1650 1072 1684 versis

65 1706 228 1740 Flatibus
246 1705 404 1748 ambigui
422 1704 653 1737 committunt
671 1703 805 1748 praelia
826 1702 936 1742 venti,

65 1758 112 1792 Et
133 1769 263 1801 magna
283 1757 475 1789 involvunt
492 1757 618 1788 umbra
637 1762 843 1801 terramque
864 1755 1072 1800 polumque.

66 1809 213 1854 Iamque
231 1808 268 1840 in
286 1809 474 1853 procinctu
494 1807 649 1841 Cuculus
668 1819 731 1851 per
749 1814 872 1852 tesqua
893 1806 1048 1845 volutus,

66 1860 177 1895 Errat
194 1861 300 1904 inops
317 1860 429 1892 animi
450 1867 483 1892 et
502 1872 537 1893 se
556 1866 659 1903 putre
676 1859 811 1903 recepit
828 1859 863 1890 in
883 1865 1046 1891 antrum:

66 1912 193 1958 Qualis
210 1924 315 1956 saepe
332 1912 430 1945 rubis
449 1911 554 1945 latuit
569 1918 768 1945 nocturnus
787 1911 947 1950 abactor,

66 1965 139 2010 Qui
159 1965 336 2008 pecudum
355 1976 527 1997 numeros
546 1963 695 2003 minuit,
723 1964 903 2008 fessosque
919 1963 1057 1996 viantes

66 2016 98 2050 A
116 2022 217 2060 tergo
236 2027 411 2059 superans
428 2015 616 2049 laetalibus
635 2015 756 2048 obruit
773 2014 894 2048 armis.

172 2067 336 2112 Cumque
372 2080 508 2101 novum
543 2067 675 2111 vegetis
706 2067 898 2111 reparabat
930 2066 1072 2100 flatibus

697 2119 820 2152 orbem

66 2170 187 2204 Verna
207 2170 302 2211 dies,
330 2171 441 2204 denso
459 2183 629 2214 spargens
645 2183 705 2205 rus
723 2183 829 2204 omne
849 2169 981 2209 virore,

67 2221 115 2256 Et
130 2221 289 2266 tepidam
309 2223 471 2255 volucres
490 2223 684 2256 mulcentes
703 2223 865 2256 cantibus
884 2234 1009 2254 auram

67 2274 176 2318 Signa
197 2275 348 2307 dabant:
378 2273 532 2307 Cuculus
551 2274 681 2318 plumis
699 2275 788 2319 petit
805 2287 890 2307 arva
909 2273 1056 2313 renatis,

72 2327 187 2371 Atque
204 2327 310 2359 rudes
327 2326 442 2359 foetus
460 2325 641 2359 Currucae
663 2327 698 2359 in
716 2333 806 2359 tecta
826 2326 981 2370 reponit,

68 2376 117 2410 Et
135 2389 259 2411 morsu
277 2377 417 2411 violans
435 2390 568 2422 parvae
586 2378 676 2410 bibit
694 2391 759 2411 ova
778 2378 948 2423 parentis.

70 2428 234 2474 Cumque
252 2430 393 2462 infirma
413 2442 541 2473 parens
561 2430 701 2464 intenso
720 2432 849 2463 ardore
864 2429 1008 2463 reclusit

69 2480 286 2524 Ambiguam
303 2481 465 2526 prolem,
492 2488 568 2515 toto
589 2494 680 2527 quae
702 2483 831 2516 vertice
851 2495 959 2527 supra
983 2487 1046 2521 est,

69 2531 125 2566 En
142 2533 242 2565 rabie
260 2540 382 2577 pastus
398 2540 558 2567 ventrem
576 2534 782 2568 stimulante
794 2562 802 2575 ‚
831 2534 969 2568 tenellis

70 2583 220 2629 Excepit
234 2584 367 2618 victum
385 2586 496 2625 natis,
521 2584 649 2619 dehinc
668 2593 805 2620 vertere
822 2599 962 2620 morsus

70 2634 246 2680 Exiguam
265 2636 302 2669 in
319 2644 469 2671 matrem
490 2638 639 2682 penuria
659 2639 776 2683 adegit
794 2639 935 2673 edendi.

107 2755 138 2782 9)
158 2753 322 2778 nefferimus
334 2757 356 2785 ,]
378 2756 418 2780 sic
436 2756 485 2779 Ed.
499 2756 542 2786 2.;
570 2756 618 2779 Ed.
636 2756 656 2779 1.
678 2756 712 2779 Et
731 2755 857 2785 ferimus,

1097 115 1165 150 AD
1193 115 1335 150 VOLL.
1364 115 1491 151 l—X.
2057 119 2133 156 774

1124 202 1214 235 Ecce
1232 208 1351 236 autem
1371 201 1574 235 Philomela
1593 209 1674 237 tuos
1691 209 1881 249 postquam
1900 202 2019 239 hausit
2035 213 2131 239 uter-

1747 268 1816 300 que

1095 320 1098 352 y
1125 304 1349 345 Concentus,
1378 311 1412 338 et
1428 317 1497 338 vox
1516 306 1649 340 offensa
1668 307 1817 340 resultat
1832 307 1869 340 in
1888 320 2025 348 aurem,

1096 353 1098 401 ᾗ
1124 356 1188 390 His
1206 369 1314 400 super
1329 357 1467 390 accensi
1487 358 1631 391 confusa
1650 365 1768 391 mente
1788 360 1942 392 ruebant

1095 403 1099 459 Ι
1124 407 1163 440 ln
1183 404 1367 447 fremitus,
1397 408 1479 454 quia
1499 421 1582 441 nam
1602 416 1726 443 cantus
1747 422 1849 444 exosa
1870 417 2068 456 strepentes

1095 463 1098 490 ἔ
1125 460 1222 494 Gens
1240 459 1361 492 avium
1378 461 1485 493 docto
1502 459 1726 494 Philomelae
1746 475 1787 495 ex
1804 475 1866 495 ore
1884 463 2067 507 pependit.

1125 511 1360 556 Quapropter
1377 512 1541 546 volucres
1563 513 1633 545 iam
1654 525 1776 548 rursus
1795 514 1831 546 in
1851 515 1993 558 agmina
2013 515 2091 559 cogi

1123 563 1251 597 Edicto
1270 563 1386 604 iubet,
1415 561 1483 596 hae
1501 571 1604 598 coetu
1622 565 1763 598 subiere
1780 566 1972 611 frequenti,

1124 615 1175 648 Ac
1192 615 1340 648 Aedona
1363 622 1495 659 parant
1511 617 1658 649 rabidae
1676 618 1812 650 sociare
1830 618 1982 659 volucri,

1123 669 1216 707 Aut,
1243 668 1340 712 quod
1354 668 1425 700 fata
1448 667 1546 711 prius
1564 675 1777 702 convertant
1796 681 1902 702 omen
1921 670 1957 702 in
1975 670 2081 714 ipsas,

1095 706 1098 764 l
1123 719 1194 752 Seu
1220 718 1275 759 vi,
1302 720 1376 753 sive
1400 719 1492 753 dolis
1514 718 1753 753 Philomelam
1781 722 1967 755 absumere
1992 729 2129 756 certum

1095 766 1098 828 j
1756 779 1817 806 est.

1096 832 1098 868 J
1123 822 1242 855 Sensit
1260 822 1355 855 enim
1373 834 1408 855 se
1427 821 1664 866 ignominiam
1684 835 1750 867 pro
1768 824 1872 857 laude
1891 825 2037 865 referre,

1095 870 1098 911 g*
1123 874 1240 920 Seque
1257 874 1330 918 pati
1351 880 1492 918 turpem
1509 881 1627 919 spreta
1648 887 1727 908 cum
1746 887 1832 908 voce
1851 877 2043 920 repulsam,

1095 917 1097 963 ᾗ
1124 925 1293 959 Carmina
1314 927 1399 959 dum
1419 938 1524 959 sanas
1540 924 1743 960 Philomela
1762 929 1912 960 referret
1929 929 1973 961 ad
1996 941 2099 962 aures

1122 976 1163 1010 ld
1181 984 1365 1018 metuens,
1394 975 1506 1010 trahit
1523 978 1560 1010 in
1578 986 1697 1023 partes
1715 979 1774 1024 qui
1794 979 1890 1023 pacis
1907 979 2052 1025 iniquae

1095 1029 1098 1078 ξ
1124 1028 1293 1074 Imponat
1310 1030 1422 1074 leges,
1452 1036 1486 1062 et
1503 1037 1646 1074 pectora
1664 1031 1808 1064 foedere
1826 1031 1962 1075 iungat.

1095 1084 1098 1120 1
1124 1083 1244 1126 Atque
1261 1079 1367 1114 huius
1383 1082 1466 1114 fidei
1485 1094 1540 1116 res
1561 1084 1809 1126 componenda
1830 1083 1951 1116 relicta
1977 1090 2039 1117 est.

1124 1132 1171 1165 Et
1189 1133 1273 1178 quia
1288 1133 1368 1166 felle
1381 1132 1426 1178 ¹⁰)
1442 1140 1550 1174 caret,
1573 1146 1628 1167 res
1646 1141 1697 1168 est
1714 1135 1903 1168 commissa
1917 1134 2129 1178 Columbae,

1096 1196 1099 1207 ³
1125 1184 1238 1226 Saepe
1256 1186 1370 1218 vicem
1387 1185 1447 1217 fidi
1464 1186 1610 1230 quando
1630 1186 1785 1220 cursoris
1801 1187 1927 1226 obivit,

1125 1236 1261 1270 Nuntia
1280 1249 1372 1282 quae
1388 1249 1531 1269 ramum
1549 1249 1690 1281 semper
1707 1238 1908 1272 frondentis
1927 1239 2043 1272 olivae

1125 1287 1199 1320 Ore
1218 1286 1371 1328 vehens,
1398 1289 1579 1333 specimen
1599 1289 1758 1334 dilapsae
1777 1290 1943 1334 praebuit
1960 1292 2091 1325 undae.

1125 1339 1194 1373 Sed
1212 1341 1350 1380 renuit,
1379 1342 1580 1386 duramque
1600 1341 1713 1374 vicem
1733 1354 1875 1376 versare
1893 1349 2044 1385 recusat,

1097 1417 1100 1461 ι
1125 1391 1209 1426 Non
1224 1404 1373 1436 operam
1392 1392 1605 1437 impendens
1623 1393 1745 1434 ullam,
1762 1406 1836 1427 non
1854 1406 1968 1440 aequa
1986 1395 2131 1439 roganti

1097 1475 1100 1494 ¹.
1125 1443 1240 1476 Antra
1259 1445 1359 1485 colo,
1387 1450 1422 1477 et
1438 1451 1582 1479 teneros
1599 1445 1703 1478 labor
1722 1452 1774 1479 est
1792 1447 1942 1480 educere
1963 1447 2092 1487 foetus,

1097 1495 1100 1537 ξ
1125 1495 1209 1529 Non
1226 1502 1391 1530 nostrum
1410 1496 1504 1529 inter
1522 1509 1584 1530 vos
1602 1504 1719 1531 tantas
1737 1510 1955 1542 componere
1972 1499 2062 1539 lites,

1097 1538 1100 1590 ξ
1126 1546 1268 1580 Mecum
1287 1546 1423 1588 habito,
1444 1555 1477 1581 et
1493 1549 1586 1582 vitae
1603 1561 1745 1583 cursum
1763 1550 1838 1583 sine
1854 1551 1979 1583 fraude
1998 1550 2132 1595 peregi.

1097 1595 1100 1641 ξ
1126 1598 1194 1632 Sed
1213 1599 1242 1632 si
1261 1606 1382 1634 tantus
1399 1612 1502 1634 amor
1521 1600 1599 1645 paci
1616 1601 1825 1635 submittere
1847 1608 1996 1641 mentes,

1097 1645 1101 1702 ’ᾗ
1125 1649 1182 1683 En
1198 1653 1323 1684 adsum
1337 1678 1346 1691 ,
1375 1658 1508 1697 tuaque
1528 1665 1572 1685 en
1590 1653 1685 1686 ultro
1705 1655 1875 1686 mandata
1895 1655 2078 1688 facessam.

1098 1706 1101 1745 ξ
1127 1702 1206 1736 Neu
1224 1715 1281 1735 me
1301 1703 1388 1736 alias
1407 1710 1508 1736 tanto
1529 1711 1686 1748 exponat
1702 1717 1801 1739 mens
1819 1706 1897 1738 leva
1917 1706 2065 1749 periclo,

1126 1753 1177 1786 Ut
1192 1755 1317 1787 subeat
1335 1755 1435 1787 dirae
1453 1756 1566 1799 gentis
1584 1762 1772 1800 penetrare
1792 1757 1958 1797 latebras,

1098 1747 1100 1764 l

1098 1775 1101 1787 l

1098 1807 1101 1838 ἑ
1126 1805 1172 1839 Et
1187 1806 1311 1840 Cuculi
1331 1819 1499 1851 praesens
1517 1807 1641 1841 audire
1662 1814 1695 1841 et
1711 1809 1860 1841 reddere
1879 1821 2000 1842 voces:

1098 1854 1101 1864 l

1098 1869 1101 1879 ⁸
1127 1858 1209 1892 Non
1229 1859 1319 1892 bene
1335 1871 1413 1891 cum
1434 1860 1582 1903 placidis
1600 1859 1752 1892 immitia
1772 1862 1878 1893 corda
1900 1858 2105 1894 cohaerent.

1126 1909 1171 1943 Et
1190 1911 1218 1944 si
1236 1911 1302 1943 rite
1320 1923 1459 1943 memor
1478 1912 1656 1945 maiorum
1677 1913 1836 1957 exempla
1856 1913 2018 1952 revolvo,

1126 1961 1251 1996 Suevit
1265 1962 1302 1995 in
1320 1963 1566 2007 Accipitris¹¹)
1586 1963 1739 1997 Cuculus
1757 1965 1911 2008 migrare
1928 1966 2093 2008 figuram,

1127 2014 1177 2047 Ut
1194 2016 1378 2060 quondam
1401 2016 1536 2049 exuviis
1553 2015 1691 2049 Erucae
1708 2016 1817 2049 blatta
1839 2023 1990 2050 creatur.

1127 2066 1272 2107 Crines,
1301 2079 1374 2099 non
1393 2068 1554 2100 animum
1576 2074 1691 2101 mutat
1709 2068 1813 2112 lupus
1830 2068 1925 2102 intus
1944 2080 2106 2101 avarum.

1125 2118 1222 2151 Haec
1247 2119 1307 2151 ubi
1334 2119 1449 2160 dicta,
1479 2126 1610 2152 vovent
1630 2120 1805 2153 furiarum
1831 2120 1868 2153 in
1884 2120 1963 2153 iura
1984 2119 2129 2153 Colum-

1750 2173 1847 2213 bam,

1125 2222 1173 2255 Et
1193 2234 1346 2256 numero
1364 2223 1558 2256 excludunt
1574 2221 1631 2256 hei
1649 2224 1754 2268 plana
1774 2231 1807 2256 et
1825 2236 1911 2258 sana
1930 2224 2130 2270 loquutam.

1124 2273 1272 2320 Iamque
1309 2275 1438 2307 iterum
1475 2286 1552 2308 sors
1588 2276 1694 2309 missa
1731 2276 1844 2315 cadit,
1880 2283 1985 2321 teque
2013 2275 2129 2321 Ispida

1751 2327 1890 2372 Coccyx

1125 2378 1342 2411 Adiunctam
1361 2377 1530 2418 Merulis,
1558 2391 1650 2424 quae
1669 2379 1805 2424 liquida
1821 2387 1947 2423 stagna
1964 2379 2130 2425 frequen-

1757 2437 1847 2471 tant,

1126 2480 1180 2514 Ire
1200 2481 1298 2514 iubet
1315 2481 1445 2515 tabulis
1466 2482 1656 2515 intructam
1677 2494 1716 2515 ac
1735 2489 1810 2515 arte
1828 2483 1988 2527 Pelasga.

1126 2532 1180 2566 Illi
1198 2545 1310 2577 pauca
1331 2534 1439 2566 refert
1455 2534 1599 2574 Aedon,
1628 2534 1710 2580 quia
1729 2547 1839 2568 verna
1858 2535 2026 2568 subibant

1127 2585 1333 2629 Tempora,
1362 2598 1440 2618 cum
1459 2586 1597 2618 dulcem
1618 2587 1682 2619 sub
1700 2587 1830 2630 apertis
1850 2585 2003 2619 aetheris
2021 2584 2093 2618 oris

1099 2708 1103 2767 ί
1166 2712 1210 2744 10)
1231 2714 1311 2741 telle]
1332 2713 1374 2736 sic
1400 2713 1448 2738 Ed.
1464 2713 1507 2743 2.;
1536 2714 1583 2738 Ed.
1600 2715 1622 2739 1.
1643 2715 1716 2738 velte

1166 2756 1211 2787 11)
1231 2756 1397 2786 accipitris]
1422 2757 1471 2781 Ed.
1488 2758 1511 2783 1.
1535 2759 1594 2788 typ.
1614 2763 1726 2781 errore:
1755 2755 1888 2786 Accipit-is

1622 2790 1710 2826 49*
