2421 3037
238 108 315 146 535

345 195 435 231 LIX.
478 196 532 230 De
550 202 673 230 sancto
693 192 857 227 Iohanne
883 193 1035 235 dicitur,
1065 206 1146 227 cum
1173 193 1251 240 qui-

240 251 323 283 dam
344 249 510 283 venirent
535 260 575 281 ac
598 248 888 291 interrogarent,
925 259 969 279 an
995 253 1090 279 recte
1114 247 1253 281 fecisset

241 303 383 347 sapiens
409 301 463 333 vir
488 312 527 332 ac
549 297 789 344 philosophus
809 296 943 332 Thales
967 298 1139 333 abiiciens
1166 311 1253 344 opes

242 354 279 387 in
307 364 427 391 mare,
457 352 647 396 respondit
663 349 866 392 Iohannes,
894 351 1012 395 Magis
1039 364 1113 385 esse
1138 351 1254 385 stulti-

240 406 326 438 tiam
347 416 456 450 quam
476 403 705 448 sapientiam.
759 404 855 438 Nam
875 416 961 449 opes
979 416 1052 438 esse
1071 410 1254 437 creaturas

240 457 328 497 Dei,
356 468 375 489 3
389 455 467 489 Deo
488 462 627 490 creatas
645 457 690 490 ad
710 457 949 491 conferendos
968 456 1005 489 in
1023 457 1140 491 bonos
1157 469 1255 490 usus.

381 550 729 585 Constantinus
758 558 799 584 et
826 550 1114 599 Liciniusw).

346 627 419 662 LX.
457 626 546 661 Erat
569 634 714 673 pactum
738 628 949 674 religiosum
975 628 1070 662 inter
1098 628 1254 672 collegas

241 682 430 716 Romanos
444 679 687 725 Imperatores
706 681 986 716 Constantinum
1007 687 1041 714 et
1057 680 1254 721 Licinium,

240 747 286 768 ne
308 734 398 767 alter
423 732 528 766 alteri
552 733 686 767 bellum
711 733 879 774 inferret,
917 732 1054 777 sonbetn
1079 736 1139 769 ῦαέ
1167 734 1255 769 einez?

241 790 311 823 bem
330 788 456 822 unbem
475 785 588 831 &bren
606 787 751 832 cneigen
769 784 832 829 solt
847 788 912 822 nub
931 786 990 830 bet)
1007 787 1164 822 einanbet
1182 786 1254 831 bat:

241 844 307 875 ten.
361 838 431 873 Sed
449 844 571 872 tamen
592 838 852 873 Constantinus
870 838 993 872 intulit
1009 839 1143 872 bellum
1160 837 1256 872 Lici-

240 892 303 925 nio
323 897 357 924 et
373 897 468 924 recte
486 891 586 931 fecit,
615 891 700 937 quia
727 904 805 925 cum
826 890 987 925 Licinius
1012 891 1118 924 valde
1141 890 1256 925 saevi-

241 951 296 978 ret
314 943 353 976 in
369 941 616 984 Christianos,
645 940 843 977 Christiani
861 943 1108 977 defensionem
1130 955 1148 977 a
1160 942 1256 977 Con-

242 996 403 1031 stantino
439 995 623 1040 petebant.
692 995 815 1041 Quare
850 994 1111 1030 Constantinus
1148 1008 1255 1041 saepe

241 1048 386 1093 rogavit
399 1046 580 1081 Licinium
596 1075 605 1088 ,
633 1059 678 1080 ne
700 1048 750 1081 ita
779 1047 934 1082 saeviret
956 1048 994 1081 in
1010 1046 1254 1087 Christianos;

242 1103 303 1136 sed
318 1099 480 1134 Licinius
499 1100 613 1134 multo
634 1100 748 1146 magis
766 1100 803 1134 in
821 1112 881 1135 eos
906 1101 1032 1135 saevit.
1097 1100 1255 1135 Conten-

241 1161 298 1187 tus
330 1153 405 1198 ipse
429 1152 690 1187 Constantinus
722 1153 857 1187 bellum
882 1151 1025 1187 Licinio
1056 1153 1180 1187 intulit
1214 1166 1256 1187 ac

243 1219 324 1240 eum
351 1217 464 1250 regno
493 1205 648 1250 expulit,
688 1206 747 1239 vix
772 1205 803 1239 ei
829 1212 980 1251 propter
1004 1206 1140 1240 sororis
1169 1218 1254 1240 suae

241 1269 365 1303 preces
395 1258 506 1291 vitam
529 1259 682 1292 donans.
737 1258 899 1292 Tantum
926 1265 1045 1292 autem
1074 1265 1254 1292 terrorem

241 1310 472 1344 Diocletiano
491 1309 571 1356 (qui
589 1323 668 1344 cum
687 1308 829 1344 Licinio
855 1311 1132 1346 confoederatus
1159 1312 1253 1358 erat)

245 1363 387 1408 impulit
399 1390 407 1403 ‚
436 1369 475 1397 ut
491 1363 558 1398 sihi
575 1363 642 1408 ipsi
663 1363 899 1398 conscisceret
916 1371 1084 1398 mortem.

345 1413 436 1450 LXI.
478 1415 676 1461 Tyrannus
700 1415 914 1450 Vincentius
942 1416 1040 1451 misit
1065 1417 1111 1449 ad
1143 1428 1254 1462 quen-

243 1470 325 1502 dam
344 1466 537 1503 honestum
556 1468 669 1501 civem
686 1467 919 1502 Vincentium
932 1496 941 1509 ,
968 1482 1008 1502 ac
1025 1468 1188 1513 rogavit,
1216 1474 1256 1502 ut

243 1520 310 1555 sihi
328 1533 431 1555 suam
457 1520 617 1554 mitteret
642 1520 766 1555 filiam.
820 1521 930 1554 Pater
947 1521 1158 1566 denegaxit,
1187 1533 1256 1553 no-

243 1573 310 1607 luit
343 1573 437 1606 enim
474 1585 576 1607 suam
613 1573 831 1632 prostituere
862 1573 986 1608 filiam.
1042 1547 1256 1618 Tyrannus

242 1625 341 1659 misit
357 1625 546 1666 satellites,
582 1631 622 1658 ut
646 1625 681 1658 vi
699 1637 777 1658 eam
798 1632 982 1670 raperent.
1034 1625 1144 1671 Quod
1174 1638 1255 1659 cum

242 1679 376 1712 iactum
412 1684 481 1718 est,
532 1684 566 1711 et
596 1677 792 1723 Tyrannus
820 1678 891 1711 filia
927 1684 1037 1712 noctu
1071 1691 1155 1712 usus
1193 1685 1256 1718 est,

243 1743 349 1764 mane
369 1742 448 1764 eam
467 1729 562 1775 patri
579 1729 767 1764 dissectam
788 1731 937 1765 domum
958 1730 1109 1765 remisit.
1146 1730 1255 1763 Pater

243 1784 279 1817 id
298 1783 424 1818 videns
447 1783 662 1828 perterritus
686 1794 727 1816 ac
752 1783 857 1816 valde
886 1783 979 1816 male
1000 1784 1119 1817 ferens
1144 1783 1255 1816 filiam

242 1836 293 1870 ita
319 1836 508 1870 dissectam
533 1835 571 1868 in
596 1841 762 1870 senatum
793 1835 910 1876 misit,
953 1848 994 1869 ac
1024 1842 1139 1869 totam
1177 1847 1255 1869 rem

244 1888 384 1923 senatui
416 1888 593 1933 exposuit.
661 1888 815 1923 Senatus
844 1900 885 1922 ac
912 1900 1037 1923 omnes
1070 1888 1132 1921 alii
1162 1888 1257 1923 cixes

242 1938 280 1974 h¹
272 1954 312 1974 ac
329 1954 368 1975 re
386 1941 478 1974 moti
502 1940 803 1986 conspiraverunt
826 1941 865 1974 in
886 1953 1020 1981 unum,
1055 1953 1094 1974 ac
1113 1940 1170 1987 Ty
1174 1953 1257 1974 ran-

243 2006 331 2027 num
360 1993 586 2039 expulerunt.
648 1993 759 2027 Recte
782 1994 879 2027 enim
901 1994 1085 2034 fecerunt,
1123 2000 1157 2027 et
1181 2006 1256 2027 non

242 2047 390 2080 suerunt
406 2046 580 2087 seditiosi,
598 2046 682 2092 quia
698 2044 906 2081 habuerunt
922 2046 1052 2080 iustam
1072 2052 1106 2080 et
1120 2053 1255 2080 rectam

245 2111 408 2135 causam.-

350 2151 457 2187 LXII.
504 2152 663 2198 Quidam
696 2152 838 2198 lapsum
870 2153 908 2186 in
934 2152 1070 2186 flumen
1099 2164 1179 2186 serx
1183 2151 1257 2185 av1t

247 2206 404 2240 immissa
424 2203 546 2245 hasta,
576 2212 610 2239 et
627 2205 677 2238 ita
697 2205 823 2239 effodit
842 2205 875 2238 ei
895 2205 1051 2239 oculum.
1107 2204 1136 2237 Ι
1139 2205 1257 2238 ibera—

245 2265 363 2292 torem
386 2264 550 2298 accusat,
578 2259 638 2292 sed
667 2258 798 2292 iniuste
823 2258 926 2296 facit;
963 2258 1039 2290 iion
1065 2257 1160 2291 enim
1191 2269 1255 2291 suo

244 2310 434 2344 liberatori
450 2310 628 2344 eiusmodi
644 2310 817 2344 talionem
837 2311 972 2344 referre
987 2309 1179 2344 debuisset.

347 2361 470 2397 LXIII.
510 2363 729 2396 Materterae
754 2361 848 2397 Phil.
874 2361 1121 2397 Melanthonis
1147 2361 1257 2395 mari-

244 2421 301 2449 tus
318 2427 398 2449 curn
417 2422 506 2449 esset
524 2422 702 2456 mortuus,
729 2416 790 2449 illa
807 2423 889 2461 post
906 2428 1067 2462 paucos
1058 2416 1266 2449 admodum

246 2467 320 2501 dies
339 2468 492 2502 sedens
485 2468 632 2512 gravida
660 2470 705 2501 ad
725 2469 868 2509 focum,
904 2475 939 2502 et
962 2467 1079 2502 adhuc
1104 2474 1257 2508 moesta,

246 2520 385 2554 audivit
397 2521 677 2554 ascendentem
669 2533 705 2553 ln
723 2523 837 2565 gradu
852 2521 1025 2555 maritum
1045 2533 1125 2555 cum
1144 2520 1265 2565 longo

245 2573 404 2617 quodam
423 2570 619 2606 Monacho.
666 2572 822 2612 Maritus
839 2585 916 2607 eam
936 2574 1089 2613 salutat,
1118 2585 1158 2606 ac
1176 2585 1254 2607 eam

245 2637 309 2658 suo
338 2626 485 2659 nomine
514 2625 682 2670 appellat.
738 2624 800 2658 ΙΙΙι
829 2627 1057 2671 expavestcta
1086 2623 1178 2659 nihil
1202 2638 1258 2659 re-

244 2678 422 2721 spondere
441 2678 571 2723 potuit.
617 2677 786 2712 Maritus:
817 2678 902 2712 7Noli
923 2691 1179 2723 expſtrixescere
1202 2678 1256 2711 in-

278 2778 327 2808 ¹29)
349 2778 496 2810 Licinius]
517 2780 584 2806 Cod.
606 2781 630 2804 h.
644 2781 663 2807 Ι,
684 2784 711 2805 et
731 2780 758 2805 in
777 2786 872 2812 seqq&
899 2779 1044 2812 Lycinius

874 105 999 142 PHIL.
1027 106 1143 142 MEL.
1172 104 1379 141 SCRIPTA
1405 104 1677 141 HISTORICA.

1281 1571 1286 1803 ι

2239 103 2316 142 536

1308 192 1407 238 quit,
1436 205 1514 226 mea
1539 205 1650 232 uxor3
1685 205 1762 227 sum
1793 191 1889 225 enim
1914 198 1995 226 tuus
2021 193 2192 235 maritus,
2226 192 2319 228 nihil

1307 243 1365 278 hic
1393 245 1457 277 tibi
1484 245 1635 290 periculi
1661 252 1731 286 est,
1773 256 1923 279 maneas
1952 251 2106 280 tantum.
2175 245 2319 280 Deinde

1308 297 1411 332 iussit
1430 295 1652 331 Monachum
1672 297 1817 330 interim
1842 297 1979 331 intrare
2002 294 2247 343 hypocausta,
2278 310 2320 332 ac

1309 350 1384 395 ipse
1414 363 1493 383 cum
1520 361 1633 383 uxore
1657 350 1770 383 multa
1796 349 1937 384 locutus
1962 356 2014 384 est
2037 351 2080 383 de
2105 350 2250 390 liberis,
2284 357 2321 384 et

1310 415 1389 436 cum
1410 414 1474 448 per
1493 400 1712 436 semihoram
1730 403 1803 436 sere
1821 402 1962 436 locutus
1982 409 2073 436 esset
2092 414 2173 436 cum
2195 413 2322 443 uxore,

1310 467 1415 489 suum
1447 454 1632 488 revocavit
1664 455 1849 495 sodalem,
1886 461 1920 488 et
1952 454 2055 489 iussit
2081 454 2151 489 sibi
2181 453 2323 499 porrigi

1310 507 1473 540 dextram
1490 507 1626 542 uxoris.
1673 506 1736 540 Illa
1756 507 1882 540 timida
1901 508 1959 540 vix
1978 507 2141 551 porrexit
2157 517 2322 541 manum.

1310 558 1465 593 Maritus
1483 572 1561 593 eam
1579 559 1758 605 accipiens
1781 566 1896 593 totam
1922 559 2102 601 amburit,
2137 565 2172 593 et
2194 564 2322 604 postea

1310 611 1482 646 discessit.
1543 612 1629 646 Fuit
1650 619 1769 647 autem
1797 611 1960 647 mulieris
1985 624 2116 646 manus
2143 611 2323 652 ambusta,

1309 664 1425 698 donec
1441 664 1590 700 viveret.

1414 715 1553 752 LXlIlI.
1583 717 1734 752 Carolus
1746 717 1891 759 Caesar,
1908 731 1988 752 cum
2005 717 2155 765 quidam
2174 716 2324 751 inferio-

1309 768 1359 803 ris
1381 768 1602 804 Germaniae
1637 769 1804 806 hOmines
1828 771 1861 805 ei
1887 771 2062 805 offerrent
2088 770 2127 804 in
2149 771 2326 816 peristro-

1310 822 1468 856 matibus
1500 823 1636 868 optime
1665 829 1799 857 textam
1824 830 1939 858 totam
1963 822 2214 870 historiamw)
2235 822 2323 857 belli

1310 873 1518 919 Papiensis,
1551 882 1585 910 et
1605 875 1794 910 cuiuslibet
1813 888 1949 910 nomen
1972 883 2063 912 esset
2086 876 2324 921 adscriptum,

1309 927 1428 960 noluit
1446 928 1606 973 recipere
1623 928 1776 968 Caesa1·;
1812 935 1937 974 postea
1962 928 2088 963 deletis
2111 927 2324 962 nominibus

1308 979 1457 1025 recepit.
2241 1023 2247 1026 .

1414 1031 1522 1067 LXV.
1567 1032 1727 1079 Quidam
1754 1033 2018 1078 interrogatus,
2053 1045 2142 1067 num
2167 1030 2326 1066 audivis-

1309 1091 1362 1119 set
1379 1085 1516 1132 aliquid
1533 1085 1640 1126 novi,
1668 1085 1858 1130 respondit
1882 1098 1918 1120 se
1936 1085 2067 1120 vidisse
2086 1097 2239 1130 porcum
2259 1096 2326 1117 vo-

1309 1138 1457 1172 lantem.
1512 1138 1609 1172 Tum
1626 1139 1704 1172 ille:
1734 1138 1832 1184 Quid
1851 1139 1961 1172 audes
1979 1144 2054 1172 tam
2074 1143 2198 1182 aperte
2221 1148 2324 1170 men-

1309 1189 1396 1224 tiri?
1425 1203 1511 1224 num
1530 1191 1655 1224 volant
1670 1190 1720 1224 sic
1733 1190 1861 1236 porci?
1915 1190 2008 1224 Huic
2028 1189 2177 1236 quidam
2200 1201 2243 1222 ex
2260 1189 2324 1222 ad-

1310 1243 1488 1277 stantibus
1517 1243 1623 1277 dixit:
1660 1242 1756 1277 Num
1787 1243 1938 1287 ‚videtur
1966 1241 2037 1277 hoc
2065 1242 2132 1275 tibi
2163 1239 2323 1274 mirum?

1308 1296 1471 1331 fortassis
1488 1309 1620 1342 porcus
1636 1296 1704 1329 fuit
1723 1301 1849 1341 captus
1868 1296 1913 1329 ab
1930 1295 2051 1342 aquila
2080 1300 2143 1328 aut
2167 1293 2324 1328 vulture.

1310 1348 1437 1394 Qualis
1455 1348 1714 1393 interrogatio,
1742 1347 1823 1382 talis
1843 1347 2046 1393 responsio.

1413 1400 1538 1436 LXVI.
1581 1398 1840 1447 Pyrrhichium
1859 1399 1907 1447 ³¹)
1946 1399 2123 1445 oppidum
2156 1396 2261 1443 Epiri
2276 1394 2325 1444 ³²)

1310 1466 1390 1487 cum
1411 1460 1500 1488 esset
1519 1460 1662 1498 captum
1684 1459 1719 1486 et
1736 1452 1859 1485 omnia
1876 1453 1914 1485 in
1931 1457 2147 1497 potestatem
2164 1449 2324 1484 militum

1309 1513 1507 1546 xenerant,
1543 1506 1683 1552 aliquot
1707 1505 1839 1539 milites
1866 1501 2188 1550 deprehenderunt
2213 1501 2344 1546 virgi-.

1310 1571 1393 1592 nem
1425 1558 1529 1592 valde
1562 1558 1748 1598 divitem,>
1774 1558 1891 1590 forma
1916 1562 2185 1602 praestantem,
2217 1553 2325 1600 pudi-

1312 1623 1389 1644 cam
1404 1639 1412 1652 ‚
1442 1617 1476 1644 et
1495 1623 1536 1644 ex
1552 1608 1817 1644 honestissimis
1841 1609 2054 1655 parentibus
2076 1614 2215 1642 natam.
2269 1605 2322 1640 Ea

1311 1676 1393 1696 cum
1413 1663 1546 1698 milites
1562 1663 1663 1697 abuti
1682 1663 1816 1696 vellent
1842 1663 1887 1695 ad
1912 1661 2198 1707 turpitudinem,
2232 1658 2325 1704 peti-

1311 1713 1363 1749 vit
1388 1716 1540 1757 misera,
1576 1727 1621 1749 ne
1646 1715 1715 1749 sibi
1741 1721 1906 1760 stuprum
1931 1714 2112 1755 inferant,
2151 1724 2231 1746 eam
2254 1723 2322 1756 pro

1311 1766 1380 1801 hoc
1399 1768 1573 1802 beneficio
1590 1768 1698 1812 longe
1716 1767 1833 1801 maius
1851 1765 2099 1801 exhibiturum
2117 1776 2205 1800 esse.
2247 1763 2324 1797 Ro-

1312 1827 1398 1866 gant
1413 1821 1541 1866 igitur,
1571 1820 1659 1867 quid
1676 1819 1732 1854 sit.
1785 1818 1849 1852 Illa
1867 1818 2071 1864 promittit,
2093 1829 2130 1852 se
2155 1828 2221 1851 sua
2246 1821 2324 1849 arte

1311 1873 1444 1908 milites
1465 1885 1591 1907 omnes
1616 1873 1698 1906 illos
1723 1870 2030 1918 invulneratosffi)
2056 1870 2197 1903 efficere
2218 1868 2326 1908 velle,

1311 1926 1361 1959 ita
1382 1932 1422 1960 ut
1439 1926 1483 1959 ab
1502 1925 1602 1960 omni
1622 1925 1784 1970 periculo
1801 1923 1839 1957 in
1858 1924 1952 1958 bello
1970 1929 2087 1958 essent
2105 1921 2186 1956 tuti.
2240 1920 2324 1954 Pla-

1312 1986 1367 2012 cet
1386 1978 1576 2013 consilium
1595 1977 1789 2018 militibus,
1819 1983 1853 2010 et
1871 1977 2015 2017 iubent,
2042 1981 2084 2010 ut
2110 1972 2181 2008 hoc
2202 1973 2324 2014 faciat,

1312 2032 1472 2078 dantque
1493 2032 1600 2065 fidem
1617 2031 1717 2064 illam
1736 2030 1898 2064 illaesam
1920 2030 2010 2064 sore.
2064 2027 2178 2072 Virgo
2200 2025 2323 2061 statim

1312 2085 1580 2131 qualescunque
1597 2081 1729 2117 herbas
1753 2089 1917 2128 acceptas
1941 2080 2152 2121 contundit,
2170 2078 2323 2138 illisque

1312 2138 1401 2171 colla
1423 2137 1563 2171 oblinit.
1616 2136 1751 2170 Milites
1766 2136 1873 2169 fidem
1894 2133 2069 2169 habentes
2087 2131 2239 2178 virgini,
2267 2130 2323 2164 ni-

1311 2188 1363 2224 hil
1392 2190 1477 2224 mali
1503 2189 1746 2235 suspicantes,
1782 2187 1950 2222 feriunt
1941 2187 2096 2222 mvicem
2113 2185 2200 2219 laeti
2218 2183 2324 2224 colla,

1312 2249 1346 2277 et
1364 2255 1491 2277 omnes
1508 2243 1576 2276 sibi
1594 2242 1820 2277 consciscunt
1838 2248 2008 2275 mortem.
2062 2239 2115 2273 Ita
2140 2237 2244 2283 virgo
2267 2236 2322 2270 in-

1311 2302 1405 2329 tacta
1425 2296 1549 2329 evasit.

1415 2346 1555 2382 LXVII.
1596 2346 1823 2388 Fridericus,
1860 2346 2008 2393 quando
2034 2356 2115 2390 spes
2138 2342 2192 2376 illi
2217 2353 2322 2375 occu-

1311 2401 1515 2445 pandarum
1550 2400 1822 2445 provinciarum
1855 2398 2149 2444 proponebatur,
2191 2393 2322 2428 dixisse

1310 2454 1440 2487 fertur:
1471 2453 1547 2489 {Sir
1565 2454 1672 2500 baben
1689 2455 1788 2490 Ιαηῠέ
1807 2452 1946 2500 ςεηιιᾶ),
1973 2461 2046 2488 men
2064 2450 2127 2486 mit
2152 2452 2216 2486 ῠαῧ
2240 2447 2320 2483 fun:

1311 2509 1370 2543 ben
1388 2505 1550 2549 crbaIten.

1345 2610 1394 2638 30)
1414 2607 1572 2641 historiam]
1594 2608 1677 2633 Cod.:
1707 2607 1865 2639 hystoriam

1345 2652 1392 2684 31)
1413 2652 1623 2684 Pyrrhichium]
1644 2651 1726 2677 Com:
1752 2650 1930 2682 pyrrichium

1345 2697 1394 2729 32)
1414 2698 1507 2728 Epiri]
1528 2697 1610 2722 coci:
1636 2697 1727 2728 Ερμῆ

1345 2742 1393 2771 33)
1414 2742 1610 2767 iilvulueratos
1636 2741 1667 2773 (i.
1691 2749 1715 2773 q.
1744 2737 1997 2772 invulnerabiles)]
2025 2738 2066 2764 sic
2090 2735 2206 2771 scripsi3
2231 2734 2316 2760 Cod.:

1381 2778 1546 2801 vulneratos
