2389 3037
115 112 191 148 813

110 198 255 242 xaginta
280 195 440 242 quinque
461 195 556 235 dies,
589 201 624 228 et
641 196 878 241 quadrantem
895 197 989 237 fere,
1018 195 1110 229 divi-

749 109 1114 146 ADDITAMENTA
1138 109 1204 143 AD
1232 109 1374 145 VOLL.
1401 109 1524 145 l—x.

2083 118 2159 154 814

1163 195 1310 229 cabatur
1334 207 1450 229 annus
1474 207 1625 240 magnus
1648 194 1873 246 zvusudcfl),
1908 197 1978 234 hoc
1995 209 2065 243 est,
2093 203 2160 237 Ca-

110 254 235 284 serunt
258 248 295 280 in
320 246 509 281 duodecim
536 252 674 290 partes,
710 259 799 294 quas
819 247 985 282 similiter
1009 258 1109 280 men-
1133 256 1138 288 1
1163 246 1355 287 nicularis,
1382 253 1573 292 propterea
1600 250 1698 294 quod
1722 250 1865 284 initium
1885 250 1980 286 illius
1996 255 2161 288 sumeba-

111 313 166 336 ses
194 304 391 338 vocarunt,
423 309 498 331 non
528 295 652 332 habita
685 305 806 332 tamen
828 299 969 332 ratione
992 309 1109 331 novae

110 351 249 385 Lunae.
309 349 386 383 Hoc
408 361 504 382 anno
531 349 648 382 Solari
674 351 727 384 usi
753 357 836 384 sunt
859 349 1047 396 Aegyptii,
1076 355 1111 382 et

113 403 262 439 Persae;
317 407 351 434 et
385 407 507 445 postea
544 400 582 434 C.
610 400 719 436 Iulius
748 402 879 436 Caesar
907 401 1109 434 imitatione

110 453 393 499 Aegyptiorum,
435 464 538 486 suum
569 465 712 499 quoque
741 465 876 487 annum
901 453 945 486 ad
970 458 1109 485 motum

111 505 204 540 Solis
220 503 386 538 instituit.

214 604 283 638 Sed
302 602 359 637 hic
378 604 526 648 prodest
543 604 734 638 observare
752 603 965 638 discrimen:
994 605 1112 649 Aegy-

111 655 178 702 ptii
195 655 384 690 duodecim
403 667 542 690 menses
557 655 757 689 efficiebant
771 667 812 688 ex
829 655 953 689 diebus
970 667 1112 700 semper

112 707 282 752 triginta,
310 707 372 753 qui
387 707 576 741 duodecies
594 707 750 747 collecti,
779 707 1002 741 constituunt
1016 719 1111 741 sum-

111 771 210 792 mam
237 759 377 792 dierum
407 765 648 792 trecentorum
680 759 875 803 sexaginta.
937 758 1112 804 Reliquos

113 810 275 857 quinque
297 810 371 844 dies
395 810 588 856 quotannis
606 811 668 843 fini
687 810 806 844 ultimi
825 810 975 851 mensis,
1004 822 1109 856 quem

109 860 223 908 χοιάκ
242 862 453 902 nominant,
482 863 739 902 annectebant,
771 869 810 895 ut
829 874 944 896 annus
961 862 1112 907 quilibet

113 913 270 958 expleret
295 920 472 948 trecentos
495 914 675 958 sexaginta
701 914 860 960 quinque
886 914 971 947 dies.
1043 913 1112 946 Sed

114 966 350 1011 quadrantem
380 965 470 1005 diei,
513 965 573 1012 qui
601 966 760 999 abundat
785 977 892 1010 supra
921 965 994 998 dies
1020 964 1112 1005 illos,

112 1027 261 1061 prorsus
277 1017 517 1061 negligebant,
537 1029 654 1063 neque
671 1017 780 1051 ullam
799 1016 1110 1049 intercalationem

115 1067 222 1101 aliam
250 1069 500 1102 admittebant.
568 1069 652 1114 Quo
675 1068 801 1107 fiebat,
837 1074 876 1101 ut
902 1068 1011 1112 primi
1037 1068 1112 1101 dies

113 1119 291 1153 mensium
310 1126 407 1152 retro
429 1120 681 1160 ascenderent,
709 1118 775 1153 hac
799 1120 895 1163 lege,
923 1125 963 1153 ut
984 1119 1112 1165 quinto

114 1182 258 1216 quoque
288 1182 384 1204 anno
419 1171 556 1216 primus
582 1171 656 1206 dies
685 1171 792 1215 primi
821 1171 970 1211 mensis,
1005 1183 1112 1216 quem

113 1222 281 1267 Aegyptii
297 1221 392 1257 3153
407 1223 648 1267 appellabant,
672 1223 707 1255 in
725 1223 996 1267 praecedentem
1019 1223 1113 1255 diem

113 1273 406 1318 transmigraret,
444 1275 541 1319 quod
573 1275 650 1307 fieri
685 1286 826 1308 necesse
861 1280 938 1307 erat
965 1280 1114 1318 propter

115 1325 287 1359 omissum
320 1325 415 1358 diem
450 1326 722 1367 intercalarem,
765 1338 806 1359 ex
837 1332 994 1371 quatuor
1027 1338 1114 1371 qua-

114 1377 303 1411 drantibus
329 1377 527 1411 collectum.
581 1377 711 1411 Scribit
736 1384 852 1410 autem
876 1376 1112 1411 Censorinus:

113 1429 222 1462 Anno
258 1428 356 1462 urbis
392 1429 688 1472 octingentesimo
721 1428 955 1473 nonagesimo
982 1429 1115 1473 primo,

115 1479 178 1525 qui
201 1480 310 1514 suerit
333 1491 448 1513 annus
471 1481 646 1514 secundus
673 1480 900 1525 Olympiadis
925 1480 1114 1514 vicesimae

115 1542 235 1564 nonae
259 1543 366 1575 supra
393 1532 694 1572 ducentesimam,
720 1532 878 1576 primum
905 1531 999 1564 diem
1016 1544 1115 1565 men-

115 1582 162 1616 sis
194 1580 290 1616 19w'3*
323 1583 548 1626 respondisse
584 1583 754 1617 vicesimo
782 1583 853 1616 diei
881 1582 996 1616 nostri
1022 1582 1114 1617 Iulii.

114 1633 255 1668 Rursus
278 1639 359 1677 post
385 1645 499 1667 annos
525 1640 686 1673 centum,
715 1632 783 1667 hoc
805 1640 873 1673 est,
901 1646 998 1667 anno
1016 1635 1115 1669 urbis

116 1685 390 1730 nongentesimo
417 1686 649 1729 nonagesimo
675 1686 814 1729 primo,
842 1685 903 1730 qui
927 1686 1115 1719 1118111311-

115 1749 184 1770 nus
205 1737 381 1770 secundus
397 1736 624 1781 Olympiadis
648 1737 912 1770 ducentesimae
938 1737 1115 1782 quinqua-

116 1788 272 1832 gesimae
295 1794 466 1834 quartae,
503 1790 655 1822 eundem
681 1784 837 1833 primum
863 1789 957 1821 diem
984 1789 1115 1823 mensis

116 1837 212 1874 θώθ
243 1839 447 1883 congruisse
482 1852 562 1873 cum
595 1840 763 1874 vicesimo
789 1842 914 1886 quinto
939 1840 996 1873 die
1021 1839 1115 1874 lunii

115 1891 243 1925 nostri.
304 1891 556 1935 Reciprocavit
591 1892 699 1936 igitur
734 1891 802 1925 illis
833 1898 975 1925 centum
1011 1893 1115 1926 annis

115 1942 255 1987 primus
277 1942 352 1977 dies
367 1943 498 1977 mensis
516 1942 611 1978 θώθ
628 1956 691 1987 per
709 1943 835 1988 viginti
852 1944 1011 1989 quinque
1027 1944 1114 1985 dies,

116 2006 137 2027 a
174 1993 341 2028 vicesimo
376 1992 456 2028 Iulii
492 1995 529 2028 in
563 1995 770 2029 vicesimum
808 1995 973 2041 quintum
1010 1994 1114 2030 lunii.

116 2044 313 2079 Continent
329 2052 447 2079 autem
465 2053 607 2080 centum
623 2047 709 2080 anni
721 2047 869 2080 totidem
881 2047 1114 2092 Olympiades

115 2109 178 2132 seu
207 2097 340 2137 lustra,
379 2104 468 2143 quot
499 2105 582 2132 sunt
613 2099 688 2133 dies
709 2099 802 2132 illius
836 2099 1114 2143 anticipationis.

115 2147 212 2193 Ergo
235 2149 382 2193 singulis
399 2148 695 2194 Olympiadibus,
724 2150 824 2183 initia
853 2152 1026 2184 mensium
1045 2152 1114 2185 Ae-

116 2200 323 2245 gyptiorum
349 2207 537 2235 transeunt
561 2201 597 2234 in
620 2203 824 2246 proximum
852 2203 946 2235 diem
972 2214 1114 2246 praece-

117 2252 259 2285 dentem
284 2252 414 2286 mensis
437 2251 578 2286 Iuliani.
646 2253 700 2287 Ex
725 2255 854 2299 quibus
885 2254 1111 2287 manifestum

117 2309 188 2344 est,
231 2304 388 2348 primum
433 2304 527 2337 diem
565 2305 696 2338 mensis
731 2302 843 2346 θώθ,
887 2313 921 2338 et
957 2312 1114 2340 caeteros

118 2366 243 2389 omnes
274 2356 368 2399 apud
394 2356 610 2400 Aegyptios,
646 2357 809 2390 similiter
840 2363 880 2391 ut
904 2358 996 2401 apud
1025 2358 1114 2390 Ara-

116 2407 196 2447 bes,
231 2408 292 2440 sed
325 2407 437 2440 multo
461 2408 625 2451 longiore
652 2408 864 2448 intervallo,
900 2422 964 2453 per
989 2422 1114 2443 omnes

117 2458 193 2491 dies
218 2464 254 2492 et
278 2471 417 2492 menses
440 2459 550 2492 totius
573 2459 659 2491 anni
684 2458 813 2493 Iuliani
838 2461 959 2504 vagari
987 2461 1114 2501 solere,

118 2509 222 2543 annis
252 2510 417 2543 videlicet
449 2518 577 2555 quater
605 2511 771 2544 trecentis
805 2513 983 2556 sexaginta
1010 2513 1114 2558 quin-

119 2573 206 2607 que,
249 2559 318 2595 hoc
352 2568 421 2601 est,
468 2561 584 2602 1460,
626 2575 697 2607 quo
733 2569 895 2607 tempore
929 2564 1114 2609 Aegyptiis

119 2612 254 2646 accedit
295 2625 385 2647 unus
422 2625 537 2647 annus
578 2614 744 2647 collectus
789 2626 831 2647 cx
867 2616 1004 2650 omissis
1040 2614 1115 2649 365

119 2663 376 2709 Olympiadum
417 2665 540 2698 diebus
586 2665 869 2699 intercalaribus.
956 2667 1001 2699 Et
1047 2665 1115 2699 1108

120 2721 259 2760 tempus
290 2715 528 2760 complectens
556 2729 670 2751 annos
701 2717 895 2762 Aegyptios
923 2717 1019 2753 1461
1052 2731 1143 2765 vo-¹,

1163 304 1222 331 tur
1237 304 1340 338 tunc,
1369 310 1448 331 cum
1468 305 1567 334 ortus
1585 299 1690 341 sirii,
1719 307 1752 334 et
1769 302 1907 346 primus
1930 303 2005 338 dies
2029 306 2161 340 mensis

1162 345 1259 384 θώθ
1291 350 1549 393 congruebant.
1617 350 1748 385 Scribit
1779 360 1898 387 autem
1931 354 2163 397 Censorinus,

1165 399 1298 434 Canem
1323 407 1441 434 ortum
1469 413 1543 436 esse
1568 402 1752 448 Aegyptiis
1777 405 1946 440 vicesimo
1973 407 2029 441 die
2049 408 2164 454 Quin—

1164 451 1257 492 tilis,
1285 452 1350 486 etsi
1366 452 1506 487 Plinius
1529 454 1625 487 dicat
1641 455 1850 500 aliquoties,
1877 456 1928 492 24
1942 458 2065 493 diebus
2082 465 2163 504 post

1164 503 1354 537 solstitium
1367 530 1376 544 ,
1404 503 1511 538 Canis
1529 512 1692 540 exortum
1711 507 1800 541 fieri.

1268 572 1337 606 Sed
1369 572 1498 614 Iulius,
1533 581 1573 608 ut
1600 573 1694 608 hanc
1717 577 1946 620 vagationem
1973 579 2164 619 mensium,

1165 624 1363 657 errantium
1393 636 1458 669 per
1487 637 1610 660 omnes
1639 628 1724 660 anni
1749 634 1888 672 partes,
1925 629 2093 669 evitaret,
2130 637 2165 663 et

1164 677 1251 710 fixos
1284 688 1422 710 menses
1446 676 1517 710 suis
1543 677 1678 712 civibus
1700 686 1850 724 propter
1874 680 2047 714 festorum
2077 681 2164 714 cele-

1163 727 1367 760 brationem
1386 736 1626 773 proponeret,
1656 743 1809 776 quorum
1828 733 2005 776 quaedam
2022 744 2164 767 necesse

1165 785 1242 812 erat
1259 779 1459 820 celebrare,
1483 786 1545 813 3111
1562 780 1772 816 florentibus
1788 784 1965 826 segetibus
1985 790 2019 817 et
2039 784 2165 825 vineis,

1166 836 1226 864 aut
1242 831 1406 875 proxime
1421 838 1504 864 ante
1523 844 1672 867 messem
1687 861 1696 874 ,
1725 840 1787 867 aut
1804 841 1885 878 post
1906 847 2055 869 messem
2067 863 2075 876 ,
2104 841 2166 869 aut

1166 887 1248 914 ante
1271 888 1305 915 et
1331 888 1413 927 post
1430 883 1651 917 vindemiam
1664 912 1672 925 ,
1699 885 1774 919 dies
1789 892 1966 920 trecentos
1983 887 2165 930 sexaginta

1166 933 1326 979 quinque
1352 934 1389 966 in
1411 935 1601 968 duodecim
1627 948 1766 971 menses
1791 937 2030 983 inaequaliter
2048 939 2166 972 distri-

1165 984 1261 1025 buit,
1288 991 1327 1018 ut
1351 992 1427 1019 tum
1454 999 1638 1021 sacrorum
1665 988 1757 1021 ratio
1783 989 1945 1033 permisit
1967 996 2027 1022 aut
2044 996 2167 1034 postu-

1165 1037 1266 1076 lavit,
1294 1043 1328 1069 et
1347 1039 1544 1078 constituit,
1571 1046 1610 1072 ut
1626 1052 1693 1084 pro
1713 1041 1912 1085 quadrante
1929 1041 2012 1081 diei,
2039 1041 2166 1086 quinto

1167 1099 1311 1133 quoque
1341 1100 1437 1122 anno
1471 1090 1545 1124 dies
1576 1103 1668 1124 unus
1699 1090 1900 1126 Februario
1937 1092 2166 1134 insereretur,

1167 1151 1260 1184 quae
1283 1140 1377 1173 ratio
1405 1141 1440 1173 id
1464 1142 1663 1185 praestitit,
1690 1149 1730 1175 ut
1752 1144 1795 1176 ad
1820 1141 1917 1176 hunc
1937 1156 2050 1189 usque
2071 1144 2165 1178 diem

1167 1190 1332 1231 eosdem,
1377 1192 1440 1236 qui
1475 1198 1560 1226 tunc
1591 1193 1758 1234 suerunt,
1797 1193 1994 1229 habeamus
2029 1208 2168 1230 menses

1168 1253 1317 1281 vernos,
1345 1243 1519 1284 aestivos,
1549 1245 1794 1287 autumnales,
1829 1252 1863 1279 et
1887 1244 2087 1291 hybernos,
2116 1260 2168 1287 ac,

1168 1294 1267 1339 quod
1284 1293 1362 1337 plus
1379 1300 1450 1335 est,
1473 1296 1578 1328 etiam
1601 1297 1880 1342 aequinoctiales
1901 1304 1935 1331 et
1952 1299 2168 1339 solstitiales,

1168 1356 1259 1391 quae
1278 1356 1362 1378 sane
1378 1358 1508 1391 magna
1533 1354 1584 1382 est
1600 1350 1848 1383 commoditas.

1269 1411 1372 1446 Aliae
1395 1421 1516 1459 gentes
1539 1415 1645 1450 simul
1667 1424 1701 1450 et
1715 1416 1840 1451 Lunae
1858 1424 1997 1459 motus,
2025 1425 2057 1452 et
2075 1419 2168 1454 Solis

1168 1463 1206 1496 in
1224 1463 1382 1498 Zodiaco
1405 1467 1585 1500 rationem
1614 1467 1897 1511 habuerunt¹⁸),
1925 1476 1959 1503 et
1982 1482 2066 1504 usae
2086 1477 2169 1505 sunt

1169 1515 1351 1550 mensibus
1382 1517 1568 1553 lunaribus
1599 1521 1810 1561 duodecim,
1851 1520 1945 1554 cavis
1977 1528 2011 1554 et
2041 1522 2168 1566 plenis,

1168 1573 1208 1600 111.
1241 1567 1284 1599 (18
1319 1567 1499 1603 Arabibus
1533 1571 1667 1605 dictum
1705 1578 1772 1612 est,
1816 1572 1999 1618 inaequali
2028 1574 2168 1608 dierum

1168 1630 1342 1659 numer0,
1376 1632 1417 1653 ex
1450 1621 1580 1667 quibus
1611 1635 1690 1657 cum
1723 1629 1862 1657 tantum
1891 1625 2040 1658 trecenti
2065 1626 2168 1671 quin-

1169 1670 1339 1715 quaginta
1374 1679 1531 1717 quatuor
1559 1674 1634 1708 dies
1668 1675 1941 1719 colligerentur,
1976 1682 2016 1710 ut
2046 1682 2167 1710 tamen

1170 1722 1386 1755 curriculum
1421 1723 1512 1764 Solis
1543 1737 1702 1760 annuum
1734 1727 1959 1770 expleretur,
2000 1728 2167 1762 undecim

1169 1772 1242 1806 dies
1267 1774 1466 1808 necessario
1493 1777 1728 1817 addiderunt,
1765 1790 1854 1823 quos
1881 1777 2035 1822 Epactas
2063 1792 2169 1813 voca-

1168 1830 1274 1864 runt,
1300 1831 1334 1858 et
1356 1835 1587 1861 reservarunt
1613 1836 1684 1862 tam
1711 1828 1793 1870 diu,
1821 1830 1935 1862 donec
1958 1841 2000 1863 ex
2017 1830 2058 1864 iis
2074 1843 2168 1864 unus

1170 1875 1300 1909 mensis
1335 1878 1643 1921 constitueretur„
1673 1892 1780 1925 quern
1818 1887 1940 1924 postea
1977 1881 2040 1914 fini
2073 1882 2168 1916 illius

1169 1926 1255 1959 anni
1279 1928 1504 1971 inserebant,
1540 1932 1601 1976 qui
1623 1938 1773 1976 propter
1801 1932 1963 1965 additum
1989 1933 2167 1967 decimum

1168 1978 1314 2012 tertium
1339 1993 1495 2015 mensem
1509 2009 1517 2022 ,
1546 1983 1753 2016 continebat
1775 1983 1850 2017 dies
1872 1990 2049 2018 trecentos
2071 1991 2167 2018 octo-

1168 2029 1266 2074 ginta
1293 2038 1470 2076 quatuor,
1505 2040 1538 2067 et
1561 2035 1758 2068 vocabatur
1782 2033 2044 2080 ἒμβολιμαῒος,
2077 2036 2167 2069 sicut

1169 2083 1241 2126 ipse
1260 2083 1391 2118 mensis
1410 2083 1610 2131 ἔμβόλιμος
1629 2086 1889 2130 appellabatur.
1943 2085 2010 2119 Hic
2034 2087 2167 2121 mensis

1167 2134 1322 2168 insertus
1340 2135 1532 2177 efficiebat,
1556 2144 1594 2170 ut
1612 2137 1755 2170 initium
1775 2137 1882 2181 primi
1900 2137 2031 2171 mensis
2047 2139 2166 2172 denuo

1168 2193 1381 2229 congrueret
1406 2200 1485 2220 cum
1510 2201 1574 2221 suo
1600 2189 1774 2229 termino,
1810 2186 1878 2221 hoc
1903 2195 1972 2229 est,
2007 2202 2085 2222 cum
2110 2202 2167 2222 ae-

1168 2237 1352 2283 quinoctio
1370 2239 1424 2271 vel
1441 2239 1613 2279 solstitio,
1642 2252 1659 2272 a
1679 2252 1749 2285 quo
1768 2246 1915 2284 propter
1940 2240 2089 2274 omissos
2112 2248 2166 2273 ter

1168 2289 1332 2322 undecim
1368 2290 1461 2330 dies,
1496 2290 1685 2324 transierat
1711 2290 1926 2335 principium
1952 2292 2083 2325 mensis
2110 2292 2166 2325 vel

1168 2340 1252 2373 anni
1278 2340 1314 2372 in
1342 2341 1409 2373 alia
1435 2348 1610 2386 tempora.

1270 2391 1339 2425 Sed
1359 2393 1441 2437 quia
1462 2393 1568 2425 etiam
1589 2394 1806 2438 quadrantes
1825 2392 1916 2432 diei,
1934 2390 2003 2425 hoc
2020 2399 2082 2433 est,
2105 2406 2163 2427 sex

1168 2440 1298 2483 horae,
1325 2456 1412 2489 quas
1438 2445 1490 2477 sol
1518 2444 1685 2478 trecentis
1711 2444 1895 2487 sexaginta
1913 2444 2071 2490 quinque
2090 2444 2162 2476 ‹lie-

1203 2578 1250 2607 17)
1269 2578 1430 2602 Melanthon
1455 2577 1483 2601 in
1504 2577 1635 2602 strohelii
1662 2578 1788 2608 exemplo
1807 2577 1944 2602 Editionis
1965 2578 1986 2601 1.
2005 2577 2030 2601 11.
2044 2577 2063 2600 l.
2083 2581 2164 2600 mauu

1238 2613 1350 2643 propria
1370 2613 1396 2635 in
1416 2613 1539 2643 margine
1559 2613 1729 2643 adscripsit:
1754 2611 1866 2636 κυνικὸν
1887 2610 1955 2639 ἔτος.

1204 2665 1249 2692 18)
1271 2665 1303 2688 Β.
1322 2665 1337 2687 Ι.
1359 2664 1383 2687 in
1411 2664 1537 2695 margine
1565 2664 1658 2688 addita
1683 2666 1727 2688 est
1751 2663 1908 2689 annotatio:
1940 2663 2035 2686 Annus
2060 2661 2162 2685 mixtus

1237 2705 1271 2723 ex
1291 2699 1358 2723 solis
1379 2700 1405 2722 et
1424 2699 1505 2722 lunae
1524 2699 1659 2731 motibus,
1692 2704 1744 2729 quo
1763 2699 1805 2722 usi
1831 2699 1895 2721 suut
1916 2696 2033 2728 Ebraei,
2061 2694 2164 2721 Graeci

1238 2736 1266 2757 et
1285 2733 1399 2758 Romam·
1418 2736 1483 2757 ante
1501 2734 1607 2758 lulium.
