2453 3037
303 121 373 155 139
889 116 1011 150 PfflL.

299 212 398 249 cula,
441 207 542 255 παρὰ
577 204 699 242 πάντα
729 202 796 238 τὸν
825 200 987 249 χρόνον,
1028 200 1328 241 Demosthenes‚.

300 263 401 296 Circa
422 273 528 294 omne
550 266 699 301 tempus.
753 254 798 287 Et
817 252 883 294 hae
902 255 1166 288 constructione
1185 265 1300 299 prope

297 315 494 360 significat,
527 311 706 343 Homerus
732 304 790 354 [ll.
808 304 867 345 IX,
884 304 985 353 67.]‚
1023 303 1124 353 παρὰ
1151 304 1301 351 τάφρον

298 364 470 414 ὀρυκτήν.
510 362 606 395 quta
623 361 767 394 fossam.
815 357 967 392 Causam
990 359 1084 391 idem
1106 364 1226 395 notat,
1262 362 1300 389 ut

298 415 399 463 παρὰ
421 414 463 450 τὸ
487 410 528 449 εὖ
554 411 621 458 ’ζῆν
644 409 687 446 τὸ
712 410 835 455 κλέος,
870 410 995 444 Gloria
1026 417 1095 449 est,
1133 422 1174 441 eo
1202 409 1298 453 quod

614 464 701 497 ltem
721 468 847 501 circa,
879 461 980 508 παρά
999 459 1045 496 τὰ
1070 457 1297 506 ἀδικήματα.

297 517 570 555 Demosthenes.
647 515 735 548 Item
775 519 956 561 praeter,
999 511 1100 559 παρὰ
1144 510 1296 559 πρέπον,

265 608 267 611 ,
298 578 441 618 praeter
457 572 635 603 decorem.
685 567 892 611 Composita
913 573 974 599 aut
994 564 1142 604 minuit,
1171 570 1209 596 ut
1226 576 1298 597 πα-

297 622 464 671 ράσημος
480 620 621 667 ῥήτωρ,
651 619 766 652 malae
790 624 977 657 monetae,
1006 617 1041 649 id
1059 622 1131 655 est,
1161 615 1298 648 adulte-

296 677 398 710 rinus
414 680 550 713 orator,
570 673 665 716 apud
684 668 980 705 Demosthenem.
1018 670 1087 702 Aut
1106 679 1220 713 prope
1236 678 1297 700 seu

296 732 408 764 iuxta
427 726 622 770 significat,
651 730 690 757 ut
712 722 1037 769 παρακολουθεῖν,
1066 732 1178 764 prope
1196 717 1298 763 sequi

296 793 357 814 seu
383 777 571 823 subsequi,
608 775 790 810 assiduum
818 775 950 807 adesse.
1018 772 1067 805 lta
1093 770 1296 815 Simplicius

296 831 419 875 magni
444 829 602 863 nominis
629 825 888 870 Peripateticus
914 826 951 858 iu
979 823 1202 868 praefatione
1233 834 1294 856 sua

296 886 335 918 in
354 882 581 925 categorias,
609 877 885 925 {metamor-§pov
907 874 968 919 δὲ,
996 874 1046 914 (ὃς
1071 872 1147 913 οἷός
1171 887 1208 908 τε
1235 869 1295 919 ἦν,

295 938 372 975 τοῖς
402 931 620 979 Ἰαμβλίχου
659 928 965 977 παρακολουθῶν
1001 916 1296 974 ἀπεγραψάμην,

296 985 359 1023 καὶ
376 985 470 1031 αὐτῇ
492 985 679 1028 πολλαχοῦ
703 983 748 1028 τῇ
773 979 859 1020 λέξει
883 981 951 1014 τοῦ
973 977 1184 1026 φιλοσόφου
1204 989 1296 1023 χρη-

297 1038 475 1084 σάμενος,
502 1037 535 1068 id
554 1042 625 1074 est,
653 1034 732 1080 Qua
753 1045 838 1065 vero
856 1032 957 1076 potui
975 1030 1179 1074 diligentia,
1204 1028 1296 1061 lam-

296 1089 406 1125 blichi
419 1087 687 1122 commentariis
707 1083 870 1123 inhians,
899 1096 959 1117 eos
976 1081 1201 1125 transscripsi
1229 1087 1294 1113 etc.

293 1142 334 1176 In
353 1154 460 1188 quain
480 1139 692 1174 sententiam
720 1136 967 1180 accipiendum
998 1135 1158 1171 videtur,
1198 1132 1295 1177 quod

296 1201 347 1228 est
366 1194 461 1238 apud
480 1192 613 1225 Lucam
632 1203 708 1234 cap.
729 1191 761 1223 1.
780 1186 846 1236 [vs.
863 1185 917 1234 3.]
940 1180 1295 1232 παρακολουθηκότι

297 472 386 502 bene
404 468 559 499 vivatur.

295 1244 435 1279 inhiare
450 1245 527 1283 τοῖς
545 1241 746 1280 αὐτόπταις
764 1240 996 1272 narrantibus
1016 1237 1121 1271 solito
1135 1263 1143 1275 ,
1180 1250 1197 1269 e
1218 1235 1295 1281 qui·
1321 1251 1324 1266 z

294 1300 360 1332 bus
378 1310 452 1330 rem
471 1308 616 1329 omnem
635 1294 744 1326 didici
763 1299 826 1325 etc.
857 1291 1019 1334 Congere
1036 1301 1182 1322 acervos
1200 1300 1295 1320 coin-

294 1350 496 1394 positorum
532 1360 549 1379 a
585 1342 710 1391 παρά,
749 1350 973 1388 spectaturus
1006 1341 1183 1385 duplicem
1217 1351 1295 1372 eam

295 1400 614 1445 significationem,
647 1395 853 1434 minuendi,
883 1402 944 1427 aut
964 1405 1080 1440 prope
1095 1394 1294 1427 seuiuxta.

295 1453 430 1487 Minuit
459 1446 812 1497 παραδειγματίζω,
850 1459 962 1491 prope
994 1445 1188 1489 significat,
1225 1456 1296 1477 πα-

295 1501 514 1552 ρεμβάλλω,
558 1513 669 1545 prope
702 1499 853 1531 infodio.
923 1497 1050 1531 Graeci
1085 1495 1153 1528 hoc
1185 1495 1296 1527 verbo

296 1557 497 1599 significant
524 1554 580 1592 id,
622 1552 717 1597 quod
746 1549 868 1582 Latini
891 1550 1042 1582 dicimus
1069 1548 1202 1579 vallum
1233 1547 1298 1579 du-

297 1598 396 1648 cere,
425 1607 519 1639 vallo
540 1604 700 1643 munire,
728 1603 874 1635 vallare.

296 1658 532 1707 παρεμβαλεῖ
549 1656 705 1704 ἄγγελος
721 1652 855 1700 κυρίου
871 1650 997 1699 κύκλῳ
1013 1653 1090 1686 τῶν
1106 1648 1298 1696 φοβουμέ-

298 1725 376 1748 νων
398 1708 536 1753 αὐτὸν,
565 1705 628 1743 καὶ
650 1704 800 1752 ῥύσεται
824 1702 972 1744 αὐτούς.
1034 1702 1158 1738 Nostri
1184 1708 1298 1734 verte-

296 1769 399 1797 runt:
434 1762 609 1795 immittet
633 1758 778 1801 angelus
803 1756 954 1790 Domini
983 1755 1020 1788 in
1048 1767 1137 1799 gyro
1170 1753 1298 1786 timen-

297 1817 386 1849 tium
412 1827 515 1853 eum,
551 1818 584 1845 et
609 1810 737 1855 eripiet
763 1821 835 1842 eos.
904 1807 1051 1853 Quanto
1080 1806 1298 1851 praestabat,

298 1867 446 1899 vallabit
473 1871 534 1898 aut
558 1863 653 1895 vallo
678 1861 836 1900 muniet,
873 1861 1018 1905 quaudo
1046 1860 1081 1891 id
1110 1864 1143 1891 et
1159 1857 1296 1891 Graeca

299 1926 333 1953 et
350 1917 523 1952 Hebraica
543 1920 674 1949 sonant
691 1910 768 1959 ΠξΠ
787 1918 822 1945 et
838 1911 1082 1957 παρεμβαλεῖ.
1135 1910 1228 1944 Nam
1246 1909 1299 1942 fu-

301 1979 419 2004 turum
454 1975 505 2003 est
533 1965 601 2000 hoc
629 1960 883 2012 παρεμβάλλω
913 1961 1165 2009 παρεμβαλῶ,
1208 1966 1247 1993 ut
1280 1972 1299 1992 a

298 2019 431 2069 ψάλλω
448 2022 569 2067 ψαλῶ.
625 2017 826 2055 Etnescio‚
859 2027 1032 2060 quorsum
1057 2013 1171 2047 nostri
1194 2010 1300 2045 huius

301 2074 467 2108 versiculi
484 2073 707 2115 interpretes.
758 2065 1037 2112 Chrysostomus
1055 2065 1091 2098 in
1109 2064 1222 2098 nobili
1240 2064 1299 2096 illa

301 2125 481 2171 Panegyri
517 2125 560 2156 de
594 2121 747 2165 angelis,
792 2120 836 2152 ad
867 2119 1072 2152 coelestium
1109 2116 1299 2160 spirituum

303 2179 424 2211 munia
459 2176 585 2214 refert,
625 2174 674 2207 sic
705 2171 890 2217 inquiens:
941 2169 992 2205 δι’
1023 2167 1192 2217 ἀγγέλων
1226 2168 1303 2206 τοῖς

303 2227 417 2268 ἀξίοις
433 2227 472 2262 ἐκ
495 2225 713 2272 πειρασμῶν
738 2223 936 2267 λύτρωσις,
975 2220 1208 2266 παρεμβαλεῖ
1228 2217 1302 2266 γα’ρ

303 2292 418 2327 φησιν
445 2278 600 2327 ἄγγελος
623 2274 758 2322 κυρίου
784 2272 909 2320 κύκλῳ
936 2276 1014 2308 τῶν
1048 2269 1303 2319 φοβουμένων

305 2330 444 2372 αὐτὸν,
473 2328 535 2365 καὶ
551 2327 699 2374 ῥύσεται
718 2323 867 2365 αὐτούς.

401 2408 495 2442 'Ara'
508 2418 577 2451 per
595 2405 662 2438 loci
681 2410 742 2437 aut
758 2402 950 2447 temporis,
979 2401 1170 2436 accusativi
1195 2400 1304 2434 solius

305 2468 375 2502 est,
402 2457 475 2494 ἆνόι
493 2457 580 2492 ὅλον
595 2455 760 2502 χρόνον,
788 2467 852 2499 per
869 2467 974 2487 omne
993 2460 1144 2498 tempus.
1200 2450 1305 2486 Sche-

306 2512 462 2547 maticu3s
480 2509 659 2553 genitivo,
686 2514 725 2540 ut
741 2505 816 2542 ἀνὰ
835 2505 962 2553 μέσων
980 2504 1116 2552 ὀρέων,
1146 2517 1209 2549 per
1232 2516 1305 2537 me-

305 2566 384 2599 dios
404 2568 556 2596 montes.

410 2637 618 2683 Composita
644 2636 836 2680 significat,
865 2636 963 2680 quod
988 2647 1026 2668 re
1042 2633 1181 2666 Latinis
1205 2633 1306 2672 solet,

307 2688 501 2736 ἀναμάθω
524 2689 673 2723 redisce.
729 2687 822 2720 Cave
838 2693 940 2731 putes
958 2687 1000 2718 ab
1018 2683 1090 2720 ἀνὰ
1109 2684 1305 2728 composita

308 2755 402 2783 esse,
429 2755 519 2788 quae
544 2740 710 2786 privandi
737 2738 974 2783 significantia
997 2749 1233 2781 usurpamus,
1262 2736 1306 2769 ab

1051 115 1161 150 MEL.
1194 114 1398 149 SCRIPTA
1431 112 1774 149 PHILOLOGICA.

929 1601 1023 1634 Psal.
1041 1599 1102 1633 33.
1131 1597 1212 1646 [34,
1229 1595 1297 1644 8.],
1324 1610 1326 1613 >

1353 199 1396 241 ἀ,
1426 201 1454 233 si
1477 201 1657 245 sequentis
1678 200 1845 235 dictionis
1868 201 2010 234 initium
2033 201 2155 233 vocale
2179 201 2307 241 fuerit,
2333 212 2358 236 ν

1352 252 1564 296 interposita
1576 279 1584 291 ‚
1614 258 1652 285 ut
1672 251 1887 300 ἀνάργυρος
1903 251 1994 287 ἄνευ
2010 254 2078 286 τοῦ
2095 250 2295 300 ἀργυρίου.

1430 300 1502 338 Aio}
1520 303 1677 347 genitivo
1695 304 1812 337 iuncta
1831 316 1910 350 per,
1930 305 2209 338 instrumentum
2226 304 2357 348 signat,

1353 353 1415 391 διὰ
1437 353 1565 400 πείρας
1584 358 1740 401 συχνῆς,
1766 368 1831 400 per
1847 357 2013 402 frequens
2028 355 2199 389 studium.
2241 355 2306 389 Est
2323 361 2358 389 et

1353 421 1432 441 cum
1456 408 1574 440 locum
1597 414 1782 451 tempusve
1803 414 1918 449 notat,
1945 406 2008 443 διά
2031 405 2238 442 δακτυλίου
2258 405 2357 441 δεῖσε

1353 459 1608 504 ἑλκυσθῆναι,
1637 471 1700 502 per
1728 460 1914 498 annulum,
1944 461 2037 503 apud
2059 456 2355 503 Aristophanem.

1455 511 1668 545 Accusativo
1699 516 1873 556 propter,
1916 509 1979 546 διὰ
2015 507 2162 557 φόβον,
2206 516 2357 554 propter

1352 563 1533 596 timorem.
1610 562 1789 595 Homerus
1836 562 2032 606 superioris
2077 561 2356 596 constructionis

1352 615 1625 657 significantiam
1646 611 1713 646 hoc
1732 627 1815 647 casu
1832 614 1957 647 extulit
1976 612 2034 662 [ll.
2053 614 2095 655 X,
2111 611 2206 660 41.]‚
2233 612 2356 648 νύκτα

1351 664 1403 701 δι’
1424 664 1651 712 ἀμβροσίην.

1456 718 1662 761 Composita
1681 717 1742 753 dis
1757 718 1945 761 signiiicat,
1974 716 2154 762 διαρτᾶν,
2180 716 2355 756 dividere,

1351 768 1588 815 διαψάλλειν,
1617 781 1681 812 per
1695 769 1788 803 vjces
1805 770 1976 813 psallere,
2004 765 2224 815 διάψαλμα,
2251 768 2355 800 vicis-

1351 822 1468 854 situdo
1495 820 1683 864 psallendi.
1716 830 1720 837 ¹

1453 871 1581 913 Κατά,
1635 872 1793 916 genitivo
1835 872 1976 912 iuncta,
2027 871 2219 905 accusandi
2253 876 2354 910 nota,

1350 923 1459 972 λόγος
1474 926 1540 958 τοῦ
1558 922 1788 970 Πορφυρίου
1814 922 1910 958 κατὰ
1930 925 2184 969 χριστιανιόν,
2217 922 2353 956 Contra

1351 975 1587 1010 Christianos.
1647 974 1693 1008 Et
1719 988 1946 1019 progressum
1971 976 2014 1008 de
2038 987 2076 1008 re
2101 973 2273 1020 quapiam
2300 973 2354 1005 in-

1350 1028 1464 1067 dicat,
1508 1025 1592 1061 κατ’
1619 1024 1800 1074 αἰγίλιπος
1829 1026 1982 1073 πέτρης,
2027 1028 2122 1071 apud
2151 1025 2352 1059 Homerum

1351 1078 1409 1127 [ll.
1428 1078 1487 1118 IX,
1510 1076 1588 1126 15]
1607 1079 1649 1110 de
1667 1079 1801 1112 excelsa
1823 1091 1931 1123 rupe,
1965 1085 1999 1111 et
2023 1076 2106 1113 κατ’
2133 1076 2353 1123 Οὐλύμποιο

1349 1130 1539 1177 καρήνων,
1568 1133 1610 1162 de
1630 1129 1776 1174 Olympi
1798 1131 1939 1164 vertice.
1974 1130 2102 1175 Odyss.
2116 1131 2149 1164 1.
2169 1127 2236 1177 [vs.
2250 1128 2353 1172 102]

1350 1183 1619 1226 Propemodum
1640 1182 1709 1214 tale
1733 1189 1803 1220 est,
1831 1180 1926 1216 κατὰ
1944 1184 2089 1228 πετρῶν
2108 1181 2259 1226 σπείρω.
2315 1178 2355 1212 111

1351 1241 1473 1278 petras
1493 1233 1644 1266 semino.

1453 1285 1666 1319 Accusativo
1694 1284 1901 1320 secundum
1926 1285 2064 1328 signat,
2099 1281 2196 1318 κατὰ
2219 1280 2356 1326 τύπον,

1350 1339 1546 1371 seeundum
1578 1343 1725 1381 typum,
1767 1334 1863 1370 κατὰ
1888 1333 2054 1382 ῥάβδον,
2098 1336 2193 1379 apud
2219 1333 2356 1368 Isocra-

1352 1396 1443 1429 tem,
1488 1390 1530 1421 ad
1564 1389 1761 1431 virgulam,
1802 1386 1899 1421 κατὰ
1925 1385 2071 1433 ῥάβδον
2097 1386 2256 1432 ἔφρασε,
2298 1385 2357 1419 Ad

1352 1441 1526 1484 virgulam
1555 1438 1824 1483 pronuntiavit,
1868 1439 1901 1471 id
1932 1445 2002 1478 est,
2044 1444 2180 1471 sartum
2207 1448 2356 1470 carmen

1352 1492 1489 1526 cecinit.
1545 1491 1737 1535 Temporis
1754 1491 1838 1523 item
1863 1497 1947 1523 nota
1977 1496 2059 1529 est‚.
2075 1496 2114 1523 ut
2139 1487 2231 1524 καθ’
2256 1486 2356 1534 ἡμᾶς

1353 1543 1500 1583 ἔνδοξος
1515 1540 1609 1588 ἀνήρ
1628 1543 1728 1577 ἐστιν
1746 1538 1920 1587 Ἰωάννης
1936 1539 1955 1576 ὅ
1972 1539 2159 1576 καπνίων.

1457 1595 1664 1639 Composita
1685 1601 1746 1627 aut
1765 1594 1941 1629 deorsum
1958 1593 2155 1637 significat,
2182 1598 2222 1625 ut
2239 1603 2356 1627 κατα-

1351 1645 1494 1693 βαίνω,
1530 1648 1717 1680 descendo.
1771 1645 1828 1678 Sic
1852 1644 2069 1692 καταλέγω,
2107 1644 2234 1677 ordine
2260 1643 2355 1682 dico,

1354 1706 1387 1732 et
1411 1698 1512 1744 quasi
1540 1699 1677 1731 deduco
1703 1699 1908 1742 deputoque
1941 1697 2105 1729 dicendo.
2173 1695 2355 1728 Homerus

1354 1749 1412 1798 [ΙΙ.
1432 1750 1491 1790 lx,
1510 1748 1614 1797 115]
1647 1749 1728 1784 οὔτι
1757 1746 1897 1795 ψεῦδος
1920 1746 2011 1793 ἐμὰς
2034 1746 2125 1786 ἄτας
2149 1745 2354 1786 κατέλεξας.

1356 1803 1459 1836 Unde
1476 1802 1514 1835 fit
1528 1800 1746 1849 κατάλογος.
1777 1799 1828 1832 lta
1845 1800 1895 1839 fii,
1914 1805 1953 1832 ut
1969 1797 2066 1834 κατὰ
2088 1799 2356 1843 propemodum

1354 1854 1415 1890 dis
1449 1853 1746 1897 significationem
1781 1851 1961 1890 obtineat,
1996 1855 2035 1882 ut
2060 1850 2156 1893 apud
2181 1847 2357 1882 Theocri-

1354 1913 1429 1939 tum
1463 1905 1605 1950 scdyllio
1623 1904 1664 1938 X.
1692 1901 1759 1951 [vs.
1777 1900 1856 1950 55.]
1881 1899 1932 1947 μὴ
1954 1897 2132 1947 ’πιτάμῃς
2153 1899 2224 1947 τὴν
2246 1901 2358 1947 χεῖρα

1354 1955 1575 2002 καταπρίων
1591 1954 1634 1991 τὸ
1649 1953 1830 1999 κύμινον,
1857 1954 1910 1987 Ne
1928 1953 2064 1986 incidas
2083 1965 2230 1986 manum
2247 1952 2357 1986 disse-

1356 2022 1439 2043 cans
1456 2008 1653 2042 cuminum.
1689 2005 1951 2040 Paroemiacon
1970 2011 2033 2045 est,
2062 2006 2157 2038 unde
2176 2011 2211 2037 et
2228 2015 2357 2038 avaros

1355 2057 1670 2106 κυμινοπρίστας,
1714 2057 1947 2091 cuminisecas
1979 2056 2189 2090 Aristoteles
2225 2061 2356 2101 quarto

1357 2112 1552 2146 Moralium
1567 2116 1763 2154 nuncupat.
1809 2109 1881 2142 Aut
1899 2108 2002 2141 vitiat
2019 2108 2243 2153 infamatque
2260 2120 2357 2140 com-

1358 2164 1573 2210 positionem
1611 2162 1758 2207 perinde
1788 2173 1828 2194 ae
1862 2158 1986 2207 παροὶ,
2031 2166 2072 2193 ut
2100 2156 2358 2206 καταψηφίζε-

1359 2218 1473 2260 σθαι,
1502 2216 1595 2260 apud
1614 2211 1916 2252 Demosthenem,
1945 2212 2123 2245 damnari.

1462 2264 1573 2302 Μετά
1592 2266 1748 2311 genitivo
1769 2271 1969 2298 constructa
1997 2264 2091 2296 idern
2117 2269 2235 2307 potest
2260 2262 2359 2307 quod

1360 2317 1450 2365 σύν,
1479 2325 1604 2352 autore
1628 2317 1827 2351 Prisciano.
1881 2314 1974 2361 ἡδὺς
1993 2313 2090 2360 μετὰ
2115 2313 2239 2362 φίλων
2261 2311 2360 2360 βίος,

1359 2371 1485 2405 Suavis
1502 2384 1580 2403 cum
1601 2370 1723 2403 amicis
1740 2369 1825 2402 vita.
1880 2368 1992 2412 Saepe
2011 2365 2077 2401 hac
2098 2365 2360 2411 significatione

1360 2424 1520 2457 dativum
1541 2422 1676 2466 patitur
1700 2428 1739 2454 ut
1763 2419 1852 2462 σὺν,
1877 2417 1970 2465 μετὰ
1995 2417 2197 2466 πρώτοισι,
2226 2417 2360 2450 Home-

1360 2488 1420 2509 rus
1440 2473 1499 2523 [11.
1515 2473 1560 2514 V,
1576 2471 1663 2508 536.
1682 2479 1715 2506 et
1732 2470 1808 2520 a!.].

1463 2526 1676 2559 Accusativo
1695 2530 1779 2571 post
1797 2524 1977 2568 designat,
2011 2519 2105 2567 μετὰ
2131 2517 2179 2555 τὰ
2202 2517 2361 2567 φυσικά,

1361 2580 1397 2612 id
1416 2584 1487 2618 est,
1516 2584 1597 2622 post
1614 2577 1805 2610 naturalia.

1464 2630 1671 2673 Composita
1696 2636 1758 2663 aut
1781 2639 1884 2667 cum,
1911 2623 2053 2671 μετέχω
2073 2624 2268 2669 participo,
2295 2620 2361 2667 με’-

1360 2695 1481 2721 τοικος
1505 2681 1713 2726 inquilinus.
1777 2682 1849 2714 Aut
1876 2684 2002 2717 trans,
2036 2675 2232 2722 μέτωπον,
2259 2676 2366 2708 transv

1361 2734 1508 2773 faciem,
1534 2734 1645 2767 frons.

2283 113 2360 150 140
2407 120 2409 122 ’
