<?xml version="1.0" encoding="UTF-8"?>
<!DOCTYPE html PUBLIC "-//W3C//DTD XHTML 1.0 Transitional//EN"
    "http://www.w3.org/TR/xhtml1/DTD/xhtml1-transitional.dtd">
<html xmlns="http://www.w3.org/1999/xhtml" xml:lang="en" lang="en">
 <head>
  <title>
</title>
<meta http-equiv="Content-Type" content="text/html;charset=utf-8" />
  <meta name='ocr-system' content='tesseract 3.04.00' />
  <meta name='ocr-capabilities' content='ocr_page ocr_carea ocr_par ocr_line ocrx_word'/>
</head>
<body>
  <div class='ocr_page' id='page_1' title='image "./operaquaesupersu20melauoft_0363.png"; bbox 0 0 2389 3037; ppageno 0'>
   <div class='ocr_carea' id='block_1_1' title="bbox 68 112 140 147">
    <p class='ocr_par' dir='ltr' id='par_1_1' title="bbox 68 112 140 147">
     <span class='ocr_line' id='line_1_1' title="bbox 68 112 140 147; baseline -0.028 0"><span class='ocrx_word' id='word_1_1' title='bbox 68 112 140 147; x_wconf 86' lang='lat'>701</span> 
     </span>
    </p>
   </div>
   <div class='ocr_carea' id='block_1_2' title="bbox 321 103 1908 151">
    <p class='ocr_par' dir='ltr' id='par_1_2' title="bbox 321 103 1908 151">
     <span class='ocr_line' id='line_1_2' title="bbox 321 103 1908 151; baseline 0.003 -11"><span class='ocrx_word' id='word_1_2' title='bbox 321 106 380 142; x_wconf 81' lang='lat' dir='ltr'>VI.</span> <span class='ocrx_word' id='word_1_3' title='bbox 422 106 488 141; x_wconf 89' lang='lat' dir='ltr'>DE</span> <span class='ocrx_word' id='word_1_4' title='bbox 516 105 718 141; x_wconf 84' lang='lat' dir='ltr'>ERASMO</span> <span class='ocrx_word' id='word_1_5' title='bbox 745 105 811 140; x_wconf 86' lang='lat' dir='ltr'>ET</span> <span class='ocrx_word' id='word_1_6' title='bbox 836 104 1077 140; x_wconf 88' lang='lat' dir='ltr'>LUTHERO</span> <span class='ocrx_word' id='word_1_7' title='bbox 1105 103 1338 148; x_wconf 87' lang='lat' dir='ltr'>ELOGION,</span> <span class='ocrx_word' id='word_1_8' title='bbox 1370 105 1525 140; x_wconf 85' lang='lat' dir='ltr'><strong>RATIO</strong></span> <span class='ocrx_word' id='word_1_9' title='bbox 1553 106 1795 151; x_wconf 88' lang='lat' dir='ltr'>DISCENDI,</span> <span class='ocrx_word' id='word_1_10' title='bbox 1824 119 1908 145; x_wconf 79' lang='lat' dir='ltr'>E&#39;rc.</span> 
     </span>
    </p>
   </div>
   <div class='ocr_carea' id='block_1_3' title="bbox 2074 112 2147 149">
    <p class='ocr_par' dir='ltr' id='par_1_3' title="bbox 2074 112 2147 149">
     <span class='ocr_line' id='line_1_3' title="bbox 2074 112 2147 149; baseline 0.041 -3"><span class='ocrx_word' id='word_1_11' title='bbox 2074 112 2147 149; x_wconf 78' lang='lat'>702</span> 
     </span>
    </p>
   </div>
   <div class='ocr_carea' id='block_1_4' title="bbox 275 208 1944 268">
    <p class='ocr_par' dir='ltr' id='par_1_4' title="bbox 275 208 1944 268">
     <span class='ocr_line' id='line_1_4' title="bbox 275 208 1944 268; baseline 0.002 -16"><span class='ocrx_word' id='word_1_12' title='bbox 275 211 407 254; x_wconf 83' lang='lat' dir='ltr'><strong>Ratio</strong></span> <span class='ocrx_word' id='word_1_13' title='bbox 440 211 634 254; x_wconf 85' lang='lat' dir='ltr'>discendi</span> <span class='ocrx_word' id='word_1_14' title='bbox 668 223 743 265; x_wconf 86' lang='lat' dir='ltr'>per</span> <span class='ocrx_word' id='word_1_15' title='bbox 773 210 1017 265; x_wconf 86' lang='lat' dir='ltr'>Philippum</span> <span class='ocrx_word' id='word_1_16' title='bbox 1047 209 1373 252; x_wconf 82' lang='lat' dir='ltr'>Melanthonem</span> <span class='ocrx_word' id='word_1_17' title='bbox 1402 208 1746 268; x_wconf 82' lang='lat' dir='ltr'>Wittenbergae</span> <span class='ocrx_word' id='word_1_18' title='bbox 1778 211 1944 255; x_wconf 82' lang='lat' dir='ltr'>tradita.</span> 
     </span>
    </p>
   </div>
   <div class='ocr_carea' id='block_1_5' title="bbox 67 310 1090 2649">
    <p class='ocr_par' dir='ltr' id='par_1_5' title="bbox 67 310 1090 2649">
     <span class='ocr_line' id='line_1_5' title="bbox 174 310 1082 357; baseline -0.003 -11"><span class='ocrx_word' id='word_1_19' title='bbox 174 311 406 347; x_wconf 88' lang='lat' dir='ltr'>Institueram</span> <span class='ocrx_word' id='word_1_20' title='bbox 434 311 603 357; x_wconf 87' lang='lat' dir='ltr'>equidem</span> <span class='ocrx_word' id='word_1_21' title='bbox 623 313 667 346; x_wconf 87' lang='lat' dir='ltr'>de</span> <span class='ocrx_word' id='word_1_22' title='bbox 685 311 828 346; x_wconf 88' lang='lat' dir='ltr'>ratione</span> <span class='ocrx_word' id='word_1_23' title='bbox 847 310 1007 346; x_wconf 89' lang='lat' dir='ltr'>discendi</span> <span class='ocrx_word' id='word_1_24' title='bbox 1025 322 1082 344; x_wconf 91' lang='lat' dir='ltr'>co-</span> 
     </span>
     <span class='ocr_line' id='line_1_6' title="bbox 68 363 1082 413; baseline -0.003 -13"><span class='ocrx_word' id='word_1_25' title='bbox 68 367 169 413; x_wconf 90' lang='lat' dir='ltr'>piose</span> <span class='ocrx_word' id='word_1_26' title='bbox 197 364 375 410; x_wconf 89' lang='lat' dir='ltr'>praefari,</span> <span class='ocrx_word' id='word_1_27' title='bbox 403 364 464 398; x_wconf 87' lang='lat' dir='ltr'>sed</span> <span class='ocrx_word' id='word_1_28' title='bbox 491 364 528 397; x_wconf 92' lang='lat' dir='ltr'>in</span> <span class='ocrx_word' id='word_1_29' title='bbox 554 370 627 397; x_wconf 89' lang='lat' dir='ltr'>tam</span> <span class='ocrx_word' id='word_1_30' title='bbox 656 364 766 398; x_wconf 87' lang='lat' dir='ltr'>variis</span> <span class='ocrx_word' id='word_1_31' title='bbox 783 363 1082 409; x_wconf 82' lang='lat' dir='ltr'>occupationibus</span> 
     </span>
     <span class='ocr_line' id='line_1_7' title="bbox 68 415 1082 462; baseline -0.006 -9"><span class='ocrx_word' id='word_1_32' title='bbox 68 431 145 453; x_wconf 91' lang='lat' dir='ltr'>non</span> <span class='ocrx_word' id='word_1_33' title='bbox 170 416 272 451; x_wconf 91' lang='lat' dir='ltr'>licuit</span> <span class='ocrx_word' id='word_1_34' title='bbox 297 416 504 457; x_wconf 81' lang='lat' dir='ltr'>absolvere,</span> <span class='ocrx_word' id='word_1_35' title='bbox 543 418 642 462; x_wconf 91' lang='lat' dir='ltr'>quod</span> <span class='ocrx_word' id='word_1_36' title='bbox 671 416 905 451; x_wconf 89' lang='lat' dir='ltr'>destinaram.</span> <span class='ocrx_word' id='word_1_37' title='bbox 976 415 1082 450; x_wconf 88' lang='lat' dir='ltr'>Nunc</span> 
     </span>
     <span class='ocr_line' id='line_1_8' title="bbox 68 467 1081 504; baseline -0.004 0"><span class='ocrx_word' id='word_1_38' title='bbox 68 469 226 504; x_wconf 88' lang='lat' dir='ltr'>breviter</span> <span class='ocrx_word' id='word_1_39' title='bbox 251 468 469 502; x_wconf 78' lang='lat' dir='ltr'><strong>sententiam</strong></span> <span class='ocrx_word' id='word_1_40' title='bbox 492 480 610 502; x_wconf 88' lang='lat' dir='ltr'>meam</span> <span class='ocrx_word' id='word_1_41' title='bbox 633 470 677 502; x_wconf 92' lang='lat' dir='ltr'>de</span> <span class='ocrx_word' id='word_1_42' title='bbox 705 468 873 503; x_wconf 86' lang='lat' dir='ltr'>studiis</span> <span class='ocrx_word' id='word_1_43' title='bbox 902 467 1003 501; x_wconf 90' lang='lat' dir='ltr'>vobis</span> <span class='ocrx_word' id='word_1_44' title='bbox 1024 479 1081 500; x_wconf 85' lang='lat' dir='ltr'>ex-</span> 
     </span>
     <span class='ocr_line' id='line_1_9' title="bbox 68 519 1082 568; baseline -0.004 -12"><span class='ocrx_word' id='word_1_45' title='bbox 68 534 227 568; x_wconf 81' lang='lat' dir='ltr'>ponam,</span> <span class='ocrx_word' id='word_1_46' title='bbox 261 521 363 554; x_wconf 89' lang='lat' dir='ltr'>nullo</span> <span class='ocrx_word' id='word_1_47' title='bbox 399 520 543 567; x_wconf 91' lang='lat' dir='ltr'>quidem</span> <span class='ocrx_word' id='word_1_48' title='bbox 575 519 760 555; x_wconf 88' lang='lat' dir='ltr'>rhetorico</span> <span class='ocrx_word' id='word_1_49' title='bbox 787 521 985 565; x_wconf 85' lang='lat' dir='ltr'>adparatu,</span> <span class='ocrx_word' id='word_1_50' title='bbox 1020 519 1082 553; x_wconf 92' lang='lat' dir='ltr'>sed</span> 
     </span>
     <span class='ocr_line' id='line_1_10' title="bbox 70 572 1082 619; baseline -0.003 -11"><span class='ocrx_word' id='word_1_51' title='bbox 70 574 209 619; x_wconf 89' lang='lat' dir='ltr'>optima</span> <span class='ocrx_word' id='word_1_52' title='bbox 226 572 307 607; x_wconf 89' lang='lat' dir='ltr'>fide.</span> <span class='ocrx_word' id='word_1_53' title='bbox 343 572 452 618; x_wconf 87' lang='lat' dir='ltr'>Quod</span> <span class='ocrx_word' id='word_1_54' title='bbox 469 573 499 608; x_wconf 89' lang='lat' dir='ltr'>si</span> <span class='ocrx_word' id='word_1_55' title='bbox 516 573 610 608; x_wconf 90' lang='lat' dir='ltr'>ratio</span> <span class='ocrx_word' id='word_1_56' title='bbox 628 572 731 607; x_wconf 78' lang='lat' dir='ltr'>vobis</span> <span class='ocrx_word' id='word_1_57' title='bbox 745 573 801 606; x_wconf 81' lang='lat' dir='ltr'>vel</span> <span class='ocrx_word' id='word_1_58' title='bbox 816 572 912 605; x_wconf 79' lang='lat' dir='ltr'>vitae</span> <span class='ocrx_word' id='word_1_59' title='bbox 929 578 1082 611; x_wconf 73' lang='lat' dir='ltr'>vestrae,</span> 
     </span>
     <span class='ocr_line' id='line_1_11' title="bbox 69 622 1081 667; baseline -0.002 -8"><span class='ocrx_word' id='word_1_60' title='bbox 69 626 128 659; x_wconf 84' lang='lat' dir='ltr'>vel</span> <span class='ocrx_word' id='word_1_61' title='bbox 153 624 358 660; x_wconf 91' lang='lat' dir='ltr'>studiorum</span> <span class='ocrx_word' id='word_1_62' title='bbox 387 632 588 667; x_wconf 89' lang='lat' dir='ltr'>constaret,</span> <span class='ocrx_word' id='word_1_63' title='bbox 615 623 708 659; x_wconf 90' lang='lat' dir='ltr'>nihil</span> <span class='ocrx_word' id='word_1_64' title='bbox 730 622 798 658; x_wconf 91' lang='lat' dir='ltr'>hac</span> <span class='ocrx_word' id='word_1_65' title='bbox 813 624 979 658; x_wconf 89' lang='lat' dir='ltr'>oratione</span> <span class='ocrx_word' id='word_1_66' title='bbox 1000 635 1081 657; x_wconf 90' lang='lat' dir='ltr'>mea</span> 
     </span>
     <span class='ocr_line' id='line_1_12' title="bbox 71 676 1081 724; baseline -0.002 -13"><span class='ocrx_word' id='word_1_67' title='bbox 71 690 163 723; x_wconf 90' lang='lat' dir='ltr'>opus</span> <span class='ocrx_word' id='word_1_68' title='bbox 188 683 290 711; x_wconf 86' lang='lat' dir='ltr'>esset.</span> <span class='ocrx_word' id='word_1_69' title='bbox 342 677 448 712; x_wconf 89' lang='lat' dir='ltr'>Nunc</span> <span class='ocrx_word' id='word_1_70' title='bbox 467 691 546 712; x_wconf 89' lang='lat' dir='ltr'>cum</span> <span class='ocrx_word' id='word_1_71' title='bbox 565 677 730 724; x_wconf 86' lang='lat' dir='ltr'>plerique</span> <span class='ocrx_word' id='word_1_72' title='bbox 747 677 794 710; x_wconf 88' lang='lat' dir='ltr'>ad</span> <span class='ocrx_word' id='word_1_73' title='bbox 811 676 1026 711; x_wconf 80' lang='lat' dir='ltr'>Academias</span> <span class='ocrx_word' id='word_1_74' title='bbox 1044 688 1081 710; x_wconf 91' lang='lat' dir='ltr'>se</span> 
     </span>
     <span class='ocr_line' id='line_1_13' title="bbox 72 729 1082 770; baseline -0.003 -6"><span class='ocrx_word' id='word_1_75' title='bbox 72 730 284 770; x_wconf 88' lang='lat' dir='ltr'>conferant,</span> <span class='ocrx_word' id='word_1_76' title='bbox 311 729 451 764; x_wconf 90' lang='lat' dir='ltr'>nullam</span> <span class='ocrx_word' id='word_1_77' title='bbox 470 730 579 764; x_wconf 89' lang='lat' dir='ltr'>aliam</span> <span class='ocrx_word' id='word_1_78' title='bbox 597 730 643 764; x_wconf 89' lang='lat' dir='ltr'>ob</span> <span class='ocrx_word' id='word_1_79' title='bbox 664 741 824 764; x_wconf 82' lang='lat' dir='ltr'>caussam</span> <span class='ocrx_word' id='word_1_80' title='bbox 837 756 845 770; x_wconf 92' lang='lat'>,</span> <span class='ocrx_word' id='word_1_81' title='bbox 873 729 943 763; x_wconf 91' lang='lat' dir='ltr'>nisi</span> <span class='ocrx_word' id='word_1_82' title='bbox 962 735 1002 762; x_wconf 90' lang='lat' dir='ltr'>ut</span> <span class='ocrx_word' id='word_1_83' title='bbox 1020 741 1082 761; x_wconf 91' lang='lat' dir='ltr'>an-</span> 
     </span>
     <span class='ocr_line' id='line_1_14' title="bbox 70 781 1082 826; baseline -0.002 -10"><span class='ocrx_word' id='word_1_84' title='bbox 70 794 159 823; x_wconf 88' lang='lat' dir='ltr'>nos,</span> <span class='ocrx_word' id='word_1_85' title='bbox 194 793 272 815; x_wconf 90' lang='lat' dir='ltr'>rem</span> <span class='ocrx_word' id='word_1_86' title='bbox 297 781 536 823; x_wconf 81' lang='lat' dir='ltr'>familiarem,</span> <span class='ocrx_word' id='word_1_87' title='bbox 572 782 733 816; x_wconf 88' lang='lat' dir='ltr'>animam</span> <span class='ocrx_word' id='word_1_88' title='bbox 759 781 889 816; x_wconf 83' lang='lat' dir='ltr'>misere</span> <span class='ocrx_word' id='word_1_89' title='bbox 913 782 1082 826; x_wconf 87' lang='lat' dir='ltr'>perdant,</span> 
     </span>
     <span class='ocr_line' id='line_1_15' title="bbox 71 832 1082 875; baseline -0.001 -9"><span class='ocrx_word' id='word_1_90' title='bbox 71 834 135 867; x_wconf 87' lang='lat' dir='ltr'>alii</span> <span class='ocrx_word' id='word_1_91' title='bbox 162 834 260 867; x_wconf 93' lang='lat' dir='ltr'>bono</span> <span class='ocrx_word' id='word_1_92' title='bbox 288 834 438 869; x_wconf 89' lang='lat' dir='ltr'>consilio</span> <span class='ocrx_word' id='word_1_93' title='bbox 466 832 537 868; x_wconf 92' lang='lat' dir='ltr'>huc</span> <span class='ocrx_word' id='word_1_94' title='bbox 562 847 599 869; x_wconf 90' lang='lat' dir='ltr'>se</span> <span class='ocrx_word' id='word_1_95' title='bbox 624 835 832 875; x_wconf 87' lang='lat' dir='ltr'>conferant,</span> <span class='ocrx_word' id='word_1_96' title='bbox 867 835 929 868; x_wconf 91' lang='lat' dir='ltr'>sed</span> <span class='ocrx_word' id='word_1_97' title='bbox 952 832 1082 867; x_wconf 84' lang='lat' dir='ltr'>incerti</span> 
     </span>
     <span class='ocr_line' id='line_1_16' title="bbox 69 884 1082 933; baseline -0.001 -14"><span class='ocrx_word' id='word_1_98' title='bbox 69 891 261 930; x_wconf 84' lang='lat' dir='ltr'>vagentur,</span> <span class='ocrx_word' id='word_1_99' title='bbox 289 897 355 919; x_wconf 91' lang='lat' dir='ltr'>nec</span> <span class='ocrx_word' id='word_1_100' title='bbox 371 884 548 927; x_wconf 90' lang='lat' dir='ltr'>habeant,</span> <span class='ocrx_word' id='word_1_101' title='bbox 577 886 664 933; x_wconf 93' lang='lat' dir='ltr'>quid</span> <span class='ocrx_word' id='word_1_102' title='bbox 682 887 720 920; x_wconf 89' lang='lat' dir='ltr'>in</span> <span class='ocrx_word' id='word_1_103' title='bbox 737 887 908 921; x_wconf 90' lang='lat' dir='ltr'>discendo</span> <span class='ocrx_word' id='word_1_104' title='bbox 927 897 1082 932; x_wconf 88' lang='lat' dir='ltr'>sequan-</span> 
     </span>
     <span class='ocr_line' id='line_1_17' title="bbox 70 936 1082 979; baseline -0.002 -8"><span class='ocrx_word' id='word_1_105' title='bbox 70 943 152 978; x_wconf 86' lang='lat' dir='ltr'>tur,</span> <span class='ocrx_word' id='word_1_106' title='bbox 179 936 295 972; x_wconf 90' lang='lat' dir='ltr'>visum</span> <span class='ocrx_word' id='word_1_107' title='bbox 316 944 387 979; x_wconf 93' lang='lat' dir='ltr'>est,</span> <span class='ocrx_word' id='word_1_108' title='bbox 413 937 585 972; x_wconf 89' lang='lat' dir='ltr'>nonnihil</span> <span class='ocrx_word' id='word_1_109' title='bbox 608 940 651 972; x_wconf 90' lang='lat' dir='ltr'>de</span> <span class='ocrx_word' id='word_1_110' title='bbox 676 939 817 973; x_wconf 90' lang='lat' dir='ltr'>ratione</span> <span class='ocrx_word' id='word_1_111' title='bbox 841 938 1002 972; x_wconf 89' lang='lat' dir='ltr'>discendi</span> <span class='ocrx_word' id='word_1_112' title='bbox 1025 936 1082 970; x_wconf 92' lang='lat' dir='ltr'>di-</span> 
     </span>
     <span class='ocr_line' id='line_1_18' title="bbox 71 989 1081 1037; baseline -0.001 -14"><span class='ocrx_word' id='word_1_113' title='bbox 71 1001 163 1023; x_wconf 85' lang='lat' dir='ltr'>cere.</span> <span class='ocrx_word' id='word_1_114' title='bbox 202 989 254 1022; x_wconf 93' lang='lat' dir='ltr'>Ac</span> <span class='ocrx_word' id='word_1_115' title='bbox 270 989 431 1034; x_wconf 87' lang='lat' dir='ltr'>primum</span> <span class='ocrx_word' id='word_1_116' title='bbox 453 991 599 1037; x_wconf 90' lang='lat' dir='ltr'>quidem</span> <span class='ocrx_word' id='word_1_117' title='bbox 618 991 738 1024; x_wconf 85' lang='lat' dir='ltr'>valere</span> <span class='ocrx_word' id='word_1_118' title='bbox 753 990 869 1025; x_wconf 88' lang='lat' dir='ltr'>sinam</span> <span class='ocrx_word' id='word_1_119' title='bbox 891 1002 972 1031; x_wconf 89' lang='lat' dir='ltr'>eos,</span> <span class='ocrx_word' id='word_1_120' title='bbox 1002 989 1081 1035; x_wconf 90' lang='lat' dir='ltr'>qui-</span> 
     </span>
     <span class='ocr_line' id='line_1_19' title="bbox 67 1039 1082 1089; baseline -0.001 -14"><span class='ocrx_word' id='word_1_121' title='bbox 67 1042 136 1076; x_wconf 90' lang='lat' dir='ltr'>bus</span> <span class='ocrx_word' id='word_1_122' title='bbox 159 1039 287 1075; x_wconf 89' lang='lat' dir='ltr'>literae</span> <span class='ocrx_word' id='word_1_123' title='bbox 313 1044 480 1083; x_wconf 88' lang='lat' dir='ltr'>sordent,</span> <span class='ocrx_word' id='word_1_124' title='bbox 510 1043 640 1089; x_wconf 89' lang='lat' dir='ltr'>quibus</span> <span class='ocrx_word' id='word_1_125' title='bbox 664 1042 750 1077; x_wconf 89' lang='lat' dir='ltr'>satis</span> <span class='ocrx_word' id='word_1_126' title='bbox 768 1053 900 1087; x_wconf 83' lang='lat' dir='ltr'>magna</span> <span class='ocrx_word' id='word_1_127' title='bbox 916 1041 1082 1081; x_wconf 89' lang='lat' dir='ltr'>stultitia,</span> 
     </span>
     <span class='ocr_line' id='line_1_20' title="bbox 69 1091 1082 1139; baseline -0.001 -13"><span class='ocrx_word' id='word_1_128' title='bbox 69 1104 190 1139; x_wconf 88' lang='lat' dir='ltr'>poena</span> <span class='ocrx_word' id='word_1_129' title='bbox 216 1093 294 1138; x_wconf 89' lang='lat' dir='ltr'>ipsa</span> <span class='ocrx_word' id='word_1_130' title='bbox 319 1100 371 1128; x_wconf 90' lang='lat' dir='ltr'>est</span> <span class='ocrx_word' id='word_1_131' title='bbox 404 1094 568 1129; x_wconf 88' lang='lat' dir='ltr'>stultitia.</span> <span class='ocrx_word' id='word_1_132' title='bbox 632 1094 723 1128; x_wconf 91' lang='lat' dir='ltr'>Cum</span> <span class='ocrx_word' id='word_1_133' title='bbox 754 1093 959 1128; x_wconf 90' lang='lat' dir='ltr'>sanioribus</span> <span class='ocrx_word' id='word_1_134' title='bbox 990 1091 1082 1126; x_wconf 88' lang='lat' dir='ltr'>mihi</span> 
     </span>
     <span class='ocr_line' id='line_1_21' title="bbox 68 1145 1081 1192; baseline 0 -14"><span class='ocrx_word' id='word_1_135' title='bbox 68 1157 127 1179; x_wconf 89' lang='lat' dir='ltr'>res</span> <span class='ocrx_word' id='word_1_136' title='bbox 153 1150 223 1185; x_wconf 87' lang='lat' dir='ltr'>est,</span> <span class='ocrx_word' id='word_1_137' title='bbox 258 1145 389 1191; x_wconf 91' lang='lat' dir='ltr'>quibus</span> <span class='ocrx_word' id='word_1_138' title='bbox 415 1146 521 1180; x_wconf 86' lang='lat' dir='ltr'>video</span> <span class='ocrx_word' id='word_1_139' title='bbox 550 1153 720 1192; x_wconf 86' lang='lat' dir='ltr'>oportere</span> <span class='ocrx_word' id='word_1_140' title='bbox 744 1145 943 1191; x_wconf 82' lang='lat' dir='ltr'>praescribi</span> <span class='ocrx_word' id='word_1_141' title='bbox 970 1145 1081 1179; x_wconf 90' lang='lat' dir='ltr'>ratio-</span> 
     </span>
     <span class='ocr_line' id='line_1_22' title="bbox 69 1197 1082 1244; baseline -0.001 -13"><span class='ocrx_word' id='word_1_142' title='bbox 69 1209 153 1231; x_wconf 88' lang='lat' dir='ltr'>nem</span> <span class='ocrx_word' id='word_1_143' title='bbox 171 1197 357 1242; x_wconf 85' lang='lat' dir='ltr'>quandam</span> <span class='ocrx_word' id='word_1_144' title='bbox 375 1205 523 1239; x_wconf 90' lang='lat' dir='ltr'>certam,</span> <span class='ocrx_word' id='word_1_145' title='bbox 552 1211 662 1244; x_wconf 89' lang='lat' dir='ltr'>quam</span> <span class='ocrx_word' id='word_1_146' title='bbox 680 1198 718 1231; x_wconf 89' lang='lat' dir='ltr'>in</span> <span class='ocrx_word' id='word_1_147' title='bbox 737 1198 908 1233; x_wconf 88' lang='lat' dir='ltr'>discendo</span> <span class='ocrx_word' id='word_1_148' title='bbox 927 1209 1082 1243; x_wconf 89' lang='lat' dir='ltr'>sequan-</span> 
     </span>
     <span class='ocr_line' id='line_1_23' title="bbox 69 1248 1081 1296; baseline -0.002 -13"><span class='ocrx_word' id='word_1_149' title='bbox 69 1255 141 1283; x_wconf 88' lang='lat' dir='ltr'>tur.</span> <span class='ocrx_word' id='word_1_150' title='bbox 195 1248 290 1284; x_wconf 89' lang='lat' dir='ltr'>Nam</span> <span class='ocrx_word' id='word_1_151' title='bbox 314 1255 355 1283; x_wconf 93' lang='lat' dir='ltr'>ut</span> <span class='ocrx_word' id='word_1_152' title='bbox 378 1249 416 1283; x_wconf 93' lang='lat' dir='ltr'>in</span> <span class='ocrx_word' id='word_1_153' title='bbox 434 1250 552 1284; x_wconf 90' lang='lat' dir='ltr'>stadio</span> <span class='ocrx_word' id='word_1_154' title='bbox 571 1251 633 1296; x_wconf 90' lang='lat' dir='ltr'>qui</span> <span class='ocrx_word' id='word_1_155' title='bbox 651 1263 758 1285; x_wconf 88' lang='lat' dir='ltr'>cursu</span> <span class='ocrx_word' id='word_1_156' title='bbox 778 1256 937 1290; x_wconf 89' lang='lat' dir='ltr'>certant,</span> <span class='ocrx_word' id='word_1_157' title='bbox 964 1249 1081 1294; x_wconf 87' lang='lat' dir='ltr'>spatia</span> 
     </span>
     <span class='ocr_line' id='line_1_24' title="bbox 68 1300 1080 1349; baseline -0.002 -14"><span class='ocrx_word' id='word_1_158' title='bbox 68 1301 174 1335; x_wconf 88' lang='lat' dir='ltr'>lineis</span> <span class='ocrx_word' id='word_1_159' title='bbox 189 1300 381 1342; x_wconf 90' lang='lat' dir='ltr'>definiunt,</span> <span class='ocrx_word' id='word_1_160' title='bbox 408 1314 453 1335; x_wconf 91' lang='lat' dir='ltr'>ne</span> <span class='ocrx_word' id='word_1_161' title='bbox 470 1314 540 1349; x_wconf 88' lang='lat' dir='ltr'>qua</span> <span class='ocrx_word' id='word_1_162' title='bbox 558 1309 756 1348; x_wconf 83' lang='lat' dir='ltr'>evagentur</span> <span class='ocrx_word' id='word_1_163' title='bbox 770 1303 1022 1347; x_wconf 86' lang='lat' dir='ltr'>imprudenter</span> <span class='ocrx_word' id='word_1_164' title='bbox 1031 1300 1080 1346; x_wconf 80' lang='lat'>2):</span> 
     </span>
     <span class='ocr_line' id='line_1_25' title="bbox 69 1352 1082 1400; baseline 0.001 -14"><span class='ocrx_word' id='word_1_165' title='bbox 69 1353 120 1386; x_wconf 91' lang='lat' dir='ltr'>ita</span> <span class='ocrx_word' id='word_1_166' title='bbox 148 1352 312 1387; x_wconf 89' lang='lat' dir='ltr'>omnium</span> <span class='ocrx_word' id='word_1_167' title='bbox 337 1353 375 1386; x_wconf 91' lang='lat' dir='ltr'>in</span> <span class='ocrx_word' id='word_1_168' title='bbox 400 1355 501 1387; x_wconf 90' lang='lat' dir='ltr'>omni</span> <span class='ocrx_word' id='word_1_169' title='bbox 524 1367 654 1400; x_wconf 82' lang='lat' dir='ltr'>genere</span> <span class='ocrx_word' id='word_1_170' title='bbox 680 1354 795 1395; x_wconf 62' lang='lat' dir='ltr'>vitae,</span> <span class='ocrx_word' id='word_1_171' title='bbox 823 1361 899 1388; x_wconf 89' lang='lat' dir='ltr'>tum</span> <span class='ocrx_word' id='word_1_172' title='bbox 924 1353 1082 1387; x_wconf 82' lang='lat' dir='ltr'>maxime</span> 
     </span>
     <span class='ocr_line' id='line_1_26' title="bbox 69 1404 1082 1451; baseline 0 -13"><span class='ocrx_word' id='word_1_173' title='bbox 69 1405 109 1438; x_wconf 88' lang='lat' dir='ltr'>in</span> <span class='ocrx_word' id='word_1_174' title='bbox 128 1404 256 1439; x_wconf 88' lang='lat' dir='ltr'>studiis</span> <span class='ocrx_word' id='word_1_175' title='bbox 270 1405 458 1440; x_wconf 89' lang='lat' dir='ltr'>literarum</span> <span class='ocrx_word' id='word_1_176' title='bbox 471 1433 480 1446; x_wconf 93' lang='lat'>,</span> <span class='ocrx_word' id='word_1_177' title='bbox 507 1407 770 1451; x_wconf 90' lang='lat' dir='ltr'>praestandum</span> <span class='ocrx_word' id='word_1_178' title='bbox 785 1418 925 1446; x_wconf 90' lang='lat' dir='ltr'>censeo,</span> <span class='ocrx_word' id='word_1_179' title='bbox 953 1411 993 1439; x_wconf 92' lang='lat' dir='ltr'>ut</span> <span class='ocrx_word' id='word_1_180' title='bbox 1008 1417 1082 1439; x_wconf 87' lang='lat' dir='ltr'>cer-</span> 
     </span>
     <span class='ocr_line' id='line_1_27' title="bbox 69 1456 1080 1503; baseline 0.001 -13"><span class='ocrx_word' id='word_1_181' title='bbox 69 1463 148 1490; x_wconf 90' lang='lat' dir='ltr'>tum</span> <span class='ocrx_word' id='word_1_182' title='bbox 173 1456 378 1491; x_wconf 89' lang='lat' dir='ltr'>studiorum</span> <span class='ocrx_word' id='word_1_183' title='bbox 403 1458 512 1491; x_wconf 85' lang='lat' dir='ltr'>finem</span> <span class='ocrx_word' id='word_1_184' title='bbox 538 1458 643 1493; x_wconf 89' lang='lat' dir='ltr'>nobis</span> <span class='ocrx_word' id='word_1_185' title='bbox 661 1464 883 1499; x_wconf 84' lang='lat' dir='ltr'>statuamus,</span> <span class='ocrx_word' id='word_1_186' title='bbox 911 1458 956 1491; x_wconf 90' lang='lat' dir='ltr'>ad</span> <span class='ocrx_word' id='word_1_187' title='bbox 974 1469 1080 1503; x_wconf 89' lang='lat' dir='ltr'>quem</span> 
     </span>
     <span class='ocr_line' id='line_1_28' title="bbox 69 1508 1082 1556; baseline 0.002 -15"><span class='ocrx_word' id='word_1_188' title='bbox 69 1508 218 1542; x_wconf 89' lang='lat' dir='ltr'>interim</span> <span class='ocrx_word' id='word_1_189' title='bbox 243 1520 368 1543; x_wconf 89' lang='lat' dir='ltr'>omnes</span> <span class='ocrx_word' id='word_1_190' title='bbox 392 1509 507 1544; x_wconf 88' lang='lat' dir='ltr'>animi</span> <span class='ocrx_word' id='word_1_191' title='bbox 523 1510 780 1556; x_wconf 86' lang='lat' dir='ltr'>cogitationes,</span> <span class='ocrx_word' id='word_1_192' title='bbox 809 1509 932 1543; x_wconf 87' lang='lat' dir='ltr'>omnia</span> <span class='ocrx_word' id='word_1_193' title='bbox 950 1521 1082 1554; x_wconf 88' lang='lat' dir='ltr'>genera</span> 
     </span>
     <span class='ocr_line' id='line_1_29' title="bbox 70 1559 1082 1609; baseline 0.001 -14"><span class='ocrx_word' id='word_1_194' title='bbox 70 1559 275 1595; x_wconf 87' lang='lat' dir='ltr'>studiorum</span> <span class='ocrx_word' id='word_1_195' title='bbox 293 1560 512 1606; x_wconf 86' lang='lat' dir='ltr'>dirigantur,</span> <span class='ocrx_word' id='word_1_196' title='bbox 535 1569 570 1597; x_wconf 91' lang='lat' dir='ltr'>et</span> <span class='ocrx_word' id='word_1_197' title='bbox 585 1563 784 1609; x_wconf 89' lang='lat' dir='ltr'>prudenter</span> <span class='ocrx_word' id='word_1_198' title='bbox 801 1562 1082 1603; x_wconf 88' lang='lat' dir='ltr'>consideremus,</span> 
     </span>
     <span class='ocr_line' id='line_1_30' title="bbox 71 1612 1083 1662; baseline 0.003 -17"><span class='ocrx_word' id='word_1_199' title='bbox 71 1612 160 1659; x_wconf 88' lang='lat' dir='ltr'>quid</span> <span class='ocrx_word' id='word_1_200' title='bbox 185 1612 267 1647; x_wconf 87' lang='lat' dir='ltr'>viae</span> <span class='ocrx_word' id='word_1_201' title='bbox 287 1613 487 1658; x_wconf 84' lang='lat' dir='ltr'>deligamus</span> <span class='ocrx_word' id='word_1_202' title='bbox 501 1614 552 1662; x_wconf 79' lang='lat'>3),</span> <span class='ocrx_word' id='word_1_203' title='bbox 586 1627 631 1648; x_wconf 94' lang='lat' dir='ltr'>ne</span> <span class='ocrx_word' id='word_1_204' title='bbox 651 1615 851 1649; x_wconf 87' lang='lat' dir='ltr'>iaculemur</span> <span class='ocrx_word' id='word_1_205' title='bbox 877 1614 934 1660; x_wconf 91' lang='lat' dir='ltr'>(ut</span> <span class='ocrx_word' id='word_1_206' title='bbox 952 1613 1083 1648; x_wconf 88' lang='lat' dir='ltr'>Graeci</span> 
     </span>
     <span class='ocr_line' id='line_1_31' title="bbox 71 1664 1083 1713; baseline 0.001 -15"><span class='ocrx_word' id='word_1_207' title='bbox 71 1664 213 1713; x_wconf 90' lang='lat' dir='ltr'>dicunt)</span> <span class='ocrx_word' id='word_1_208' title='bbox 239 1665 316 1700; x_wconf 91' lang='lat' dir='ltr'>sine</span> <span class='ocrx_word' id='word_1_209' title='bbox 343 1678 466 1712; x_wconf 89' lang='lat' dir='ltr'>scopo.</span> <span class='ocrx_word' id='word_1_210' title='bbox 520 1668 579 1701; x_wconf 85' lang='lat' dir='ltr'>An</span> <span class='ocrx_word' id='word_1_211' title='bbox 603 1679 679 1701; x_wconf 92' lang='lat' dir='ltr'>non</span> <span class='ocrx_word' id='word_1_212' title='bbox 706 1667 854 1707; x_wconf 87' lang='lat' dir='ltr'>videtis,</span> <span class='ocrx_word' id='word_1_213' title='bbox 884 1679 992 1713; x_wconf 88' lang='lat' dir='ltr'>quam</span> <span class='ocrx_word' id='word_1_214' title='bbox 1014 1667 1083 1701; x_wconf 90' lang='lat' dir='ltr'>sol-</span> 
     </span>
     <span class='ocr_line' id='line_1_32' title="bbox 70 1716 1083 1765; baseline 0.002 -15"><span class='ocrx_word' id='word_1_215' title='bbox 70 1716 167 1751; x_wconf 88' lang='lat' dir='ltr'>licite</span> <span class='ocrx_word' id='word_1_216' title='bbox 191 1724 343 1752; x_wconf 89' lang='lat' dir='ltr'>caveant</span> <span class='ocrx_word' id='word_1_217' title='bbox 365 1719 633 1760; x_wconf 86' lang='lat' dir='ltr'>foeneratores,</span> <span class='ocrx_word' id='word_1_218' title='bbox 669 1731 714 1752; x_wconf 92' lang='lat' dir='ltr'>ne</span> <span class='ocrx_word' id='word_1_219' title='bbox 736 1731 843 1765; x_wconf 90' lang='lat' dir='ltr'>quem</span> <span class='ocrx_word' id='word_1_220' title='bbox 865 1719 1083 1759; x_wconf 88' lang='lat' dir='ltr'>teruncium,</span> 
     </span>
     <span class='ocr_line' id='line_1_33' title="bbox 73 1768 1084 1817; baseline 0.001 -14"><span class='ocrx_word' id='word_1_221' title='bbox 73 1775 136 1803; x_wconf 89' lang='lat' dir='ltr'>aut</span> <span class='ocrx_word' id='word_1_222' title='bbox 157 1769 188 1804; x_wconf 86' lang='lat' dir='ltr'>si</span> <span class='ocrx_word' id='word_1_223' title='bbox 211 1770 298 1817; x_wconf 92' lang='lat' dir='ltr'>quid</span> <span class='ocrx_word' id='word_1_224' title='bbox 321 1768 391 1804; x_wconf 90' lang='lat' dir='ltr'>hoc</span> <span class='ocrx_word' id='word_1_225' title='bbox 416 1771 524 1806; x_wconf 76' lang='lat' dir='ltr'>vilius</span> <span class='ocrx_word' id='word_1_226' title='bbox 541 1777 610 1812; x_wconf 89' lang='lat' dir='ltr'>est,</span> <span class='ocrx_word' id='word_1_227' title='bbox 640 1772 866 1816; x_wconf 80' lang='lat' dir='ltr'>expendant,</span> <span class='ocrx_word' id='word_1_228' title='bbox 893 1772 990 1805; x_wconf 92' lang='lat' dir='ltr'>unde</span> <span class='ocrx_word' id='word_1_229' title='bbox 1008 1782 1084 1804; x_wconf 92' lang='lat' dir='ltr'>non</span> 
     </span>
     <span class='ocr_line' id='line_1_34' title="bbox 71 1822 1083 1864; baseline 0.001 -9"><span class='ocrx_word' id='word_1_230' title='bbox 71 1822 197 1855; x_wconf 90' lang='lat' dir='ltr'>redeat</span> <span class='ocrx_word' id='word_1_231' title='bbox 214 1822 369 1858; x_wconf 84' lang='lat' dir='ltr'>foenus?</span> <span class='ocrx_word' id='word_1_232' title='bbox 424 1823 500 1858; x_wconf 94' lang='lat' dir='ltr'>Nos</span> <span class='ocrx_word' id='word_1_233' title='bbox 518 1830 573 1858; x_wconf 85' lang='lat' dir='ltr'>tot</span> <span class='ocrx_word' id='word_1_234' title='bbox 591 1823 760 1858; x_wconf 90' lang='lat' dir='ltr'>coelestes</span> <span class='ocrx_word' id='word_1_235' title='bbox 777 1824 879 1857; x_wconf 90' lang='lat' dir='ltr'>dotes</span> <span class='ocrx_word' id='word_1_236' title='bbox 891 1850 900 1864; x_wconf 94' lang='lat'>,</span> <span class='ocrx_word' id='word_1_237' title='bbox 929 1830 1083 1857; x_wconf 86' lang='lat' dir='ltr'>aetatem</span> 
     </span>
     <span class='ocr_line' id='line_1_35' title="bbox 73 1873 1084 1920; baseline 0.001 -13"><span class='ocrx_word' id='word_1_238' title='bbox 73 1873 213 1920; x_wconf 89' lang='lat' dir='ltr'>alioqui</span> <span class='ocrx_word' id='word_1_239' title='bbox 239 1875 531 1920; x_wconf 77' lang='lat' dir='ltr'>sagacissimam,</span> <span class='ocrx_word' id='word_1_240' title='bbox 574 1876 623 1909; x_wconf 89' lang='lat' dir='ltr'>sic</span> <span class='ocrx_word' id='word_1_241' title='bbox 652 1875 931 1917; x_wconf 87' lang='lat' dir='ltr'>collocabimus,</span> <span class='ocrx_word' id='word_1_242' title='bbox 975 1882 1016 1910; x_wconf 90' lang='lat' dir='ltr'>ut</span> <span class='ocrx_word' id='word_1_243' title='bbox 1039 1887 1084 1909; x_wconf 90' lang='lat' dir='ltr'>ne</span> 
     </span>
     <span class='ocr_line' id='line_1_36' title="bbox 72 1926 1085 1974; baseline 0.001 -14"><span class='ocrx_word' id='word_1_244' title='bbox 72 1938 151 1961; x_wconf 89' lang='lat' dir='ltr'>sors</span> <span class='ocrx_word' id='word_1_245' title='bbox 174 1926 323 1972; x_wconf 89' lang='lat' dir='ltr'>quidem</span> <span class='ocrx_word' id='word_1_246' title='bbox 347 1929 393 1962; x_wconf 89' lang='lat' dir='ltr'>ad</span> <span class='ocrx_word' id='word_1_247' title='bbox 416 1940 484 1963; x_wconf 91' lang='lat' dir='ltr'>nos</span> <span class='ocrx_word' id='word_1_248' title='bbox 507 1928 657 1962; x_wconf 81' lang='lat' dir='ltr'>redeat?</span> <span class='ocrx_word' id='word_1_249' title='bbox 712 1927 831 1973; x_wconf 85' lang='lat' dir='ltr'>Quid,</span> <span class='ocrx_word' id='word_1_250' title='bbox 868 1929 966 1974; x_wconf 91' lang='lat' dir='ltr'>quod</span> <span class='ocrx_word' id='word_1_251' title='bbox 990 1928 1085 1961; x_wconf 91' lang='lat' dir='ltr'>male</span> 
     </span>
     <span class='ocr_line' id='line_1_37' title="bbox 73 1980 1086 2026; baseline 0.001 -14"><span class='ocrx_word' id='word_1_252' title='bbox 73 1985 192 2024; x_wconf 83' lang='lat' dir='ltr'>gestae</span> <span class='ocrx_word' id='word_1_253' title='bbox 217 1980 271 2013; x_wconf 88' lang='lat' dir='ltr'>rei</span> <span class='ocrx_word' id='word_1_254' title='bbox 297 1980 392 2014; x_wconf 89' lang='lat' dir='ltr'>ratio</span> <span class='ocrx_word' id='word_1_255' title='bbox 417 1980 580 2014; x_wconf 91' lang='lat' dir='ltr'>Domino</span> <span class='ocrx_word' id='word_1_256' title='bbox 609 1980 793 2014; x_wconf 90' lang='lat' dir='ltr'>reddenda</span> <span class='ocrx_word' id='word_1_257' title='bbox 823 1987 895 2021; x_wconf 90' lang='lat' dir='ltr'>est,</span> <span class='ocrx_word' id='word_1_258' title='bbox 932 1980 995 2026; x_wconf 91' lang='lat' dir='ltr'>qui</span> <span class='ocrx_word' id='word_1_259' title='bbox 1020 1992 1086 2013; x_wconf 78' lang='lat' dir='ltr'>no-</span> 
     </span>
     <span class='ocr_line' id='line_1_38' title="bbox 71 2029 1086 2078; baseline 0 -13"><span class='ocrx_word' id='word_1_260' title='bbox 71 2031 128 2066; x_wconf 88' lang='lat' dir='ltr'>his</span> <span class='ocrx_word' id='word_1_261' title='bbox 155 2029 252 2065; x_wconf 91' lang='lat' dir='ltr'>hunc</span> <span class='ocrx_word' id='word_1_262' title='bbox 283 2032 467 2074; x_wconf 87' lang='lat' dir='ltr'>animum,</span> <span class='ocrx_word' id='word_1_263' title='bbox 508 2033 563 2067; x_wconf 90' lang='lat' dir='ltr'>sui</span> <span class='ocrx_word' id='word_1_264' title='bbox 590 2032 829 2078; x_wconf 86' lang='lat' dir='ltr'>particulam,</span> <span class='ocrx_word' id='word_1_265' title='bbox 872 2032 934 2078; x_wconf 86' lang='lat' dir='ltr'>qui</span> <span class='ocrx_word' id='word_1_266' title='bbox 960 2032 1086 2072; x_wconf 85' lang='lat' dir='ltr'>vitam,</span> 
     </span>
     <span class='ocr_line' id='line_1_39' title="bbox 74 2083 1086 2131; baseline 0.002 -15"><span class='ocrx_word' id='word_1_267' title='bbox 74 2083 138 2130; x_wconf 86' lang='lat' dir='ltr'>qui</span> <span class='ocrx_word' id='word_1_268' title='bbox 156 2083 322 2129; x_wconf 85' lang='lat' dir='ltr'>ingenia,</span> <span class='ocrx_word' id='word_1_269' title='bbox 350 2085 413 2131; x_wconf 89' lang='lat' dir='ltr'>qui</span> <span class='ocrx_word' id='word_1_270' title='bbox 431 2084 565 2119; x_wconf 76' lang='lat' dir='ltr'>victum</span> <span class='ocrx_word' id='word_1_271' title='bbox 585 2085 749 2126; x_wconf 87' lang='lat' dir='ltr'>credidit,</span> <span class='ocrx_word' id='word_1_272' title='bbox 772 2085 895 2119; x_wconf 89' lang='lat' dir='ltr'>literas</span> <span class='ocrx_word' id='word_1_273' title='bbox 916 2085 1086 2125; x_wconf 87' lang='lat' dir='ltr'>ostendit,</span> 
     </span>
     <span class='ocr_line' id='line_1_40' title="bbox 75 2137 1086 2184; baseline 0 -14"><span class='ocrx_word' id='word_1_274' title='bbox 75 2148 165 2182; x_wconf 89' lang='lat' dir='ltr'>quas</span> <span class='ocrx_word' id='word_1_275' title='bbox 188 2137 287 2171; x_wconf 77' lang='lat' dir='ltr'>velut</span> <span class='ocrx_word' id='word_1_276' title='bbox 306 2137 523 2171; x_wconf 89' lang='lat' dir='ltr'>conducticii</span> <span class='ocrx_word' id='word_1_277' title='bbox 545 2138 724 2182; x_wconf 87' lang='lat' dir='ltr'>agricolae</span> <span class='ocrx_word' id='word_1_278' title='bbox 747 2137 1009 2184; x_wconf 87' lang='lat' dir='ltr'>aliquantisper</span> <span class='ocrx_word' id='word_1_279' title='bbox 1028 2150 1086 2170; x_wconf 90' lang='lat' dir='ltr'>co-</span> 
     </span>
     <span class='ocr_line' id='line_1_41' title="bbox 74 2188 1086 2237; baseline 0.002 -16"><span class='ocrx_word' id='word_1_280' title='bbox 74 2188 258 2224; x_wconf 80' lang='lat' dir='ltr'>leremus?</span> <span class='ocrx_word' id='word_1_281' title='bbox 298 2189 396 2235; x_wconf 85' lang='lat' dir='ltr'>Quid</span> <span class='ocrx_word' id='word_1_282' title='bbox 414 2190 509 2223; x_wconf 90' lang='lat' dir='ltr'>enim</span> <span class='ocrx_word' id='word_1_283' title='bbox 531 2190 629 2224; x_wconf 91' lang='lat' dir='ltr'>aliud</span> <span class='ocrx_word' id='word_1_284' title='bbox 649 2203 785 2232; x_wconf 89' lang='lat' dir='ltr'>sumus,</span> <span class='ocrx_word' id='word_1_285' title='bbox 814 2203 923 2237; x_wconf 88' lang='lat' dir='ltr'>quam</span> <span class='ocrx_word' id='word_1_286' title='bbox 946 2190 1086 2223; x_wconf 84' lang='lat' dir='ltr'>alienae</span> 
     </span>
     <span class='ocr_line' id='line_1_42' title="bbox 76 2240 1087 2289; baseline 0.003 -16"><span class='ocrx_word' id='word_1_287' title='bbox 76 2240 131 2274; x_wconf 90' lang='lat' dir='ltr'>rei</span> <span class='ocrx_word' id='word_1_288' title='bbox 150 2242 434 2286; x_wconf 76' lang='lat' dir='ltr'>procuratores?</span> <span class='ocrx_word' id='word_1_289' title='bbox 489 2242 655 2276; x_wconf 91' lang='lat' dir='ltr'>Primum</span> <span class='ocrx_word' id='word_1_290' title='bbox 677 2242 799 2289; x_wconf 89' lang='lat' dir='ltr'>itaque</span> <span class='ocrx_word' id='word_1_291' title='bbox 818 2244 861 2276; x_wconf 87' lang='lat' dir='ltr'>de</span> <span class='ocrx_word' id='word_1_292' title='bbox 877 2244 997 2276; x_wconf 81' lang='lat' dir='ltr'>fructu</span> <span class='ocrx_word' id='word_1_293' title='bbox 1014 2249 1087 2276; x_wconf 90' lang='lat' dir='ltr'>stu-</span> 
     </span>
     <span class='ocr_line' id='line_1_43' title="bbox 76 2292 1087 2342; baseline 0.001 -15"><span class='ocrx_word' id='word_1_294' title='bbox 76 2292 223 2327; x_wconf 88' lang='lat' dir='ltr'>diorum</span> <span class='ocrx_word' id='word_1_295' title='bbox 249 2295 386 2328; x_wconf 85' lang='lat' dir='ltr'>dicam:</span> <span class='ocrx_word' id='word_1_296' title='bbox 421 2294 518 2328; x_wconf 92' lang='lat' dir='ltr'>unde</span> <span class='ocrx_word' id='word_1_297' title='bbox 544 2294 741 2339; x_wconf 87' lang='lat' dir='ltr'>intelligas,</span> <span class='ocrx_word' id='word_1_298' title='bbox 771 2295 857 2342; x_wconf 89' lang='lat' dir='ltr'>quid</span> <span class='ocrx_word' id='word_1_299' title='bbox 875 2307 938 2330; x_wconf 91' lang='lat' dir='ltr'>cur</span> <span class='ocrx_word' id='word_1_300' title='bbox 957 2295 1087 2329; x_wconf 87' lang='lat' dir='ltr'>debeas</span> 
     </span>
     <span class='ocr_line' id='line_1_44' title="bbox 75 2345 1088 2394; baseline 0 -14"><span class='ocrx_word' id='word_1_301' title='bbox 75 2345 246 2391; x_wconf 84' lang='lat' dir='ltr'>deligere.</span> <span class='ocrx_word' id='word_1_302' title='bbox 288 2346 363 2392; x_wconf 88' lang='lat' dir='ltr'>Qui</span> <span class='ocrx_word' id='word_1_303' title='bbox 385 2358 485 2381; x_wconf 89' lang='lat' dir='ltr'>sacra</span> <span class='ocrx_word' id='word_1_304' title='bbox 513 2346 775 2391; x_wconf 78' lang='lat' dir='ltr'>ignoraverunt</span> <span class='ocrx_word' id='word_1_305' title='bbox 791 2349 998 2394; x_wconf 90' lang='lat' dir='ltr'>quondam,</span> <span class='ocrx_word' id='word_1_306' title='bbox 1026 2359 1088 2380; x_wconf 90' lang='lat' dir='ltr'>ne-</span> 
     </span>
     <span class='ocr_line' id='line_1_45' title="bbox 78 2398 1089 2445; baseline 0 -13"><span class='ocrx_word' id='word_1_307' title='bbox 78 2398 249 2433; x_wconf 89' lang='lat' dir='ltr'>cessarias</span> <span class='ocrx_word' id='word_1_308' title='bbox 277 2398 345 2433; x_wconf 90' lang='lat' dir='ltr'>sibi</span> <span class='ocrx_word' id='word_1_309' title='bbox 369 2398 491 2433; x_wconf 87' lang='lat' dir='ltr'>literas</span> <span class='ocrx_word' id='word_1_310' title='bbox 520 2411 594 2434; x_wconf 91' lang='lat' dir='ltr'>esse</span> <span class='ocrx_word' id='word_1_311' title='bbox 621 2400 819 2445; x_wconf 87' lang='lat' dir='ltr'>putabant,</span> <span class='ocrx_word' id='word_1_312' title='bbox 860 2407 900 2434; x_wconf 90' lang='lat' dir='ltr'>ut</span> <span class='ocrx_word' id='word_1_313' title='bbox 925 2400 1029 2433; x_wconf 88' lang='lat' dir='ltr'>rudia</span> <span class='ocrx_word' id='word_1_314' title='bbox 1054 2406 1089 2433; x_wconf 87' lang='lat' dir='ltr'>et</span> 
     </span>
     <span class='ocr_line' id='line_1_46' title="bbox 76 2449 1088 2496; baseline 0.001 -12"><span class='ocrx_word' id='word_1_315' title='bbox 76 2451 153 2484; x_wconf 86' lang='lat' dir='ltr'>sera</span> <span class='ocrx_word' id='word_1_316' title='bbox 168 2450 314 2496; x_wconf 88' lang='lat' dir='ltr'>ingenia</span> <span class='ocrx_word' id='word_1_317' title='bbox 332 2449 544 2486; x_wconf 82' lang='lat' dir='ltr'>huiusmodi</span> <span class='ocrx_word' id='word_1_318' title='bbox 562 2452 660 2485; x_wconf 91' lang='lat' dir='ltr'>cultu</span> <span class='ocrx_word' id='word_1_319' title='bbox 676 2450 846 2486; x_wconf 90' lang='lat' dir='ltr'>nonnihil</span> <span class='ocrx_word' id='word_1_320' title='bbox 863 2464 1088 2487; x_wconf 88' lang='lat' dir='ltr'>mansuesce-</span> 
     </span>
     <span class='ocr_line' id='line_1_47' title="bbox 78 2503 1088 2549; baseline 0.001 -13"><span class='ocrx_word' id='word_1_321' title='bbox 78 2510 172 2538; x_wconf 89' lang='lat' dir='ltr'>rent.</span> <span class='ocrx_word' id='word_1_322' title='bbox 239 2503 393 2538; x_wconf 85' lang='lat' dir='ltr'>Honesti</span> <span class='ocrx_word' id='word_1_323' title='bbox 424 2504 599 2549; x_wconf 90' lang='lat' dir='ltr'>speciem,</span> <span class='ocrx_word' id='word_1_324' title='bbox 643 2510 788 2537; x_wconf 90' lang='lat' dir='ltr'>tenerae</span> <span class='ocrx_word' id='word_1_325' title='bbox 821 2511 856 2538; x_wconf 90' lang='lat' dir='ltr'>et</span> <span class='ocrx_word' id='word_1_326' title='bbox 887 2505 1088 2539; x_wconf 88' lang='lat' dir='ltr'>imbecillae</span> 
     </span>
     <span class='ocr_line' id='line_1_48' title="bbox 79 2554 1090 2602; baseline 0.001 -14"><span class='ocrx_word' id='word_1_327' title='bbox 79 2554 212 2595; x_wconf 84' lang='lat' dir='ltr'>aetati,</span> <span class='ocrx_word' id='word_1_328' title='bbox 248 2568 342 2601; x_wconf 91' lang='lat' dir='ltr'>quae</span> <span class='ocrx_word' id='word_1_329' title='bbox 364 2555 442 2601; x_wconf 90' lang='lat' dir='ltr'>ipsa</span> <span class='ocrx_word' id='word_1_330' title='bbox 459 2569 524 2602; x_wconf 89' lang='lat' dir='ltr'>per</span> <span class='ocrx_word' id='word_1_331' title='bbox 540 2568 614 2590; x_wconf 87' lang='lat' dir='ltr'>sese</span> <span class='ocrx_word' id='word_1_332' title='bbox 632 2568 707 2589; x_wconf 90' lang='lat' dir='ltr'>non</span> <span class='ocrx_word' id='word_1_333' title='bbox 725 2556 840 2602; x_wconf 88' lang='lat' dir='ltr'>sapit,</span> <span class='ocrx_word' id='word_1_334' title='bbox 868 2563 1090 2602; x_wconf 75' lang='lat' dir='ltr'>putaverunt</span> 
     </span>
     <span class='ocr_line' id='line_1_49' title="bbox 79 2605 1090 2649; baseline 0.003 -9"><span class='ocrx_word' id='word_1_335' title='bbox 79 2606 119 2640; x_wconf 91' lang='lat' dir='ltr'>in</span> <span class='ocrx_word' id='word_1_336' title='bbox 140 2606 254 2641; x_wconf 85' lang='lat' dir='ltr'>literis</span> <span class='ocrx_word' id='word_1_337' title='bbox 272 2605 511 2642; x_wconf 85' lang='lat' dir='ltr'>exhibendam</span> <span class='ocrx_word' id='word_1_338' title='bbox 530 2621 623 2649; x_wconf 87' lang='lat' dir='ltr'>esse,</span> <span class='ocrx_word' id='word_1_339' title='bbox 657 2610 753 2642; x_wconf 88' lang='lat' dir='ltr'>unde</span> <span class='ocrx_word' id='word_1_340' title='bbox 772 2609 915 2644; x_wconf 86' lang='lat' dir='ltr'>animus</span> <span class='ocrx_word' id='word_1_341' title='bbox 931 2610 1090 2643; x_wconf 83' lang='lat' dir='ltr'>admira-</span> 
     </span>
    </p>
   </div>
   <div class='ocr_carea' id='block_1_6' title="bbox 84 2679 293 2685">
    <p class='ocr_par' dir='ltr' id='par_1_6' title="bbox 84 2679 293 2685">
     <span class='ocr_line' id='line_1_50' title="bbox 84 2679 293 2685; baseline 0 0"><span class='ocrx_word' id='word_1_342' title='bbox 84 2679 293 2685; x_wconf 95' lang='lat' dir='ltr'> </span> 
     </span>
    </p>
   </div>
   <div class='ocr_carea' id='block_1_7' title="bbox 116 2718 949 2793">
    <p class='ocr_par' dir='ltr' id='par_1_7' title="bbox 116 2718 949 2793">
     <span class='ocr_line' id='line_1_51' title="bbox 116 2718 949 2750; baseline 0 -7"><span class='ocrx_word' id='word_1_343' title='bbox 116 2719 150 2749; x_wconf 79' lang='lat'>2)</span> <span class='ocrx_word' id='word_1_344' title='bbox 167 2718 219 2743; x_wconf 76' lang='lat' dir='ltr'>His</span> <span class='ocrx_word' id='word_1_345' title='bbox 240 2719 267 2743; x_wconf 86' lang='lat' dir='ltr'>in</span> <span class='ocrx_word' id='word_1_346' title='bbox 286 2724 375 2750; x_wconf 84' lang='lat' dir='ltr'>marg.</span> <span class='ocrx_word' id='word_1_347' title='bbox 391 2718 535 2750; x_wconf 82' lang='lat' dir='ltr'>adscripta</span> <span class='ocrx_word' id='word_1_348' title='bbox 554 2720 597 2742; x_wconf 80' lang='lat' dir='ltr'>est</span> <span class='ocrx_word' id='word_1_349' title='bbox 617 2720 731 2744; x_wconf 84' lang='lat' dir='ltr'>annot.:</span> <span class='ocrx_word' id='word_1_350' title='bbox 760 2718 949 2749; x_wconf 73' lang='lat' dir='ltr'>comparatio.</span> 
     </span>
     <span class='ocr_line' id='line_1_52' title="bbox 117 2762 916 2793; baseline 0 -6"><span class='ocrx_word' id='word_1_351' title='bbox 117 2763 150 2791; x_wconf 82' lang='lat'>3)</span> <span class='ocrx_word' id='word_1_352' title='bbox 170 2763 222 2787; x_wconf 82' lang='lat' dir='ltr'>uis</span> <span class='ocrx_word' id='word_1_353' title='bbox 241 2763 269 2787; x_wconf 87' lang='lat' dir='ltr'>in</span> <span class='ocrx_word' id='word_1_354' title='bbox 288 2768 377 2793; x_wconf 82' lang='lat' dir='ltr'>marg.</span> <span class='ocrx_word' id='word_1_355' title='bbox 397 2762 541 2793; x_wconf 80' lang='lat' dir='ltr'>adscripta</span> <span class='ocrx_word' id='word_1_356' title='bbox 559 2763 601 2786; x_wconf 78' lang='lat' dir='ltr'>est</span> <span class='ocrx_word' id='word_1_357' title='bbox 620 2764 731 2787; x_wconf 85' lang='lat' dir='ltr'>annot.:</span> <span class='ocrx_word' id='word_1_358' title='bbox 757 2762 916 2793; x_wconf 78' lang='lat' dir='ltr'>Adaptatio.</span> 
     </span>
    </p>
   </div>
   <div class='ocr_carea' id='block_1_8' title="bbox 1136 310 2152 1344">
    <p class='ocr_par' dir='ltr' id='par_1_8' title="bbox 1136 310 2152 1344">
     <span class='ocr_line' id='line_1_53' title="bbox 1137 310 2149 361; baseline 0.008 -19"><span class='ocrx_word' id='word_1_359' title='bbox 1137 310 1237 344; x_wconf 84' lang='lat' dir='ltr'>tione</span> <span class='ocrx_word' id='word_1_360' title='bbox 1265 313 1422 356; x_wconf 84' lang='lat' dir='ltr'>quadam</span> <span class='ocrx_word' id='word_1_361' title='bbox 1448 311 1539 345; x_wconf 87' lang='lat' dir='ltr'>recti</span> <span class='ocrx_word' id='word_1_362' title='bbox 1564 323 1753 354; x_wconf 89' lang='lat' dir='ltr'>accensus,</span> <span class='ocrx_word' id='word_1_363' title='bbox 1789 320 1989 355; x_wconf 87' lang='lat' dir='ltr'>coerceret,</span> <span class='ocrx_word' id='word_1_364' title='bbox 2024 322 2149 361; x_wconf 90' lang='lat' dir='ltr'>quate-</span> 
     </span>
     <span class='ocr_line' id='line_1_54' title="bbox 1136 363 2148 409; baseline 0.006 -13"><span class='ocrx_word' id='word_1_365' title='bbox 1136 374 1204 396; x_wconf 91' lang='lat' dir='ltr'>nus</span> <span class='ocrx_word' id='word_1_366' title='bbox 1229 363 1305 407; x_wconf 80' lang='lat' dir='ltr'>fieri</span> <span class='ocrx_word' id='word_1_367' title='bbox 1333 370 1472 408; x_wconf 87' lang='lat' dir='ltr'>posset,</span> <span class='ocrx_word' id='word_1_368' title='bbox 1508 363 1689 398; x_wconf 74' lang='lat' dir='ltr'>ferventes</span> <span class='ocrx_word' id='word_1_369' title='bbox 1722 365 1948 409; x_wconf 87' lang='lat' dir='ltr'>cupiditates.</span> <span class='ocrx_word' id='word_1_370' title='bbox 2009 366 2148 402; x_wconf 90' lang='lat' dir='ltr'>Parum</span> 
     </span>
     <span class='ocr_line' id='line_1_55' title="bbox 1136 412 2149 462; baseline 0.006 -15"><span class='ocrx_word' id='word_1_371' title='bbox 1136 412 1287 448; x_wconf 89' lang='lat' dir='ltr'>humani</span> <span class='ocrx_word' id='word_1_372' title='bbox 1312 416 1557 460; x_wconf 86' lang='lat' dir='ltr'>putabantur,</span> <span class='ocrx_word' id='word_1_373' title='bbox 1594 416 1657 462; x_wconf 91' lang='lat' dir='ltr'>qui</span> <span class='ocrx_word' id='word_1_374' title='bbox 1681 414 1773 449; x_wconf 85' lang='lat' dir='ltr'>nihil</span> <span class='ocrx_word' id='word_1_375' title='bbox 1800 417 2048 462; x_wconf 88' lang='lat' dir='ltr'>degustassent</span> <span class='ocrx_word' id='word_1_376' title='bbox 2070 420 2149 453; x_wconf 90' lang='lat' dir='ltr'>lite-</span> 
     </span>
     <span class='ocr_line' id='line_1_56' title="bbox 1136 467 2147 516; baseline 0.005 -17"><span class='ocrx_word' id='word_1_377' title='bbox 1136 478 1273 501; x_wconf 87' lang='lat' dir='ltr'>rarum.</span> <span class='ocrx_word' id='word_1_378' title='bbox 1336 467 1431 502; x_wconf 86' lang='lat' dir='ltr'>Nam</span> <span class='ocrx_word' id='word_1_379' title='bbox 1466 468 1550 501; x_wconf 90' lang='lat' dir='ltr'>inde</span> <span class='ocrx_word' id='word_1_380' title='bbox 1582 480 1650 502; x_wconf 90' lang='lat' dir='ltr'>usu</span> <span class='ocrx_word' id='word_1_381' title='bbox 1677 468 1797 509; x_wconf 76' lang='lat' dir='ltr'>venit,</span> <span class='ocrx_word' id='word_1_382' title='bbox 1834 475 1875 502; x_wconf 90' lang='lat' dir='ltr'>ut</span> <span class='ocrx_word' id='word_1_383' title='bbox 1896 470 2056 504; x_wconf 84' lang='lat' dir='ltr'>Romani</span> <span class='ocrx_word' id='word_1_384' title='bbox 2080 483 2147 516; x_wconf 94' lang='lat' dir='ltr'>pro</span> 
     </span>
     <span class='ocr_line' id='line_1_57' title="bbox 1136 516 2149 561; baseline 0.002 -7"><span class='ocrx_word' id='word_1_385' title='bbox 1136 516 1306 560; x_wconf 73' lang='grc' dir='ltr'><em>,</em></span> <span class='ocrx_word' id='word_1_386' title='bbox 1339 517 1410 553; x_wconf 93' lang='lat' dir='ltr'>hoc</span> <span class='ocrx_word' id='word_1_387' title='bbox 1437 526 1507 559; x_wconf 88' lang='lat' dir='ltr'>est,</span> <span class='ocrx_word' id='word_1_388' title='bbox 1541 520 1766 561; x_wconf 88' lang='lat' dir='ltr'>eruditione,</span> <span class='ocrx_word' id='word_1_389' title='bbox 1802 518 2068 556; x_wconf 86' lang='lat' dir='ltr'>humanitatem</span> <span class='ocrx_word' id='word_1_390' title='bbox 2095 523 2149 556; x_wconf 91' lang='lat' dir='ltr'>di-</span> 
     </span>
     <span class='ocr_line' id='line_1_58' title="bbox 1137 571 2148 617; baseline 0.004 -13"><span class='ocrx_word' id='word_1_391' title='bbox 1137 578 1276 605; x_wconf 88' lang='lat' dir='ltr'>cerent:</span> <span class='ocrx_word' id='word_1_392' title='bbox 1313 571 1422 606; x_wconf 90' lang='lat' dir='ltr'>laudo</span> <span class='ocrx_word' id='word_1_393' title='bbox 1436 571 1468 617; x_wconf 66' lang='lat'>4)</span> <span class='ocrx_word' id='word_1_394' title='bbox 1494 578 1657 606; x_wconf 86' lang='lat' dir='ltr'>veterum</span> <span class='ocrx_word' id='word_1_395' title='bbox 1685 571 1889 607; x_wconf 81' lang='lat' dir='ltr'>consilium.</span> <span class='ocrx_word' id='word_1_396' title='bbox 1953 572 2048 608; x_wconf 80' lang='lat' dir='ltr'>Nam</span> <span class='ocrx_word' id='word_1_397' title='bbox 2073 575 2148 608; x_wconf 86' lang='lat' dir='ltr'>sere</span> 
     </span>
     <span class='ocr_line' id='line_1_59' title="bbox 1136 623 2151 670; baseline 0.005 -15"><span class='ocrx_word' id='word_1_398' title='bbox 1136 623 1185 656; x_wconf 92' lang='lat' dir='ltr'>ita</span> <span class='ocrx_word' id='word_1_399' title='bbox 1204 624 1262 663; x_wconf 82' lang='lat' dir='ltr'>fit,</span> <span class='ocrx_word' id='word_1_400' title='bbox 1291 630 1330 657; x_wconf 92' lang='lat' dir='ltr'>ut</span> <span class='ocrx_word' id='word_1_401' title='bbox 1351 636 1423 670; x_wconf 89' lang='lat' dir='ltr'>quo</span> <span class='ocrx_word' id='word_1_402' title='bbox 1443 623 1596 670; x_wconf 89' lang='lat' dir='ltr'>quisque</span> <span class='ocrx_word' id='word_1_403' title='bbox 1615 624 1792 658; x_wconf 88' lang='lat' dir='ltr'>eruditior</span> <span class='ocrx_word' id='word_1_404' title='bbox 1811 631 1882 665; x_wconf 84' lang='lat' dir='ltr'>est,</span> <span class='ocrx_word' id='word_1_405' title='bbox 1912 637 1953 659; x_wconf 90' lang='lat' dir='ltr'>eo</span> <span class='ocrx_word' id='word_1_406' title='bbox 1970 625 2015 660; x_wconf 87' lang='lat' dir='ltr'>sit</span> <span class='ocrx_word' id='word_1_407' title='bbox 2031 632 2066 659; x_wconf 92' lang='lat' dir='ltr'>et</span> <span class='ocrx_word' id='word_1_408' title='bbox 2084 623 2151 660; x_wconf 89' lang='lat' dir='ltr'>hu-</span> 
     </span>
     <span class='ocr_line' id='line_1_60' title="bbox 1137 675 2151 722; baseline 0.003 -14"><span class='ocrx_word' id='word_1_409' title='bbox 1137 675 1301 716; x_wconf 89' lang='lat' dir='ltr'>manior,</span> <span class='ocrx_word' id='word_1_410' title='bbox 1331 682 1365 709; x_wconf 93' lang='lat' dir='ltr'>et</span> <span class='ocrx_word' id='word_1_411' title='bbox 1383 675 1622 710; x_wconf 87' lang='lat' dir='ltr'>tractabilior.</span> <span class='ocrx_word' id='word_1_412' title='bbox 1678 676 1804 717; x_wconf 89' lang='lat' dir='ltr'>Scitis,</span> <span class='ocrx_word' id='word_1_413' title='bbox 1837 677 1961 722; x_wconf 89' lang='lat' dir='ltr'>quales</span> <span class='ocrx_word' id='word_1_414' title='bbox 1979 678 2151 712; x_wconf 85' lang='lat' dir='ltr'>finxerint</span> 
     </span>
     <span class='ocr_line' id='line_1_61' title="bbox 1138 726 2150 774; baseline 0.001 -12"><span class='ocrx_word' id='word_1_415' title='bbox 1138 728 1324 774; x_wconf 88' lang='lat' dir='ltr'>quondam</span> <span class='ocrx_word' id='word_1_416' title='bbox 1352 728 1474 762; x_wconf 85' lang='lat' dir='ltr'>Musas</span> <span class='ocrx_word' id='word_1_417' title='bbox 1506 735 1655 773; x_wconf 84' lang='lat' dir='ltr'>poetae,</span> <span class='ocrx_word' id='word_1_418' title='bbox 1694 729 1820 773; x_wconf 88' lang='lat' dir='ltr'>plenas</span> <span class='ocrx_word' id='word_1_419' title='bbox 1850 726 2089 764; x_wconf 87' lang='lat' dir='ltr'>humanitatis</span> <span class='ocrx_word' id='word_1_420' title='bbox 2115 736 2150 763; x_wconf 90' lang='lat' dir='ltr'>et</span> 
     </span>
     <span class='ocr_line' id='line_1_62' title="bbox 1137 779 2149 826; baseline 0.001 -13"><span class='ocrx_word' id='word_1_421' title='bbox 1137 780 1348 824; x_wconf 86' lang='lat' dir='ltr'>elegantiae.</span> <span class='ocrx_word' id='word_1_422' title='bbox 1402 780 1606 820; x_wconf 88' lang='lat' dir='ltr'>Nimirum,</span> <span class='ocrx_word' id='word_1_423' title='bbox 1635 782 1734 826; x_wconf 91' lang='lat' dir='ltr'>quod</span> <span class='ocrx_word' id='word_1_424' title='bbox 1759 780 1935 814; x_wconf 87' lang='lat' dir='ltr'>sentirent</span> <span class='ocrx_word' id='word_1_425' title='bbox 1957 779 2051 815; x_wconf 84' lang='lat' dir='ltr'>hanc</span> <span class='ocrx_word' id='word_1_426' title='bbox 2073 781 2149 814; x_wconf 82' lang='lat' dir='ltr'>vim</span> 
     </span>
     <span class='ocr_line' id='line_1_63' title="bbox 1137 832 2149 873; baseline 0.001 -7"><span class='ocrx_word' id='word_1_427' title='bbox 1137 844 1210 866; x_wconf 87' lang='lat' dir='ltr'>esse</span> <span class='ocrx_word' id='word_1_428' title='bbox 1246 832 1458 873; x_wconf 88' lang='lat' dir='ltr'>literarum,</span> <span class='ocrx_word' id='word_1_429' title='bbox 1498 838 1539 866; x_wconf 89' lang='lat' dir='ltr'>ut</span> <span class='ocrx_word' id='word_1_430' title='bbox 1576 833 1718 866; x_wconf 91' lang='lat' dir='ltr'>animos</span> <span class='ocrx_word' id='word_1_431' title='bbox 1745 832 1922 866; x_wconf 89' lang='lat' dir='ltr'>barbaros</span> <span class='ocrx_word' id='word_1_432' title='bbox 1950 833 2149 868; x_wconf 85' lang='lat' dir='ltr'>mollirent.</span> 
     </span>
     <span class='ocr_line' id='line_1_64' title="bbox 1136 882 2150 929; baseline 0.001 -11"><span class='ocrx_word' id='word_1_433' title='bbox 1136 884 1308 918; x_wconf 86' lang='lat' dir='ltr'>Nondum</span> <span class='ocrx_word' id='word_1_434' title='bbox 1336 885 1379 917; x_wconf 91' lang='lat' dir='ltr'>de</span> <span class='ocrx_word' id='word_1_435' title='bbox 1404 884 1538 929; x_wconf 91' lang='lat' dir='ltr'>pietate</span> <span class='ocrx_word' id='word_1_436' title='bbox 1559 884 1660 925; x_wconf 91' lang='lat' dir='ltr'>dico,</span> <span class='ocrx_word' id='word_1_437' title='bbox 1689 884 1751 918; x_wconf 91' lang='lat' dir='ltr'>sed</span> <span class='ocrx_word' id='word_1_438' title='bbox 1767 885 1811 917; x_wconf 92' lang='lat' dir='ltr'>de</span> <span class='ocrx_word' id='word_1_439' title='bbox 1829 882 2058 919; x_wconf 89' lang='lat' dir='ltr'>ethnicorum</span> <span class='ocrx_word' id='word_1_440' title='bbox 2076 891 2150 919; x_wconf 91' lang='lat' dir='ltr'>stu-</span> 
     </span>
     <span class='ocr_line' id='line_1_65' title="bbox 1137 935 2150 982; baseline 0.001 -13"><span class='ocrx_word' id='word_1_441' title='bbox 1137 936 1205 970; x_wconf 91' lang='lat' dir='ltr'>diis</span> <span class='ocrx_word' id='word_1_442' title='bbox 1228 936 1372 982; x_wconf 89' lang='lat' dir='ltr'>loquor.</span> <span class='ocrx_word' id='word_1_443' title='bbox 1426 935 1468 969; x_wconf 91' lang='lat' dir='ltr'>In</span> <span class='ocrx_word' id='word_1_444' title='bbox 1483 936 1614 982; x_wconf 89' lang='lat' dir='ltr'>quibus</span> <span class='ocrx_word' id='word_1_445' title='bbox 1630 942 1753 969; x_wconf 90' lang='lat' dir='ltr'>tamen</span> <span class='ocrx_word' id='word_1_446' title='bbox 1770 948 1880 982; x_wconf 91' lang='lat' dir='ltr'>quam</span> <span class='ocrx_word' id='word_1_447' title='bbox 1897 936 2032 971; x_wconf 87' lang='lat' dir='ltr'>multos</span> <span class='ocrx_word' id='word_1_448' title='bbox 2048 949 2150 981; x_wconf 87' lang='lat' dir='ltr'>repe-</span> 
     </span>
     <span class='ocr_line' id='line_1_66' title="bbox 1136 986 2151 1034; baseline 0.003 -14"><span class='ocrx_word' id='word_1_449' title='bbox 1136 988 1221 1028; x_wconf 83' lang='lat' dir='ltr'>rias,</span> <span class='ocrx_word' id='word_1_450' title='bbox 1245 986 1301 1022; x_wconf 80' lang='lat' dir='ltr'>his</span> <span class='ocrx_word' id='word_1_451' title='bbox 1320 988 1382 1034; x_wconf 91' lang='lat' dir='ltr'>qui</span> <span class='ocrx_word' id='word_1_452' title='bbox 1400 1000 1497 1022; x_wconf 89' lang='lat' dir='ltr'>nunc</span> <span class='ocrx_word' id='word_1_453' title='bbox 1515 988 1605 1023; x_wconf 90' lang='lat' dir='ltr'>falso</span> <span class='ocrx_word' id='word_1_454' title='bbox 1624 994 1812 1033; x_wconf 82' lang='lat' dir='ltr'>praetextu</span> <span class='ocrx_word' id='word_1_455' title='bbox 1830 988 1987 1033; x_wconf 85' lang='lat' dir='ltr'>pietatis,</span> <span class='ocrx_word' id='word_1_456' title='bbox 2011 988 2151 1023; x_wconf 91' lang='lat' dir='ltr'>omneis</span> 
     </span>
     <span class='ocr_line' id='line_1_67' title="bbox 1136 1038 2151 1082; baseline 0.001 -9"><span class='ocrx_word' id='word_1_457' title='bbox 1136 1040 1251 1074; x_wconf 86' lang='lat' dir='ltr'>bonas</span> <span class='ocrx_word' id='word_1_458' title='bbox 1273 1040 1416 1081; x_wconf 89' lang='lat' dir='ltr'>literas,</span> <span class='ocrx_word' id='word_1_459' title='bbox 1445 1052 1592 1073; x_wconf 91' lang='lat' dir='ltr'>omnem</span> <span class='ocrx_word' id='word_1_460' title='bbox 1613 1038 1880 1075; x_wconf 89' lang='lat' dir='ltr'>humanitatem</span> <span class='ocrx_word' id='word_1_461' title='bbox 1899 1047 2151 1082; x_wconf 91' lang='lat' dir='ltr'>contemnunt,</span> 
     </span>
     <span class='ocr_line' id='line_1_68' title="bbox 1136 1091 2149 1138; baseline 0.001 -14"><span class='ocrx_word' id='word_1_462' title='bbox 1136 1091 1251 1136; x_wconf 86' lang='lat' dir='ltr'>magis</span> <span class='ocrx_word' id='word_1_463' title='bbox 1279 1092 1346 1125; x_wconf 87' lang='lat' dir='ltr'>feri</span> <span class='ocrx_word' id='word_1_464' title='bbox 1375 1104 1485 1138; x_wconf 90' lang='lat' dir='ltr'>quam</span> <span class='ocrx_word' id='word_1_465' title='bbox 1514 1092 1579 1125; x_wconf 90' lang='lat' dir='ltr'>ulli</span> <span class='ocrx_word' id='word_1_466' title='bbox 1606 1092 1702 1132; x_wconf 89' lang='lat' dir='ltr'>ursi,</span> <span class='ocrx_word' id='word_1_467' title='bbox 1746 1092 1862 1137; x_wconf 86' lang='lat' dir='ltr'>magis</span> <span class='ocrx_word' id='word_1_468' title='bbox 1897 1092 2003 1137; x_wconf 90' lang='lat' dir='ltr'>impii</span> <span class='ocrx_word' id='word_1_469' title='bbox 2039 1104 2149 1138; x_wconf 91' lang='lat' dir='ltr'>quam</span> 
     </span>
     <span class='ocr_line' id='line_1_69' title="bbox 1136 1143 2151 1190; baseline 0 -13"><span class='ocrx_word' id='word_1_470' title='bbox 1136 1143 1201 1177; x_wconf 91' lang='lat' dir='ltr'>ulli</span> <span class='ocrx_word' id='word_1_471' title='bbox 1220 1155 1384 1189; x_wconf 89' lang='lat' dir='ltr'>unquam</span> <span class='ocrx_word' id='word_1_472' title='bbox 1405 1143 1548 1177; x_wconf 89' lang='lat' dir='ltr'>Turcae</span> <span class='ocrx_word' id='word_1_473' title='bbox 1559 1144 1590 1190; x_wconf 82' lang='lat'>)</span> <span class='ocrx_word' id='word_1_474' title='bbox 1615 1143 1798 1188; x_wconf 89' lang='lat' dir='ltr'>Epicurei.</span> <span class='ocrx_word' id='word_1_475' title='bbox 1853 1143 1952 1189; x_wconf 86' lang='lat' dir='ltr'>Quid</span> <span class='ocrx_word' id='word_1_476' title='bbox 1971 1143 2151 1178; x_wconf 90' lang='lat' dir='ltr'>senserint</span> 
     </span>
     <span class='ocr_line' id='line_1_70' title="bbox 1138 1194 2152 1241; baseline 0 -13"><span class='ocrx_word' id='word_1_477' title='bbox 1138 1196 1324 1241; x_wconf 90' lang='lat' dir='ltr'>quondam</span> <span class='ocrx_word' id='word_1_478' title='bbox 1347 1194 1420 1236; x_wconf 87' lang='lat' dir='ltr'>illi,</span> <span class='ocrx_word' id='word_1_479' title='bbox 1449 1195 1617 1234; x_wconf 88' lang='lat' dir='ltr'>audistis</span> <span class='ocrx_word' id='word_1_480' title='bbox 1647 1207 1744 1229; x_wconf 89' lang='lat' dir='ltr'>nunc</span> <span class='ocrx_word' id='word_1_481' title='bbox 1770 1207 1863 1241; x_wconf 88' lang='lat' dir='ltr'>quae</span> <span class='ocrx_word' id='word_1_482' title='bbox 1885 1207 2030 1230; x_wconf 87' lang='lat' dir='ltr'>caussae</span> <span class='ocrx_word' id='word_1_483' title='bbox 2057 1194 2152 1229; x_wconf 90' lang='lat' dir='ltr'>chri-</span> 
     </span>
     <span class='ocr_line' id='line_1_71' title="bbox 1137 1247 2152 1281; baseline 0 0"><span class='ocrx_word' id='word_1_484' title='bbox 1137 1247 1292 1281; x_wconf 84' lang='lat' dir='ltr'>stianam</span> <span class='ocrx_word' id='word_1_485' title='bbox 1324 1247 1549 1281; x_wconf 87' lang='lat' dir='ltr'>iuventutem</span> <span class='ocrx_word' id='word_1_486' title='bbox 1581 1259 1730 1281; x_wconf 86' lang='lat' dir='ltr'>movere</span> <span class='ocrx_word' id='word_1_487' title='bbox 1764 1247 1896 1281; x_wconf 86' lang='lat' dir='ltr'>merito</span> <span class='ocrx_word' id='word_1_488' title='bbox 1921 1247 2078 1281; x_wconf 90' lang='lat' dir='ltr'>debeant</span> <span class='ocrx_word' id='word_1_489' title='bbox 2104 1247 2152 1281; x_wconf 89' lang='lat' dir='ltr'>ad</span> 
     </span>
     <span class='ocr_line' id='line_1_72' title="bbox 1137 1299 1536 1344; baseline 0.005 -12"><span class='ocrx_word' id='word_1_490' title='bbox 1137 1300 1378 1344; x_wconf 86' lang='lat' dir='ltr'>degustandas</span> <span class='ocrx_word' id='word_1_491' title='bbox 1402 1299 1536 1334; x_wconf 88' lang='lat' dir='ltr'>literas.</span> 
     </span>
    </p>
   </div>
   <div class='ocr_carea' id='block_1_9' title="bbox 1137 1382 2152 2581">
    <p class='ocr_par' dir='ltr' id='par_1_9' title="bbox 1137 1382 2152 2581">
     <span class='ocr_line' id='line_1_73' title="bbox 1242 1382 2152 1431; baseline -0.001 -12"><span class='ocrx_word' id='word_1_492' title='bbox 1242 1384 1326 1420; x_wconf 90' lang='lat' dir='ltr'>Non</span> <span class='ocrx_word' id='word_1_493' title='bbox 1351 1385 1503 1419; x_wconf 90' lang='lat' dir='ltr'>dubium</span> <span class='ocrx_word' id='word_1_494' title='bbox 1530 1391 1602 1426; x_wconf 89' lang='lat' dir='ltr'>est,</span> <span class='ocrx_word' id='word_1_495' title='bbox 1632 1384 1721 1431; x_wconf 90' lang='lat' dir='ltr'>quin</span> <span class='ocrx_word' id='word_1_496' title='bbox 1739 1396 1861 1419; x_wconf 88' lang='lat' dir='ltr'>sacrae</span> <span class='ocrx_word' id='word_1_497' title='bbox 1879 1384 2006 1418; x_wconf 89' lang='lat' dir='ltr'>literae</span> <span class='ocrx_word' id='word_1_498' title='bbox 2023 1384 2062 1418; x_wconf 92' lang='lat' dir='ltr'>in</span> <span class='ocrx_word' id='word_1_499' title='bbox 2081 1382 2152 1418; x_wconf 87' lang='lat' dir='ltr'>hoc</span> 
     </span>
     <span class='ocr_line' id='line_1_74' title="bbox 1137 1436 2151 1482; baseline -0.001 -11"><span class='ocrx_word' id='word_1_500' title='bbox 1137 1437 1209 1472; x_wconf 87' lang='lat' dir='ltr'>sint</span> <span class='ocrx_word' id='word_1_501' title='bbox 1232 1437 1400 1482; x_wconf 90' lang='lat' dir='ltr'>proditae</span> <span class='ocrx_word' id='word_1_502' title='bbox 1419 1437 1614 1478; x_wconf 87' lang='lat' dir='ltr'>divinitus,</span> <span class='ocrx_word' id='word_1_503' title='bbox 1641 1443 1683 1470; x_wconf 91' lang='lat' dir='ltr'>ut</span> <span class='ocrx_word' id='word_1_504' title='bbox 1703 1449 1828 1470; x_wconf 91' lang='lat' dir='ltr'>earum</span> <span class='ocrx_word' id='word_1_505' title='bbox 1846 1436 2067 1471; x_wconf 89' lang='lat' dir='ltr'>adminiculo</span> <span class='ocrx_word' id='word_1_506' title='bbox 2084 1436 2151 1470; x_wconf 89' lang='lat' dir='ltr'>im-</span> 
     </span>
     <span class='ocr_line' id='line_1_75' title="bbox 1138 1488 2152 1536; baseline -0.001 -13"><span class='ocrx_word' id='word_1_507' title='bbox 1138 1489 1342 1524; x_wconf 88' lang='lat' dir='ltr'>mortalitas</span> <span class='ocrx_word' id='word_1_508' title='bbox 1372 1489 1478 1524; x_wconf 91' lang='lat' dir='ltr'>nobis</span> <span class='ocrx_word' id='word_1_509' title='bbox 1510 1495 1703 1534; x_wconf 89' lang='lat' dir='ltr'>pararetur</span> <span class='ocrx_word' id='word_1_510' title='bbox 1719 1488 1763 1536; x_wconf 79' lang='grc'>6).</span> <span class='ocrx_word' id='word_1_511' title='bbox 1826 1488 2062 1535; x_wconf 85' lang='lat' dir='ltr'>Quapropter</span> <span class='ocrx_word' id='word_1_512' title='bbox 2088 1489 2152 1535; x_wconf 88' lang='lat' dir='ltr'>qui</span> 
     </span>
     <span class='ocr_line' id='line_1_76' title="bbox 1137 1540 2151 1586; baseline -0.002 -10"><span class='ocrx_word' id='word_1_513' title='bbox 1137 1540 1202 1576; x_wconf 87' lang='lat' dir='ltr'>has</span> <span class='ocrx_word' id='word_1_514' title='bbox 1224 1541 1428 1586; x_wconf 85' lang='lat' dir='ltr'>negligunt,</span> <span class='ocrx_word' id='word_1_515' title='bbox 1455 1541 1572 1575; x_wconf 74' lang='lat' dir='ltr'>videri</span> <span class='ocrx_word' id='word_1_516' title='bbox 1596 1547 1748 1586; x_wconf 90' lang='lat' dir='ltr'>possunt</span> <span class='ocrx_word' id='word_1_517' title='bbox 1774 1540 1882 1576; x_wconf 86' lang='lat' dir='ltr'>etiarn</span> <span class='ocrx_word' id='word_1_518' title='bbox 1908 1541 1947 1574; x_wconf 92' lang='lat' dir='ltr'>in</span> <span class='ocrx_word' id='word_1_519' title='bbox 1968 1553 2005 1575; x_wconf 90' lang='lat' dir='ltr'>se</span> <span class='ocrx_word' id='word_1_520' title='bbox 2024 1541 2151 1575; x_wconf 90' lang='lat' dir='ltr'>crude-</span> 
     </span>
     <span class='ocr_line' id='line_1_77' title="bbox 1137 1593 2150 1640; baseline -0.002 -12"><span class='ocrx_word' id='word_1_521' title='bbox 1137 1595 1188 1628; x_wconf 90' lang='lat' dir='ltr'>les</span> <span class='ocrx_word' id='word_1_522' title='bbox 1215 1606 1307 1634; x_wconf 87' lang='lat' dir='ltr'>esse,</span> <span class='ocrx_word' id='word_1_523' title='bbox 1348 1601 1389 1627; x_wconf 91' lang='lat' dir='ltr'>ut</span> <span class='ocrx_word' id='word_1_524' title='bbox 1415 1594 1478 1640; x_wconf 92' lang='lat' dir='ltr'>qui</span> <span class='ocrx_word' id='word_1_525' title='bbox 1505 1600 1641 1627; x_wconf 87' lang='lat' dir='ltr'>certum</span> <span class='ocrx_word' id='word_1_526' title='bbox 1668 1593 1737 1627; x_wconf 90' lang='lat' dir='ltr'>iter</span> <span class='ocrx_word' id='word_1_527' title='bbox 1763 1593 1809 1625; x_wconf 90' lang='lat' dir='ltr'>ad</span> <span class='ocrx_word' id='word_1_528' title='bbox 1836 1593 2150 1626; x_wconf 89' lang='lat' dir='ltr'>immortalitatem</span> 
     </span>
     <span class='ocr_line' id='line_1_78' title="bbox 1138 1644 2151 1692; baseline 0 -13"><span class='ocrx_word' id='word_1_529' title='bbox 1138 1646 1280 1690; x_wconf 90' lang='lat' dir='ltr'>ingredi</span> <span class='ocrx_word' id='word_1_530' title='bbox 1305 1646 1436 1680; x_wconf 90' lang='lat' dir='ltr'>nolint.</span> <span class='ocrx_word' id='word_1_531' title='bbox 1504 1645 1692 1692; x_wconf 88' lang='lat' dir='ltr'>Quosdam</span> <span class='ocrx_word' id='word_1_532' title='bbox 1719 1644 1857 1690; x_wconf 87' lang='lat' dir='ltr'>gloriae</span> <span class='ocrx_word' id='word_1_533' title='bbox 1883 1657 2008 1686; x_wconf 89' lang='lat' dir='ltr'>amor,</span> <span class='ocrx_word' id='word_1_534' title='bbox 2044 1657 2151 1691; x_wconf 90' lang='lat' dir='ltr'>quos-</span> 
     </span>
     <span class='ocr_line' id='line_1_79' title="bbox 1139 1696 2149 1743; baseline -0.002 -11"><span class='ocrx_word' id='word_1_535' title='bbox 1139 1699 1223 1732; x_wconf 89' lang='lat' dir='ltr'>dam</span> <span class='ocrx_word' id='word_1_536' title='bbox 1251 1710 1331 1743; x_wconf 90' lang='lat' dir='ltr'>spes</span> <span class='ocrx_word' id='word_1_537' title='bbox 1355 1710 1572 1742; x_wconf 87' lang='lat' dir='ltr'>magnarum</span> <span class='ocrx_word' id='word_1_538' title='bbox 1599 1709 1710 1742; x_wconf 90' lang='lat' dir='ltr'>opum</span> <span class='ocrx_word' id='word_1_539' title='bbox 1733 1697 1903 1731; x_wconf 87' lang='lat' dir='ltr'>invitavit</span> <span class='ocrx_word' id='word_1_540' title='bbox 1930 1698 1977 1731; x_wconf 91' lang='lat' dir='ltr'>ad</span> <span class='ocrx_word' id='word_1_541' title='bbox 2007 1696 2149 1731; x_wconf 87' lang='lat' dir='ltr'>literas:</span> 
     </span>
     <span class='ocr_line' id='line_1_80' title="bbox 1139 1748 2151 1796; baseline -0.001 -13"><span class='ocrx_word' id='word_1_542' title='bbox 1139 1756 1278 1796; x_wconf 90' lang='lat' dir='ltr'>quanto</span> <span class='ocrx_word' id='word_1_543' title='bbox 1295 1750 1410 1795; x_wconf 84' lang='lat' dir='ltr'>magis</span> <span class='ocrx_word' id='word_1_544' title='bbox 1426 1762 1492 1784; x_wconf 91' lang='lat' dir='ltr'>nos</span> <span class='ocrx_word' id='word_1_545' title='bbox 1509 1749 1664 1782; x_wconf 86' lang='lat' dir='ltr'>invitent</span> <span class='ocrx_word' id='word_1_546' title='bbox 1682 1756 1828 1783; x_wconf 89' lang='lat' dir='ltr'>aeterna</span> <span class='ocrx_word' id='word_1_547' title='bbox 1850 1748 2031 1794; x_wconf 86' lang='lat' dir='ltr'>praemia!</span> <span class='ocrx_word' id='word_1_548' title='bbox 2081 1748 2151 1783; x_wconf 94' lang='lat' dir='ltr'>Sed</span> 
     </span>
     <span class='ocr_line' id='line_1_81' title="bbox 1140 1799 2152 1848; baseline -0.002 -13"><span class='ocrx_word' id='word_1_549' title='bbox 1140 1803 1187 1835; x_wconf 91' lang='lat' dir='ltr'>ad</span> <span class='ocrx_word' id='word_1_550' title='bbox 1212 1814 1332 1836; x_wconf 86' lang='lat' dir='ltr'>sacras</span> <span class='ocrx_word' id='word_1_551' title='bbox 1355 1802 1434 1848; x_wconf 90' lang='lat' dir='ltr'>quis</span> <span class='ocrx_word' id='word_1_552' title='bbox 1460 1802 1579 1835; x_wconf 88' lang='lat' dir='ltr'>aditus</span> <span class='ocrx_word' id='word_1_553' title='bbox 1597 1800 1673 1835; x_wconf 80' lang='lat' dir='ltr'>est?</span> <span class='ocrx_word' id='word_1_554' title='bbox 1725 1800 1899 1835; x_wconf 89' lang='lat' dir='ltr'>Videmus</span> <span class='ocrx_word' id='word_1_555' title='bbox 1915 1799 1980 1835; x_wconf 89' lang='lat' dir='ltr'>has</span> <span class='ocrx_word' id='word_1_556' title='bbox 2000 1800 2152 1834; x_wconf 84' lang='lat' dir='ltr'>infelici-</span> 
     </span>
     <span class='ocr_line' id='line_1_82' title="bbox 1139 1852 2151 1899; baseline -0.001 -11"><span class='ocrx_word' id='word_1_557' title='bbox 1139 1861 1194 1888; x_wconf 90' lang='lat' dir='ltr'>ter</span> <span class='ocrx_word' id='word_1_558' title='bbox 1209 1860 1380 1888; x_wconf 84' lang='lat' dir='ltr'>tractatas</span> <span class='ocrx_word' id='word_1_559' title='bbox 1401 1855 1521 1888; x_wconf 88' lang='lat' dir='ltr'>seculo</span> <span class='ocrx_word' id='word_1_560' title='bbox 1538 1853 1737 1898; x_wconf 89' lang='lat' dir='ltr'>superiore.</span> <span class='ocrx_word' id='word_1_561' title='bbox 1792 1853 1840 1886; x_wconf 92' lang='lat' dir='ltr'>At</span> <span class='ocrx_word' id='word_1_562' title='bbox 1857 1865 1967 1899; x_wconf 91' lang='lat' dir='ltr'>quam</span> <span class='ocrx_word' id='word_1_563' title='bbox 1987 1852 2033 1886; x_wconf 89' lang='lat' dir='ltr'>ob</span> <span class='ocrx_word' id='word_1_564' title='bbox 2051 1864 2151 1887; x_wconf 88' lang='lat' dir='ltr'>caus-</span> 
     </span>
     <span class='ocr_line' id='line_1_83' title="bbox 1139 1904 2152 1949; baseline -0.004 -8"><span class='ocrx_word' id='word_1_565' title='bbox 1139 1906 1243 1941; x_wconf 75' lang='lat' dir='ltr'>sam?</span> <span class='ocrx_word' id='word_1_566' title='bbox 1297 1905 1481 1941; x_wconf 83' lang='lat' dir='ltr'>Nimirum</span> <span class='ocrx_word' id='word_1_567' title='bbox 1507 1905 1688 1940; x_wconf 89' lang='lat' dir='ltr'>inscitiam</span> <span class='ocrx_word' id='word_1_568' title='bbox 1714 1906 1923 1946; x_wconf 90' lang='lat' dir='ltr'>literarum,</span> <span class='ocrx_word' id='word_1_569' title='bbox 1951 1911 1986 1938; x_wconf 93' lang='lat' dir='ltr'>et</span> <span class='ocrx_word' id='word_1_570' title='bbox 2009 1904 2152 1949; x_wconf 88' lang='lat' dir='ltr'>elegan-</span> 
     </span>
     <span class='ocr_line' id='line_1_84' title="bbox 1141 1957 2150 1993; baseline -0.004 0"><span class='ocrx_word' id='word_1_571' title='bbox 1141 1959 1243 1993; x_wconf 90' lang='lat' dir='ltr'>tioris</span> <span class='ocrx_word' id='word_1_572' title='bbox 1276 1959 1504 1993; x_wconf 86' lang='lat' dir='ltr'>eruditionis.</span> <span class='ocrx_word' id='word_1_573' title='bbox 1576 1958 1682 1992; x_wconf 87' lang='lat' dir='ltr'>Nunc</span> <span class='ocrx_word' id='word_1_574' title='bbox 1714 1970 1795 1992; x_wconf 90' lang='lat' dir='ltr'>cum</span> <span class='ocrx_word' id='word_1_575' title='bbox 1820 1957 2057 1992; x_wconf 88' lang='lat' dir='ltr'>reflorescunt</span> <span class='ocrx_word' id='word_1_576' title='bbox 2082 1957 2150 1990; x_wconf 92' lang='lat' dir='ltr'>ele-</span> 
     </span>
     <span class='ocr_line' id='line_1_85' title="bbox 1141 2008 2151 2056; baseline -0.003 -12"><span class='ocrx_word' id='word_1_577' title='bbox 1141 2011 1325 2056; x_wconf 84' lang='lat' dir='ltr'>gantiores</span> <span class='ocrx_word' id='word_1_578' title='bbox 1354 2011 1500 2052; x_wconf 88' lang='lat' dir='ltr'>literae,</span> <span class='ocrx_word' id='word_1_579' title='bbox 1540 2010 1673 2044; x_wconf 89' lang='lat' dir='ltr'>iterum</span> <span class='ocrx_word' id='word_1_580' title='bbox 1703 2023 1739 2044; x_wconf 89' lang='lat' dir='ltr'>se</span> <span class='ocrx_word' id='word_1_581' title='bbox 1773 2010 1969 2044; x_wconf 91' lang='lat' dir='ltr'>ostendunt</span> <span class='ocrx_word' id='word_1_582' title='bbox 1993 2008 2151 2053; x_wconf 85' lang='lat' dir='ltr'>linguae,</span> 
     </span>
     <span class='ocr_line' id='line_1_86' title="bbox 1141 2060 2152 2107; baseline -0.003 -11"><span class='ocrx_word' id='word_1_583' title='bbox 1141 2063 1307 2097; x_wconf 90' lang='lat' dir='ltr'>videmur</span> <span class='ocrx_word' id='word_1_584' title='bbox 1335 2063 1515 2104; x_wconf 91' lang='lat' dir='ltr'>insanire,</span> <span class='ocrx_word' id='word_1_585' title='bbox 1554 2062 1623 2096; x_wconf 89' lang='lat' dir='ltr'>nisi</span> <span class='ocrx_word' id='word_1_586' title='bbox 1655 2068 1758 2107; x_wconf 83' lang='lat' dir='ltr'>grato</span> <span class='ocrx_word' id='word_1_587' title='bbox 1791 2068 1956 2107; x_wconf 90' lang='lat' dir='ltr'>pectore,</span> <span class='ocrx_word' id='word_1_588' title='bbox 1993 2067 2028 2094; x_wconf 89' lang='lat' dir='ltr'>et</span> <span class='ocrx_word' id='word_1_589' title='bbox 2052 2060 2152 2106; x_wconf 90' lang='lat' dir='ltr'>quod</span> 
     </span>
     <span class='ocr_line' id='line_1_87' title="bbox 1141 2112 2151 2162; baseline -0.005 -12"><span class='ocrx_word' id='word_1_590' title='bbox 1141 2115 1272 2150; x_wconf 88' lang='lat' dir='ltr'>Graeci</span> <span class='ocrx_word' id='word_1_591' title='bbox 1290 2115 1433 2157; x_wconf 89' lang='lat' dir='ltr'>dicunt,</span> <span class='ocrx_word' id='word_1_592' title='bbox 1462 2113 1610 2162; x_wconf 76' lang='grc' dir='ltr'><em></em></span> <span class='ocrx_word' id='word_1_593' title='bbox 1627 2115 1757 2161; x_wconf 76' lang='grc' dir='ltr'><em></em></span> <span class='ocrx_word' id='word_1_594' title='bbox 1783 2120 1901 2147; x_wconf 90' lang='lat' dir='ltr'>tantas</span> <span class='ocrx_word' id='word_1_595' title='bbox 1924 2112 2068 2146; x_wconf 81' lang='lat' dir='ltr'>divitias</span> <span class='ocrx_word' id='word_1_596' title='bbox 2093 2124 2151 2145; x_wconf 81' lang='lat' dir='ltr'>ex-</span> 
     </span>
     <span class='ocr_line' id='line_1_88' title="bbox 1141 2165 2150 2214; baseline -0.005 -12"><span class='ocrx_word' id='word_1_597' title='bbox 1141 2168 1329 2214; x_wconf 89' lang='lat' dir='ltr'>cipiamus.</span> <span class='ocrx_word' id='word_1_598' title='bbox 1380 2167 1427 2202; x_wconf 85' lang='lat' dir='ltr'>Et</span> <span class='ocrx_word' id='word_1_599' title='bbox 1453 2174 1494 2202; x_wconf 90' lang='lat' dir='ltr'>ut</span> <span class='ocrx_word' id='word_1_600' title='bbox 1520 2179 1564 2200; x_wconf 91' lang='lat' dir='ltr'>ne</span> <span class='ocrx_word' id='word_1_601' title='bbox 1589 2167 1782 2211; x_wconf 81' lang='lat' dir='ltr'>ignoretis,</span> <span class='ocrx_word' id='word_1_602' title='bbox 1812 2166 1979 2200; x_wconf 89' lang='lat' dir='ltr'>coelestes</span> <span class='ocrx_word' id='word_1_603' title='bbox 2003 2165 2150 2198; x_wconf 89' lang='lat' dir='ltr'>demum</span> 
     </span>
     <span class='ocr_line' id='line_1_89' title="bbox 1141 2215 2152 2266; baseline -0.005 -12"><span class='ocrx_word' id='word_1_604' title='bbox 1141 2221 1285 2266; x_wconf 88' lang='lat' dir='ltr'>linguae</span> <span class='ocrx_word' id='word_1_605' title='bbox 1306 2233 1347 2254; x_wconf 89' lang='lat' dir='ltr'>ac</span> <span class='ocrx_word' id='word_1_606' title='bbox 1366 2221 1492 2254; x_wconf 81' lang='lat' dir='ltr'>literae</span> <span class='ocrx_word' id='word_1_607' title='bbox 1511 2226 1605 2253; x_wconf 88' lang='lat' dir='ltr'>sunt.</span> <span class='ocrx_word' id='word_1_608' title='bbox 1660 2218 1711 2252; x_wconf 88' lang='lat' dir='ltr'>Ut</span> <span class='ocrx_word' id='word_1_609' title='bbox 1729 2220 1915 2264; x_wconf 88' lang='lat' dir='ltr'>quondam</span> <span class='ocrx_word' id='word_1_610' title='bbox 1933 2229 2015 2251; x_wconf 91' lang='lat' dir='ltr'>curn</span> <span class='ocrx_word' id='word_1_611' title='bbox 2032 2215 2152 2250; x_wconf 90' lang='lat' dir='ltr'>Evan-</span> 
     </span>
     <span class='ocr_line' id='line_1_90' title="bbox 1142 2269 2152 2318; baseline -0.006 -11"><span class='ocrx_word' id='word_1_612' title='bbox 1142 2274 1274 2318; x_wconf 85' lang='lat' dir='ltr'>gelium</span> <span class='ocrx_word' id='word_1_613' title='bbox 1304 2279 1394 2307; x_wconf 90' lang='lat' dir='ltr'>esset</span> <span class='ocrx_word' id='word_1_614' title='bbox 1417 2273 1456 2306; x_wconf 91' lang='lat' dir='ltr'>in</span> <span class='ocrx_word' id='word_1_615' title='bbox 1476 2272 1686 2306; x_wconf 81' lang='lat' dir='ltr'>universum</span> <span class='ocrx_word' id='word_1_616' title='bbox 1709 2271 1834 2304; x_wconf 89' lang='lat' dir='ltr'>orbem</span> <span class='ocrx_word' id='word_1_617' title='bbox 1859 2269 2152 2315; x_wconf 89' lang='lat' dir='ltr'>propagandum,</span> 
     </span>
     <span class='ocr_line' id='line_1_91' title="bbox 1141 2321 2152 2371; baseline -0.005 -13"><span class='ocrx_word' id='word_1_618' title='bbox 1141 2325 1273 2370; x_wconf 88' lang='lat' dir='ltr'>linguis</span> <span class='ocrx_word' id='word_1_619' title='bbox 1290 2324 1458 2371; x_wconf 89' lang='lat' dir='ltr'>Apostoli</span> <span class='ocrx_word' id='word_1_620' title='bbox 1482 2324 1609 2358; x_wconf 89' lang='lat' dir='ltr'>donati</span> <span class='ocrx_word' id='word_1_621' title='bbox 1630 2329 1728 2358; x_wconf 86' lang='lat' dir='ltr'>sunt.</span> <span class='ocrx_word' id='word_1_622' title='bbox 1783 2321 1835 2356; x_wconf 85' lang='lat' dir='ltr'>Ita</span> <span class='ocrx_word' id='word_1_623' title='bbox 1853 2334 1971 2362; x_wconf 89' lang='lat' dir='ltr'>nunc,</span> <span class='ocrx_word' id='word_1_624' title='bbox 2000 2333 2081 2355; x_wconf 90' lang='lat' dir='ltr'>cum</span> <span class='ocrx_word' id='word_1_625' title='bbox 2097 2332 2152 2353; x_wconf 91' lang='lat' dir='ltr'>re-</span> 
     </span>
     <span class='ocr_line' id='line_1_92' title="bbox 1143 2373 2151 2421; baseline -0.006 -10"><span class='ocrx_word' id='word_1_626' title='bbox 1143 2378 1303 2412; x_wconf 90' lang='lat' dir='ltr'>nascitur</span> <span class='ocrx_word' id='word_1_627' title='bbox 1337 2376 1596 2421; x_wconf 85' lang='lat' dir='ltr'>Evangelium,</span> <span class='ocrx_word' id='word_1_628' title='bbox 1639 2375 1747 2410; x_wconf 88' lang='lat' dir='ltr'>simul</span> <span class='ocrx_word' id='word_1_629' title='bbox 1781 2375 1863 2408; x_wconf 86' lang='lat' dir='ltr'>illae</span> <span class='ocrx_word' id='word_1_630' title='bbox 1891 2373 2151 2408; x_wconf 88' lang='lat' dir='ltr'>restituuntur:</span> 
     </span>
     <span class='ocr_line' id='line_1_93' title="bbox 1144 2424 2151 2476; baseline -0.007 -12"><span class='ocrx_word' id='word_1_631' title='bbox 1144 2443 1299 2476; x_wconf 83' lang='lat' dir='ltr'>quarum</span> <span class='ocrx_word' id='word_1_632' title='bbox 1324 2429 1545 2463; x_wconf 88' lang='lat' dir='ltr'>adminiculo</span> <span class='ocrx_word' id='word_1_633' title='bbox 1563 2427 1802 2472; x_wconf 84' lang='lat' dir='ltr'>Evangelium</span> <span class='ocrx_word' id='word_1_634' title='bbox 1823 2426 2014 2461; x_wconf 87' lang='lat' dir='ltr'>discamus.</span> <span class='ocrx_word' id='word_1_635' title='bbox 2068 2424 2151 2470; x_wconf 90' lang='lat' dir='ltr'>Quo</span> 
     </span>
     <span class='ocr_line' id='line_1_94' title="bbox 1144 2478 2151 2527; baseline -0.008 -11"><span class='ocrx_word' id='word_1_636' title='bbox 1144 2483 1258 2527; x_wconf 87' lang='lat' dir='ltr'>magis</span> <span class='ocrx_word' id='word_1_637' title='bbox 1273 2482 1407 2523; x_wconf 90' lang='lat' dir='ltr'>miror,</span> <span class='ocrx_word' id='word_1_638' title='bbox 1428 2481 1537 2515; x_wconf 87' lang='lat' dir='ltr'>etiam</span> <span class='ocrx_word' id='word_1_639' title='bbox 1556 2480 1594 2514; x_wconf 91' lang='lat' dir='ltr'>in</span> <span class='ocrx_word' id='word_1_640' title='bbox 1610 2478 1678 2514; x_wconf 88' lang='lat' dir='ltr'>hac</span> <span class='ocrx_word' id='word_1_641' title='bbox 1695 2480 1784 2514; x_wconf 89' lang='lat' dir='ltr'>urbe</span> <span class='ocrx_word' id='word_1_642' title='bbox 1805 2491 1878 2514; x_wconf 88' lang='lat' dir='ltr'>esse</span> <span class='ocrx_word' id='word_1_643' title='bbox 1896 2479 2071 2525; x_wconf 89' lang='lat' dir='ltr'>quosdam</span> <span class='ocrx_word' id='word_1_644' title='bbox 2089 2487 2151 2520; x_wconf 84' lang='lat' dir='ltr'>pa-</span> 
     </span>
     <span class='ocr_line' id='line_1_95' title="bbox 1144 2527 2152 2581; baseline -0.008 -13"><span class='ocrx_word' id='word_1_645' title='bbox 1144 2548 1225 2570; x_wconf 89' lang='lat' dir='ltr'>rum</span> <span class='ocrx_word' id='word_1_646' title='bbox 1245 2547 1380 2581; x_wconf 89' lang='lat' dir='ltr'>aequos</span> <span class='ocrx_word' id='word_1_647' title='bbox 1397 2532 1641 2577; x_wconf 86' lang='lat' dir='ltr'>Theologiae,</span> <span class='ocrx_word' id='word_1_648' title='bbox 1665 2532 1763 2578; x_wconf 91' lang='lat' dir='ltr'>quod</span> <span class='ocrx_word' id='word_1_649' title='bbox 1779 2531 1897 2566; x_wconf 88' lang='lat' dir='ltr'>studia</span> <span class='ocrx_word' id='word_1_650' title='bbox 1916 2527 2152 2564; x_wconf 85' lang='lat' dir='ltr'>humanitatis</span> 
     </span>
    </p>
   </div>
   <div class='ocr_carea' id='block_1_10' title="bbox 1179 2670 1998 2792">
    <p class='ocr_par' dir='ltr' id='par_1_10' title="bbox 1179 2670 1998 2792">
     <span class='ocr_line' id='line_1_96' title="bbox 1180 2670 1810 2706; baseline -0.01 -7"><span class='ocrx_word' id='word_1_651' title='bbox 1180 2674 1211 2706; x_wconf 80' lang='lat'>4)</span> <span class='ocrx_word' id='word_1_652' title='bbox 1232 2673 1326 2705; x_wconf 82' lang='lat' dir='ltr'>laudo]</span> <span class='ocrx_word' id='word_1_653' title='bbox 1347 2672 1387 2697; x_wconf 89' lang='lat' dir='ltr'>sic</span> <span class='ocrx_word' id='word_1_654' title='bbox 1405 2671 1521 2703; x_wconf 80' lang='lat' dir='ltr'>scripsi</span> <span class='ocrx_word' id='word_1_655' title='bbox 1542 2672 1592 2696; x_wconf 87' lang='lat' dir='ltr'>Ed.</span> <span class='ocrx_word' id='word_1_656' title='bbox 1610 2670 1703 2695; x_wconf 65' lang='lat'>1522:</span> <span class='ocrx_word' id='word_1_657' title='bbox 1728 2670 1810 2694; x_wconf 85' lang='lat' dir='ltr'>laude</span> 
     </span>
     <span class='ocr_line' id='line_1_97' title="bbox 1179 2715 1690 2750; baseline -0.008 -8"><span class='ocrx_word' id='word_1_658' title='bbox 1179 2717 1210 2750; x_wconf 86' lang='lat'>5)</span> <span class='ocrx_word' id='word_1_659' title='bbox 1231 2715 1350 2749; x_wconf 82' lang='lat' dir='ltr'>Turcae]</span> <span class='ocrx_word' id='word_1_660' title='bbox 1372 2717 1421 2740; x_wconf 82' lang='lat' dir='ltr'>Ed.</span> <span class='ocrx_word' id='word_1_661' title='bbox 1443 2716 1537 2741; x_wconf 60' lang='lat'>1522:</span> <span class='ocrx_word' id='word_1_662' title='bbox 1566 2715 1690 2739; x_wconf 71' lang='lat' dir='ltr'>Tui-chae</span> 
     </span>
     <span class='ocr_line' id='line_1_98' title="bbox 1180 2756 1998 2792; baseline -0.011 -5"><span class='ocrx_word' id='word_1_663' title='bbox 1180 2760 1212 2792; x_wconf 83' lang='lat'>6)</span> <span class='ocrx_word' id='word_1_664' title='bbox 1231 2761 1382 2786; x_wconf 77' lang='lat' dir='ltr'>Annotatio</span> <span class='ocrx_word' id='word_1_665' title='bbox 1402 2766 1511 2792; x_wconf 76' lang='lat' dir='ltr'>marg.:</span> <span class='ocrx_word' id='word_1_666' title='bbox 1538 2758 1662 2783; x_wconf 80' lang='lat' dir='ltr'>studium</span> <span class='ocrx_word' id='word_1_667' title='bbox 1683 2756 1827 2782; x_wconf 81' lang='lat' dir='ltr'>literarum</span> <span class='ocrx_word' id='word_1_668' title='bbox 1844 2760 1998 2781; x_wconf 69' lang='lat' dir='ltr'>sacrarum.</span> 
     </span>
    </p>
   </div>
  </div>
 </body>
</html>
