2421 3037
256 116 334 155 295

255 204 353 238 riant
379 204 417 236 in
444 202 683 237 declinatione
709 202 833 235 talium
860 204 1051 237 nominum
1067 203 1115 249 ⁵⁴)
1133 203 1265 251 Λάχης

255 255 431 302 Λάχητος
457 262 491 288 et
516 252 652 287 Laches
676 251 817 288 Lachis-

361 307 547 352 Quaedam
575 305 742 338 bifariam
768 306 984 341 efferuntur:
1013 305 1071 341 hic
1095 308 1265 353 angipor-

256 366 331 399 tus,
361 366 394 391 et
413 356 480 391 hoc
500 357 731 402 angiportum
744 384 753 398 ‚
782 359 938 393 tonitrus
956 366 989 393 et
1006 360 1156 394 tonitru.
1195 359 1265 393 Ve-

256 423 334 444 rum
355 408 442 442 haec
459 422 543 443 usus
560 409 714 443 docebit.

360 461 550 496 Sestertius
579 468 613 494 et
642 461 845 496 sestertium
872 461 1134 507 significatione
1163 462 1264 497 diffe-

256 519 351 547 runt.

449 589 512 623 De
540 590 782 635 speciebus
810 591 1063 625 nominum.

361 659 426 692 Hic
442 657 532 692 mihi
549 671 664 704 pauca
682 660 724 694 de
742 659 932 693 nominum
951 659 1134 703 speciebus
1145 657 1193 705 ⁵³)
1212 659 1264 691 di-

257 713 366 745 cenda
384 717 487 751 sunt,
517 712 866 745 commonendorum
886 723 1082 756 puerorum
1102 722 1219 744 causa.

359 762 450 797 Sunt
485 763 580 796 enim
614 763 682 796 alia
717 763 936 808 possessiva,
980 769 1019 796 ut
1045 761 1263 802 Evandrius,

256 827 347 860 quae
370 815 632 859 possessionem
657 815 871 859 significant.

359 867 439 899 Alia
475 867 767 907 denominativa,
802 873 843 899 ut
875 865 1068 909 abiegnus,
1101 865 1263 903 ficulnus,

254 920 413 958 ferreus,
450 931 541 965 quae
565 931 670 963 saepe
699 918 887 951 materiem
913 917 1136 962 significant,
1172 929 1264 949 non-

254 982 442 1016 nunquam
459 970 613 1015 copiam,
640 976 702 1003 aut
717 969 1004 1009 similitudinem,
1030 975 1092 1003 aut
1107 969 1262 1002 formam

255 1023 477 1067 significant,
506 1028 547 1055 ut
562 1022 729 1061 vinosus,
757 1021 1017 1060 moribundus,
1046 1020 1238 1063 docilis⁵⁶).

359 1074 438 1106 Alia
482 1073 719 1114 diminutiva,
770 1073 974 1113 corculum,
1019 1072 1264 1117 parasitaster,

255 1138 364 1172 quam
389 1126 546 1158 formam
570 1132 700 1170 putant
724 1125 964 1159 imitationem
991 1125 1204 1169 significare.

357 1177 436 1211 Alia
471 1177 652 1216 verbalia,
687 1189 843 1222 quorum
879 1177 1156 1211 terminationes
1182 1182 1265 1211 sunt

253 1228 319 1268 Or,
340 1235 379 1263 ut
396 1228 539 1268 Lector,
568 1228 618 1269 lo,
647 1236 687 1263 ut
703 1228 840 1270 Lectio,
870 1235 976 1274 atque
994 1227 1060 1262 hae
1078 1230 1170 1261 duae
1188 1229 1265 1262 for-

253 1294 333 1314 mae
357 1281 431 1314 sere
458 1294 476 1313 a
501 1281 638 1326 supinis
664 1282 832 1319 veniunt;
876 1281 983 1321 Men,
1012 1287 1051 1314 ut
1075 1281 1264 1325 Regimen,

254 1333 348 1367 Tum
363 1359 371 1372 ,
400 1339 439 1365 ut
454 1332 723 1367 Documentum
735 1333 793 1375 5Ἰ).

356 1384 435 1417 Alia
464 1385 739 1431 patronymica,
777 1396 870 1431 quae
897 1391 1038 1429 gentem
1068 1391 1131 1418 aut
1155 1384 1265 1429 origi-

253 1450 335 1471 nem
364 1436 585 1481 significant,
625 1443 665 1470 ut
689 1436 910 1477 Priamides,
954 1435 1134 1477 Thebais,
1169 1435 1263 1477 Ilias,

251 1489 399 1524 Nerine.

357 1540 449 1574 Sunt
492 1546 611 1573 autem
656 1539 909 1585 patronymica
951 1539 1073 1573 omnia
1111 1539 1263 1580 Graeca,

252 1593 333 1626 ideo
371 1604 437 1626 nos
473 1604 600 1625 eorum
633 1592 891 1625 formationem
928 1591 1262 1636 praetermittimus.

252 1644 455 1678 Declinatio
489 1656 530 1677 ex
560 1644 726 1688 analogia
759 1650 922 1688 petatur,
960 1644 1074 1677 donec
1105 1644 1262 1677 Graecas

254 1695 510 1730 declinationes
531 1695 652 1729 licebit
676 1708 902 1740 cognoscere.

356 1748 448 1782 Sunt
474 1754 507 1781 et
530 1747 752 1787 numeralia,
793 1759 949 1793 quorum
982 1747 1260 1781 declinationem
1288 1772 1289 1784 2

253 1800 415 1845 oportuit
432 1797 489 1833 hic
506 1800 601 1833 inter
620 1799 788 1833 anomala
806 1799 966 1832 indicare
980 1798 1037 1841 ⁵³).

357 1869 569 1903 Masculina.
677 1868 906 1902 Foeminina.
1013 1867 1164 1902 Neutra,

408 1921 512 1955 Unus
722 1921 806 1954 Una
1015 1920 1140 1954 Unum

408 1973 526 2007 Unius
720 1972 839 2006 Unius
1014 1972 1132 2006 Unius

405 2025 480 2058 Uni
721 2024 796 2058 Uni
1011 2024 1087 2058 Uni

407 2076 530 2110 Unum
722 2076 843 2109 Unam
1013 2076 1147 2109 Unum.

352 2136 409 2170 Sic
427 2143 460 2169 et
478 2136 638 2169 derivata
650 2135 696 2182 5²³)
715 2135 963 2175 declinantur,
991 2136 1100 2175 ullus,
1128 2136 1259 2176 nullus,
1285 2172 1288 2177 ,

250 2194 330 2220 uter
340 2214 349 2227 ,
375 2194 512 2221 neuter.

285 2331 334 2363 54)
353 2333 388 2356 Et
402 2331 494 2355 Latini
507 2345 541 2349 —
555 2332 708 2361 nominum]
728 2332 812 2357 Editt.
830 2333 917 2363 1546„
936 2340 959 2357 s.
974 2339 1015 2357 a.:
1043 2332 1163 2358 Variant
1177 2334 1259 2358 etiam

321 2367 639 2425 &gistiigiuipithluggusdam
659 2368 771 2398 graecis
791 2368 946 2392 nominibus
966 2368 1159 2397 declinandis,
1188 2375 1259 2400 quae

285 2444 333 2476 55)
349 2445 491 2485 'nominum
510 2446 670 2475 speciebus]
698 2447 784 2472 Editt.
807 2449 899 2473 1546..
925 2455 948 2472 s.
966 2454 1007 2474 a.:

319 2486 420 2504 minum

285 2522 334 2555 56)
358 2521 478 2554 docilis]
499 2523 548 2547 Ed.
570 2530 593 2547 s.
609 2530 649 2547 a.:
676 2524 813 2551 indocilis,

1042 2449 1187 2479 speciebus
1206 2456 1257 2474 no-

285 2565 334 2597 57)
354 2571 469 2595 quorum
488 2578 522 2582 —
542 2566 760 2600 Documentum]
789 2575 838 2598 pro
864 2569 926 2600 his,
960 2570 1043 2594 Editt.
1066 2570 1161 2598 1546.,
1191 2577 1213 2594 S.
1232 2577 1258 2596 a.
1285 2555 1288 2565 v

319 2602 434 2625 habent:
462 2602 490 2624 ut
507 2601 614 2627 lector.
636 2602 734 2633 lectio,
754 2605 894 2634 regimen,
915 2605 1116 2629 documentum.

285 2645 332 2675 58)
354 2650 469 2675 quornm
491 2657 525 2661 —
543 2645 689 2674 indicare]
711 2647 793 2670 Eniitt.
818 2648 902 2677 1546„
923 2655 945 2671 s.
961 2654 1005 2674 a.:
1035 2655 1149 2679 quorum
1170 2648 1257 2672 decli—

320 2681 459 2704 nationem
492 2680 629 2710 integram
662 2681 798 2704 voluimus
828 2682 869 2705 liic
898 2683 1033 2707 adiicere.
1069 2685 1098 2707 ut
1125 2685 1202 2708 esset
1229 2683 1255 2707 in

321 2716 447 2745 promptu
467 2716 494 2738 et
514 2714 541 2737 in
559 2717 708 2744 conspectu
726 2717 829 2746 pueris,

284 2758 332 2789 59)
352 2758 493 2786 derivata]
514 2758 598 2782 Editt.
621 2759 707 2789 ¹546„
727 2766 750 2784 s,
764 2765 808 2784 a.:
835 2760 991 2785 derivativa

853 115 978 151 PHIL.
1006 116 1121 153 MEL.
1148 116 1354 154 SCRIPTA
1381 118 1726 157 PHILOLOGICA.

2250 128 2328 167 296

1422 207 1637 242 Masculina.
1661 250 1668 252 ὴ
1744 209 1974 245 Foeminina.
2079 210 2230 249 Neutra.

1474 258 1559 293 Duo
1794 261 1897 296 Duae
2081 262 2165 298 Duo

1473 310 1642 344 Duorum
1792 313 1957 347 Duarum
2080 314 2251 350 Duorum

1474 362 1626 397 Duobus
1791 365 1942 400 Duabus
2081 365 2234 402 Duobus

1474 414 1589 455 Duos,
1617 415 1765 462 antique
1792 417 1894 452 Duas
2080 417 2177 454 Duo.

1472 473 1568 509 Duo.
1613 475 1649 508 Si
1669 475 1740 510 duo
1760 484 1944 521 praeterea
1963 478 2051 512 tales
2067 477 2173 512 Idaea
2190 478 2329 515 tulisset

1318 525 1431 559 Terra
1457 527 1555 561 viros
1569 554 1577 568 ,
1608 529 1703 572 apud
1727 528 1920 573 Virgilium
1947 527 2057 578 [Aen.
2073 529 2133 573 XI,
2149 529 2226 568 285
2242 529 2327 579 sq.].

1422 587 1479 620 Sic
1499 594 1533 620 et
1553 588 1660 621 ambo
1683 589 1898 624 declinatur.

1369 653 1570 688 Masculina
1590 662 1625 689 et
1641 656 1868 691 Foeminina.
1923 657 2073 692 Neutra.

1526 707 1618 741 Tres
1946 709 2036 742 Tria

1527 758 1657 791 Trium
1947 760 2078 795 Trium

1527 808 1662 844 Tribus
1946 812 2081 847 Tribus

1526 860 1618 895 Tres
1947 863 2049 898 Tria.

1423 920 1570 954 Caetera
1590 921 1635 954 ad
1656 928 1796 955 centum
1820 935 1934 969 usque
1950 936 2026 957 non
2043 924 2284 959 declinantur.

1422 972 1633 1018 Composita
1652 973 1897 1008 declinantur:
1928 974 2104 1017 Ducenti,
2129 974 2327 1016 Ducentae,

1317 1023 1494 1058 Ducenta.

1421 1076 1522 1110 Mille
1548 1076 1722 1110 adiective
1747 1089 1823 1111 non
1848 1078 2069 1120 declinatur,
2104 1078 2327 1113 substantive

1318 1128 1531 1163 declinatur.

1421 1180 1521 1213 Mille
1543 1180 1581 1213 in
1601 1180 1796 1225 singulari,
1825 1181 1992 1215 omnibus
2008 1182 2148 1216 casibus
2167 1181 2327 1222 effertur,

1318 1230 1532 1271 Pluraliter,
1560 1232 1694 1272 millia,
1722 1232 1897 1272 millium,
1925 1233 2105 1273 millibus,
2133 1233 2260 1267 millia.

1423 1402 1634 1436 Pronomen
1657 1408 1708 1436 est
1731 1414 1820 1442 vox,
1856 1414 1927 1448 qua
1953 1402 2092 1436 utimur
2115 1402 2152 1435 in
2176 1403 2327 1436 demon—

1317 1455 1464 1488 stranda
1494 1461 1556 1487 aut
1577 1455 1773 1498 repetenda
1798 1465 1857 1493 re,
1893 1466 1974 1488 cum
2001 1453 2150 1487 nomine
2175 1454 2229 1487 uti
2250 1466 2327 1488 non

1318 1513 1395 1539 erat
1414 1504 1715 1552 commodumffl).
1757 1505 1910 1539 Ovidius
1936 1504 1999 1554 [ex
2015 1506 2137 1540 Ponto
2154 1505 2257 1550 epist.
2268 1505 2327 1547 III,

1318 1557 1353 1598 4,
1371 1555 1450 1602 52]
1476 1558 1581 1591 dixit:
1617 1557 1817 1603 Gratiaque
1846 1558 1984 1598 officio,
2012 1558 2111 1604 quod
2133 1570 2236 1591 mora
2253 1564 2327 1592 tar-

1317 1611 1390 1650 dat,
1419 1611 1529 1643 abest.
1584 1608 1621 1642 Si
1639 1615 1805 1654 exempto
1823 1609 2044 1654 pronomine
2060 1622 2245 1655 supponas
2260 1621 2326 1643 no-

1316 1674 1420 1701 men,
1449 1673 1568 1696 sermo
1593 1667 1627 1694 et
1649 1661 1821 1695 obscurus
1846 1668 1880 1695 et
1904 1661 2112 1696 inconditus
2141 1662 2229 1703 erit,
2256 1659 2326 1695 hoc

1488 1713 1615 1747 Gratia
1650 1713 1750 1747 abest
1783 1714 1920 1754 officio,
1961 1719 1996 1747 et
2021 1713 2181 1747 officium
2205 1714 2327 1747 tardat

1485 1764 1533 1798 Et
1549 1765 1587 1797 in
1605 1764 1890 1797 demonstrando
1902 1790 1911 1804 ,
1938 1762 2078 1808 Nempe
2093 1768 2135 1797 ut
2151 1769 2324 1796 curentur

1287 1820 1290 1842 ⁸
1315 1824 1410 1851 recte
1426 1814 1527 1850 haec.

1287 1861 1290 1900 ⁴,
1417 1868 1595 1901 Accidunt
1620 1867 1855 1901 Pronomini:
1899 1866 2061 1911 Species,
2087 1865 2323 1910 SignificatiO‚

1287 1919 1290 1974 f
1315 1921 1456 1961 Genus,
1484 1920 1688 1963 Numerus,
1714 1918 1867 1962 Figura,
1895 1918 2079 1957 Persona,
2107 1916 2231 1952 Casus.

1420 1972 1510 2006 Sunt
1528 1978 1649 2005 autem
1668 1970 1894 2004 Pronomina
1911 1967 2017 2003 haec:
2047 1967 2138 2014 Ego,
2159 1969 2229 2009 Tu,
2247 1969 2323 2010 Sui,

1287 2047 1289 2068 3
1313 2023 1395 2064 Ille,
1431 2023 1498 2058 lste
1514 2023 1581 2069 ⁶¹),
1613 2021 1711 2067 Ipse,
1745 2016 1829 2063 Hic,
1864 2020 1916 2061 Is,
1946 2021 2056 2066 Quis,
2085 2021 2178 2067 Qui,
2206 2021 2322 2061 Meus,

1286 2075 1288 2082 ’
1314 2076 1427 2115 Tuus,
1456 2075 1560 2115 Suus,
1586 2074 1729 2114 Noster,
1757 2073 1898 2114 Vester,
1923 2073 2087 2114 Nomas,
2112 2072 2270 2108 Vestras.

1316 1715 1443 1747 modo:

1586 1332 1658 1366 DE
1691 1332 2059 1368 PRONOMINE.

1287 1794 1290 1816 i

1720 2160 1773 2205 Sp
1785 2173 1802 2194 e
1816 2173 1832 2193 c
1843 2160 1854 2192 i
1864 2172 1881 2193 e
1892 2173 1918 2194 s.

1417 2220 1606 2255 Primitiva
1634 2227 1733 2254 sunt:
1783 2220 1882 2265 Ego,
1909 2220 1988 2261 Tu,
2019 2220 2104 2261 Sui,
2131 2219 2214 2260 llle,
2242 2218 2322 2259 Iste,

1313 2273 1410 2319 Ipse,
1437 2273 1523 2313 Hic,
1549 2271 1602 2313 Is,
1630 2273 1739 2318 Quis,
1768 2273 1852 2318 Qui.

1416 2325 1572 2371 Reliqua
1593 2332 1677 2359 sunt
1696 2325 1858 2359 derivata
1872 2324 1931 2372 ω).
1981 2324 2074 2359 Nam
2096 2336 2116 2358 a
2134 2323 2206 2357 mei
2223 2323 2321 2368 geni-

1313 2379 1387 2412 tivo
1411 2379 1450 2412 fit
1475 2390 1595 2418 meus,
1632 2390 1651 2411 a
1675 2384 1841 2412 nostrum
1866 2377 1906 2410 fit
1929 2383 2071 2417 noster,
2102 2382 2185 2410 tuus
2208 2387 2226 2408 a
2256 2374 2321 2416 tui,

1313 2437 1430 2465 vester
1449 2442 1467 2463 a
1488 2430 1618 2470 vestri,
1646 2443 1730 2464 suus
1750 2442 1769 2463 a
1787 2430 1861 2470 sui,
1888 2428 1998 2462 Cuius
2023 2428 2102 2462 cuia
2129 2427 2272 2468 cuium,
2299 2438 2318 2459 a

1313 2483 1471 2528 genitivo
1490 2482 1600 2516 cuius.

1285 2184 1289 2217 i

1286 2223 1289 2236 Ι

1345 2635 1393 2668 60)
1415 2641 1476 2659 cum
1494 2647 1529 2651 —
1548 2633 1740 2666 commodum]
1760 2634 1844 2658 Editt.
1860 2633 1948 2664 1546„
1968 2640 1991 2658 ε.
2006 2638 2048 2657 a.:
2067 2632 2114 2658 ubi
2133 2631 2252 2657 nominis
2270 2629 2317 2656 re-

1381 2670 1477 2701 petitio
1496 2670 1608 2700 ingrata
1627 2671 1688 2694 erat
1707 2670 1810 2693 futura.

1344 2716 1392 2748 61)
1414 2714 1500 2746 lste,]
1523 2715 1550 2738 in
1570 2716 1619 2740 Ed.
1640 2722 1664 2739 s.
1681 2721 1706 2740 a.
1729 2715 1815 2738 deest.

1343 2758 1391 2791 62)
1412 2757 1563 2791 derivata]
1584 2759 1669 2784 Editt.
1692 2758 1778 2787 1546„
1801 2764 1826 2781 s.
1841 2763 1883 2781 a.:
1911 2757 2076 2782 derivativa.
