2421 3037
243 103 313 138 471

347 188 426 224 Etsi
444 195 562 223 autem
580 199 655 221 non
674 193 725 221 est
743 185 857 220 nostri
874 186 1041 227 instituti,
1070 186 1246 231 interpre-

243 241 313 275 tari
339 241 505 286 genesin,
534 247 655 273 tamen
680 251 760 272 cum
786 245 1022 283 compareant
1048 238 1085 271 in
1112 250 1152 272 ea
1172 250 1247 271 non

244 294 417 328 obscurae
434 290 712 336 significationes
730 290 866 334 ingenii
883 297 917 324 et
945 291 1113 324 fortunae
1131 290 1248 324 Maxi-

243 345 401 384 miliani,
423 343 547 388 putavi
565 343 739 389 quasdam
763 342 976 377 illustriores
994 343 1248 377 adscribendas

244 409 329 431 esse.
374 395 467 429 Nam
487 401 521 428 et
540 394 770 438 ingeniorum
791 394 984 439 descriptio
1013 398 1069 438 (ut
1086 407 1151 439 ego
1170 394 1249 440 qui-

242 448 322 481 dem
349 447 526 494 arbitror)
555 447 601 480 ad
627 444 839 481 historicum
868 446 1036 491 pertinet.
1090 446 1247 480 Multum

243 499 339 533 enim
357 498 525 532 conducit
542 498 578 531 in
596 498 669 532 vita
685 505 900 532 naturarum
918 498 1248 533 dissimilitudinem

243 551 495 588 considerare.
524 557 558 584 et
581 550 743 585 fortassis
763 562 838 584 non
856 557 908 585 est
924 550 1107 596 ingratum
1128 550 1249 583 videre

241 603 381 649 aliquas
398 609 591 637 eventuum
609 602 899 648 significationes.

349 654 499 689 Constat
524 660 643 688 autem
670 654 859 688 mirificam
886 654 994 689 fuisse
1019 653 1056 687 in
1082 653 1250 687 Maximi-

243 707 342 740 liano
384 707 635 740 dexteritatem
681 707 835 752 ingenii;
882 707 984 740 facile
1030 705 1251 750 disciplinas,

243 759 362 793 varias
388 765 502 800 artes,
533 771 573 792 ac
598 758 739 804 linguas
763 758 936 804 percepit.
991 758 1106 792 Multa
1134 757 1171 790 in
1195 769 1250 791 re-

242 810 386 856 publica
409 810 635 856 sagacissime
657 811 837 856 providit;
866 810 978 844 multa
1000 809 1141 844 consilii
1160 810 1251 843 cele-

242 863 370 905 ritate,
397 864 579 897 interdum
599 863 773 908 singulari
791 869 867 896 arte
887 862 993 896 etiam
1014 861 1183 907 perfecit,
1211 868 1252 895 ut

242 913 334 948 mihi
357 915 549 960 cogitanti,
587 927 743 961 quorum
768 921 929 948 veterum
959 915 1091 948 ducum
1124 913 1252 948 similis

242 967 351 1001 fuerit
363 994 372 1008 ,
399 968 566 1001 videatur
582 967 736 1000 Adriani
752 965 986 1012 Imperatoris
1002 978 1076 1000 non
1095 966 1251 1000 multum

243 1019 443 1054 dissimilis:
475 1019 539 1054 etsi
558 1018 830 1053 Maximilianus
851 1018 906 1051 vir
927 1018 1057 1052 melior
1074 1018 1162 1060 fuit,
1190 1019 1251 1053 sed

243 1071 473 1116 ingeniorum
494 1072 672 1117 quaedam
691 1071 759 1105 suit
776 1070 989 1106 similitudo,

349 1123 560 1157 Conferrem
595 1130 630 1157 et
665 1124 709 1157 ad
744 1120 956 1168 Philippum
992 1122 1252 1161 Macedonem;

244 1176 305 1210 sed
331 1175 602 1210 Maximilianus
629 1175 697 1209 fuit
723 1175 779 1208 vir
808 1175 914 1219 longe
947 1175 1088 1210 melior.
1150 1175 1253 1208 Hanc

244 1228 381 1272 ingenii
400 1228 617 1261 celeritatem
635 1227 849 1272 significant,
875 1227 1091 1261 Mercuriale
1108 1227 1251 1272 signum

245 1279 358 1325 Virgo
375 1280 412 1313 in
431 1278 649 1326 horoscopo,
671 1286 705 1314 et
722 1277 858 1325 Iupiter
875 1279 912 1312 in
923 1279 1085 1324 Virgine,
1108 1286 1142 1313 et
1155 1279 1252 1313 Mer-

246 1332 365 1367 curius
388 1332 425 1365 in
444 1331 579 1367 Ariete.
632 1332 724 1366 Sunt
747 1332 822 1367 eius
839 1332 891 1365 rei
909 1338 944 1365 et
962 1332 1053 1365 aliae
1071 1333 1252 1378 quaedam

244 1391 373 1425 notae,
402 1397 491 1431 quas
508 1383 719 1419 iudicandas
737 1384 904 1431 relinquo
925 1384 1132 1419 artificibus.
1182 1384 1252 1419 Sed

248 1437 347 1471 Mars
363 1437 400 1470 in
413 1436 537 1471 Leone
553 1437 590 1470 in
608 1437 822 1472 duodecima
838 1463 848 1477 ,
878 1437 942 1471 etsi
964 1437 1251 1482 magnitudinem

248 1489 361 1522 animi
378 1489 496 1531 auxit,
520 1495 643 1523 tamen
660 1489 820 1534 ingentia
840 1489 872 1522 ei
889 1488 1061 1534 pericula,
1090 1489 1253 1533 ingentes

248 1541 473 1575 difficultates
498 1541 630 1576 attulit.
681 1541 760 1575 Hoc
784 1541 864 1575 loco
882 1541 982 1575 Mars
1006 1541 1251 1586 captivitatem

248 1600 281 1626 et
298 1593 515 1638 multiplices
531 1593 679 1628 insidias
693 1593 908 1627 denuntiare
924 1593 1025 1627 solet.

350 1643 391 1678 In
415 1646 536 1679 Ariete
565 1646 627 1680 ubi
650 1643 758 1679 habet
785 1645 1060 1685 exaltationem,
1097 1644 1159 1679 Sol
1188 1645 1253 1678 im-

250 1697 339 1741 perii
363 1698 543 1743 fastigium
568 1704 602 1731 et
625 1698 679 1732 rei
702 1697 869 1733 militaris
893 1698 1050 1732 studium
1077 1697 1253 1743 significa-

875 98 1000 135 PHIL.
1027 99 1142 134 MEL.
1169 97 1375 133 SCRIPTA
1404 96 1675 135 HISTORICA.

2232 100 2309 140 472

1302 184 1372 224 vit;
1406 184 1567 220 fortassis
1590 192 1624 219 et
1648 186 1742 221 dotis
1766 193 1875 233 atque
1896 185 2129 221 haereditatis
2156 199 2309 233 magnae

1302 236 1542 271 accessionem
1577 237 1790 282 significavit
1815 238 1876 272 Sol
1909 244 1943 272 et
1968 237 2091 272 Venus
2118 238 2155 271 in
2183 246 2308 273 octava

1302 290 1426 323 domo.
1487 288 1664 324 Saturnus
1691 291 1728 323 in
1757 291 1883 336 quinta
1911 290 2061 324 infestus
2084 289 2153 324 fuit
2175 290 2311 333 liberis,

1301 341 1475 375 maribus.
1540 340 1634 376 Nam
1670 355 1870 387 paucorum
1906 354 2088 376 annorum
2117 342 2310 377 intervallo

1303 393 1417 427 tribus
1446 393 1550 435 filiis,
1590 393 1770 439 Georgio,
1812 394 2027 435 Francisco,
2068 400 2103 428 et
2126 391 2313 439 Philippo,

1304 446 1451 479 orbatus
1474 451 1537 479 est.
1603 445 1707 479 Luna
1734 445 1771 479 in
1794 447 1899 480 tertia
1923 446 2022 480 auxit
2046 458 2209 480 amorem
2236 457 2311 480 cre-

1302 497 1451 530 brarum
1488 497 1837 542 peregrinationum.
1899 498 2015 533 Multa
2052 498 2123 532 alia
2161 503 2314 543 possunt

1303 546 1545 594 deprehendi,
1578 550 1608 584 si
1632 550 1712 597 quis
1735 550 1899 584 omnium
1924 550 2109 585 stellarum
2133 550 2212 584 loca
2230 549 2312 584 dili-

1304 607 1428 646 genter
1447 601 1622 636 conferat.

1403 678 1478 712 >Sed
1504 677 1592 713 haee
1616 679 1775 713 breviter
1799 680 2003 726 attigimus,
2039 681 2137 727 quod
2163 686 2311 715 eventus

1305 730 1419 776 aliqui
1435 743 1516 764 cum
1534 732 1737 777 praeceptis
1753 733 1841 767 artis
1856 733 1962 767 valde
1978 733 2218 774 consentiant,
2246 733 2313 767 etsi

1305 794 1370 826 ego
1396 782 1543 829 quidem
1573 784 1616 816 de
1641 784 1710 817 fide
1734 785 1821 819 artis
1844 783 1914 818 hoc
1937 785 2018 819 loco
2049 797 2124 819 non
2152 784 2311 830 disputo.

1304 833 1440 868 Verum
1461 832 1554 869 hanc
1570 835 1850 881 descriptionem
1870 837 2076 871 arbitrabar
2092 849 2169 871 non
2190 836 2313 882 ingra-

1304 892 1378 919 tam
1406 899 1480 921 esse
1503 887 1542 920 in
1567 885 1740 929 historia,
1768 889 1982 933 praesertim
2009 902 2089 923 cum
2113 887 2203 923 haec
2227 888 2313 923 scri-

1304 938 1432 973 bamus
1454 937 1664 975 hominibus
1680 940 1830 975 eruditis
1843 967 1852 981 ,
1880 941 2011 987 quibus
2028 939 2237 975 huiusmodi
2253 941 2314 974 de·

1305 990 1518 1035 scriptiones
1563 993 1619 1025 vel
1663 993 1708 1026 ad
1743 992 2046 1027 considerandam
2081 993 2312 1037 ingeniorum

1305 1043 1516 1077 varietatem
1530 1071 1539 1085 ,
1567 1045 1622 1077 vel
1639 1045 1684 1078 ad
1702 1051 1796 1080 artes
1813 1045 2025 1080 iudicandas
2042 1046 2261 1080 conducunt.

1412 1119 1602 1155 Interitum
1630 1135 1716 1156 vero
1744 1114 1987 1156 Maximiliani
2018 1134 2145 1156 omnes
2168 1120 2315 1167 imperii

1307 1171 1453 1207 ordines
1478 1174 1705 1208 acerbissime
1727 1175 1901 1208 tulerunt.
1969 1174 2087 1210 Nemo
2115 1174 2212 1208 enim
2237 1186 2313 1207 non

1306 1224 1471 1266 dolebat,
1518 1226 1780 1271 rempublicam
1826 1226 1889 1260 tali
1933 1233 2081 1272 tamque
2127 1225 2316 1260 excellenti

1305 1276 1475 1323 Principe
1511 1278 1677 1312 orbatam
1716 1291 1812 1321 esse,
1850 1278 2071 1313 alienissimo
2099 1277 2315 1323 praesertim

1306 1335 1491 1375 tempore,
1531 1343 1611 1365 cum
1639 1331 1796 1365 maxime
1820 1343 1911 1376 opus
1940 1336 2017 1365 erat
2042 1337 2077 1365 et
2103 1330 2255 1365 consilio
2280 1335 2316 1363 et

1307 1381 1420 1415 animi
1439 1383 1690 1428 magnitudine
1708 1385 1753 1417 ad
1771 1383 1984 1428 depellenda
2003 1382 2162 1428 pericula
2175 1409 2185 1424 ‚
2221 1393 2315 1429 quae

1306 1435 1477 1470 universo
1513 1435 1593 1469 orbi
1622 1433 1829 1470 Christiano
1862 1435 2115 1469 imminebant.
2177 1434 2315 1479 Magno

1307 1486 1416 1531 igitur
1440 1488 1538 1521 luctu
1562 1494 1596 1521 et
1623 1487 1855 1522 ornatissimo
1878 1488 2005 1522 funere
2032 1487 2145 1522 elatus
2171 1493 2224 1521 est
2250 1484 2316 1520 he-

1307 1550 1367 1574 ros
1393 1539 1494 1573 omni
1520 1540 1723 1574 seculorum
1750 1539 1927 1574 memoria
1952 1539 2102 1585 dignus,
2136 1545 2260 1585 estque
2277 1538 2316 1572 in

1306 1590 1410 1626 Nova
1439 1591 1582 1626 civitate
1599 1592 1766 1627 Austriae
1788 1590 1980 1632 humatus,
2008 1592 2073 1627 sub
2091 1591 2221 1626 maiori
2239 1598 2316 1632 ara,

1307 1643 1345 1677 in
1362 1644 1497 1689 templo
1515 1645 1618 1680 arcis.

336 1977 443 2005 Nota.
491 1976 565 2004 Cum
589 1975 643 2003 hac
667 1976 875 2004 exhortatione
899 1976 1089 2004 conseratur:

251 2022 344 2056 niae,
376 2024 414 2048 ut
437 2016 561 2047 bellum
587 2017 708 2049 Turcz's
731 2016 913 2056 invehant,
943 2016 1209 2048 Exhortatoria.

1134 1975 1293 2004 Utrichi
1316 1975 1361 2004 de
1386 1975 1528 2003 Hutten
1553 1971 1690 2013 Equinis
1715 1971 1879 2004 Germani
1901 1972 1947 2002 ad
1968 1971 2151 2012 Principes
2176 1969 2315 2003 Germa-

1257 2015 1398 2048 Publica
1422 2016 1628 2048 Germaniae
1652 2016 1793 2047 concilio
1817 2015 1915 2055 apud
1938 2014 2131 2055 Aug-ustam
2159 2014 2315 2047 Vindeli-

249 2072 374 2092 corum.
419 2061 522 2092 Anno
546 2061 674 2091 domini
694 2060 744 2092 M.
756 2060 971 2099 D.XVIII.,
1003 2062 1041 2090 de
1065 2072 1122 2101 qua
1146 2062 1264 2090 disserit
1287 2062 1353 2091 Ge.
1378 2062 1515 2100 Wolfg.
1540 2062 1732 2090 Panzerus
1757 2062 1784 2089 in
1808 2062 1897 2090 libro:
1933 2059 2028 2099 αἰτία)
2053 2067 2113 2092 mm
2137 2058 2259 2102 {mtten
2281 2057 2315 2091 in

251 2103 454 2145 litterarifaeer
477 2104 611 2147 {vinsicbt
634 2105 837 2147 (ffifirnberg,
868 2104 963 2136 1798.
988 2105 1034 2143 S.)
1067 2116 1095 2144 p.
1114 2104 1268 2136 63—74.
