2421 3037
271 95 347 132 795

267 195 403 228 ponere
427 182 584 216 Pontani
617 187 770 214 statuam
805 180 840 213 in
864 181 991 215 illustri
1020 181 1191 225 praetorii
1218 181 1270 214 sui

266 236 346 268 loco
370 235 473 269 sitam
488 261 495 272 ,
1072 233 1272 265 anteferen-

267 289 352 320 dum
379 285 504 319 ceteris
530 284 708 316 beneficiis
734 284 901 317 fortunae
930 285 1110 317 omnibus.
1173 283 1272 318 Nibil

266 350 385 383 neque
410 349 468 369 rex
497 336 613 368 facere
638 336 777 379 potuit,
813 348 884 381 quo
914 337 1025 380 magis
1043 336 1272 378 significaret,

267 395 442 435 quantum
469 387 593 419 virtuti
609 387 765 428 faveret,
800 399 916 433 neque
935 388 1103 421 Pontano
1124 386 1271 420 honori-

265 440 427 474 ficentius
450 439 676 482 contingere,
713 438 969 482 sapientissimi
997 440 1088 483 regis
1109 446 1182 472 tum
1199 446 1271 472 stu-

265 492 347 531 dio,
375 498 451 524 tum
472 491 691 524 [estimonio.
733 490 857 534 Quare
875 493 1099 524 committere
1120 504 1193 523 non
1212 492 1271 523 de·

265 545 411 582 bemus,
454 549 492 575 ut
524 555 650 586 parum
682 542 847 587 religiose
882 543 1069 576 videamur
1101 543 1175 576 eius
1204 542 1271 575 viri

265 601 501 628 monumenta
522 595 683 633 coluisse,
713 607 785 640 quo
804 593 895 627 nihil
914 596 949 627 in
968 595 1136 628 universo
1159 606 1270 638 regno

265 647 473 691 Araganum
487 673 496 685 ,
525 648 623 691 quod
646 646 715 680 illis
735 647 959 691 temporibus
977 647 1269 680 florentissimum

265 705 343 732 erat
359 698 542 737 omnium,
570 710 631 731 rex
650 697 723 742 ipse
740 711 879 732 summa
900 698 1095 742 sapientia,
1124 699 1270 731 virtute-

265 762 335 796 que
358 749 560 794 praeditus‚
602 750 730 783 melius
757 757 818 784 aut
843 750 1092 784 admirabilius
1116 750 1270 784 extitisse

264 802 450 835 iudicavit.
503 800 591 834 Vale
608 801 890 845 Vittembergae.

530 246 593 264 reu
611 232 709 274 regni
729 232 782 265 sui
805 232 1016 265 miraculum
1031 260 1039 270 ,

1063 915 1139 932 anno
1165 903 1259 934 1550.

1055 946 1263 962 m

298 906 354 933 No.
379 904 409 934 2.

355 992 588 1035 Praefatio
617 994 661 1024 ιή
690 992 823 1024 Εὐενὶ
854 993 1180 1026 calendarium.

335 1059 476 1082 Praefatio
507 1059 534 1082 in
566 1058 672 1082 Pauli
704 1059 811 1082 Eberi
843 1060 1053 1084 calendarium
1087 1059 1271 1091 historicum,

370 1094 447 1117 cuius
464 1093 617 1117 Editionem
631 1093 781 1123 principem
799 1094 863 1117 anni
881 1095 957 1119 1550.
974 1096 1001 1118 et
1015 1095 1135 1118 atteram
1155 1100 1180 1117 a.
1197 1095 1270 1119 1551.

369 1129 424 1152 iam
442 1134 527 1158 supra
547 1135 571 1158 p.
586 1128 743 1152 607—610.
766 1129 910 1157 recensui,
940 1131 1010 1152 teste
1030 1129 1117 1159 Mytio
1138 1129 1165 1152 in
1180 1129 1271 1153 Clu-o-

369 1164 484 1192 nologia
507 1163 680 1193 scriptorum
706 1164 929 1187 Melanchthonis
959 1165 994 1187 ad
1014 1170 1039 1188 a.
1062 1164 1154 1191 155o.,
1186 1164 1270 1188 Eberi

370 1198 478 1228 quidem
494 1198 603 1221 nomine
617 1198 700 1225 edita,
721 1204 737 1221 a
750 1198 930 1222 Melanthone
949 1200 1109 1229 conscripta
1125 1200 1179 1229 est,
1199 1205 1270 1229 qua-

370 1234 484 1263 propter
502 1233 527 1255 h.
541 1233 558 1255 l.
581 1233 703 1256 eximius
718 1233 782 1257 libri
798 1234 852 1258 Ed.
871 1233 1027 1265 Vl'itebery.
1042 1240 1065 1257 a.
1086 1234 1160 1257 1551.
1179 1234 1269 1257 datur.

420 1301 481 1334 De
511 1302 799 1336 utilitatibus
829 1302 1113 1336 Calendarii.

369 1371 548 1405 Omnibus
567 1371 743 1404 aetatibus
762 1371 868 1415 vulgo
884 1371 965 1404 fasti
981 1371 1157 1416 propositi
1175 1379 1269 1412 sunt,

265 1424 327 1471 qui
352 1436 424 1456 non
449 1429 589 1469 tantum
615 1423 699 1455 anni
726 1429 759 1455 et
788 1423 963 1456 mensium
989 1423 1267 1467 descriptionem

264 1482 468 1509 accumzitim
496 1474 773 1513 continuerunt,
801 1481 982 1519 sumptam
1002 1476 1198 1510 amotibus
1216 1477 1268 1510 lu-

266 1528 425 1566 minum,
461 1528 519 1560 sed
543 1527 600 1558 eti
595 1539 648 1558 ιιι
675 1524 844 1560 historias
871 1528 1044 1572 quasdam
1073 1527 1266 1571 insignium

264 1579 519 1611 liberationum
556 1578 660 1611 certis
695 1578 872 1611 mensium
910 1578 1035 1612 diebus
1071 1579 1268 1623 adscriptas

264 1629 490 1669 babuerunt,
529 1635 568 1662 ut
598 1630 733 1673 populo
765 1630 889 1662 talium
920 1630 1175 1663 beneficiorum
1201 1630 1268 1663 Dei

265 1682 439 1715 memoria
459 1681 654 1726 quotannis
673 1682 869 1714 eorundem
889 1682 1026 1714 dierum
1048 1694 1195 1715 recursu
1212 1694 1267 1715 re·

264 1739 472 1767 novaretur.
525 1732 582 1765 Sic
597 1733 713 1765 Adam
740 1745 819 1766 cum
845 1733 1001 1766 breviter
1026 1734 1098 1767 suis
1116 1734 1267 1778 posteris

265 1797 443 1829 exponere
459 1784 651 1828 potuisset,
680 1784 884 1818 universam
906 1785 1030 1818 mundi
1049 1783 1268 1825 machinam,

264 1844 297 1870 et
324 1849 378 1870 res
407 1848 531 1869 omnes
556 1848 631 1868 non
655 1836 782 1875 simul,
828 1842 888 1868 aut
914 1838 1038 1869 eodem
1068 1844 1268 1878 momento,

263 1890 325 1923 sed
350 1887 476 1921 ordine
501 1889 658 1933 quodam
685 1894 718 1920 et
743 1888 964 1921 successione
991 1901 1007 1921 a
1030 1888 1107 1922 Deo
1131 1896 1268 1923 creatas

264 1953 353 1975 esse:
393 1940 499 1973 etiam
528 1939 666 1973 dierum
690 1939 911 1972 mentionem
943 1940 1102 1980 addidit,
1138 1941 1268 1987 quibus

264 2005 413 2037 operum
447 1991 657 2024 varietatem
687 1991 906 2035 distinguere
934 1993 1049 2025 voluit
1072 1993 1152 2026 ideo
1178 2006 1267 2039 quo-

263 2056 352 2090 que,
381 2050 420 2077 ut
437 2056 520 2077 suos
541 2050 704 2087 posteros
722 2044 955 2084 admoneret,
982 2051 1040 2084 ut,
1070 2045 1210 2090 quoties
1230 2045 1266 2078 in

263 2097 385 2128 eadem
407 2095 605 2139 septimana
626 2095 700 2129 dies
724 2096 832 2128 iidem
858 2103 1104 2136 recurrerent,
1133 2097 1266 2129 miran-

263 2149 330 2180 dae
350 2147 540 2180 creationis
557 2146 623 2179 Dei
643 2148 942 2187 recordarentur,
971 2154 1004 2180 et
1026 2160 1091 2192 pro
1118 2149 1266 2192 singulis

263 2199 444 2243 operibus,
464 2211 555 2244 quae
572 2198 632 2231 illo
652 2199 709 2232 die
729 2200 889 2232 absoluta
907 2211 979 2233 esse
997 2200 1168 2244 legerent,
1188 2200 1265 2234 Deo

263 2251 381 2295 opifici
406 2251 538 2294 gratias
559 2257 724 2294 agerent,
753 2263 834 2285 cum
852 2251 1113 2296 intelligerent,
1143 2253 1264 2286 omnia

262 2303 320 2335 illa
338 2302 446 2336 solius
466 2300 623 2336 hominis
642 2315 745 2336 causa
766 2315 839 2336 esse
860 2304 1060 2341 elaborata;
1096 2304 1152 2337 die
1179 2317 1265 2338 vero

262 2353 409 2388 Sabbati
434 2354 596 2387 omnium
620 2355 876 2389 beneficiorum
896 2355 962 2389 Dei
985 2356 1197 2389 memoriam
1217 2357 1266 2391 si-
1292 2395 1293 2406 ἵ

262 2406 337 2439 mul
356 2406 699 2449 complecterentur,
728 2413 761 2440 et
779 2408 872 2441 serio
890 2408 1103 2442 invocarent
1120 2421 1159 2441 ac
1177 2409 1265 2442 cele-

261 2458 409 2490 brarent
428 2457 557 2496 Deum,
579 2471 618 2491 ac
634 2459 830 2502 cogitantes
847 2460 1002 2505 quietem
1022 2461 1166 2505 septimi
1182 2461 1265 2502 diei,

261 2509 393 2543 scirent
414 2516 550 2543 restare
575 2511 631 2542 ali
625 2524 680 2542 xm
707 2511 817 2543 vitam
845 2518 926 2556 post
949 2510 1041 2545 hanc
1058 2513 1166 2545 vitam
1187 2526 1265 2546 cor-

260 2561 422 2606 poralem
435 2588 443 2601 ‚
480 2574 539 2606 qu
532 2573 572 2593 ae
603 2569 691 2595 esset
718 2563 836 2595 futura
870 2570 1039 2608 perpetua
1070 2564 1170 2610 quies
1183 2592 1191 2606 ‚
1227 2565 1263 2598 in

262 2620 406 2646 aeterna
425 2626 503 2646 cum
524 2613 600 2646 Deo
621 2615 807 2647 conditore
826 2616 1098 2650 consuetudine.

364 2665 421 2699 Sic
441 2663 545 2700 Nolle
565 2666 737 2710 potuisset
754 2664 941 2700 historiam
961 2668 1088 2701 diluvii
1105 2668 1178 2703 suis
1201 2682 1265 2714 po-

261 2716 363 2750 steris
383 2729 424 2750 eo
442 2718 568 2751 ordine
586 2718 800 2763 descriptam
820 2725 902 2763 post
917 2732 953 2753 se
971 2721 1175 2766 relinquere
1189 2749 1196 2762 ‚
1225 2728 1265 2755 ut

909 94 1271 129 ADDITAMENTA
1299 93 1365 128 AD
1393 93 1536 128 VOLL.
1566 93 1690 128 l—x.

2254 95 2329 132 ⁷96

1327 181 1402 214 sine
1430 180 1614 213 mentione
1643 186 1822 213 certorum
1841 180 1980 213 dierum
2000 181 2153 220 diceret,
2181 194 2216 215 se
2240 182 2330 215 inte-

1327 245 1429 277 grum
1457 245 1592 265 annum
1616 231 1708 264 intra
1730 245 1848 265 arcam
1867 233 2064 273 inclusum,
2094 234 2182 265 etin
2202 234 2330 268 mediis

1327 296 1503 330 aquarum
1527 284 1712 323 fluctibus,
1740 290 1774 316 et
1798 290 1987 317 ventorum
2016 284 2180 328 procellis
2198 285 2260 319 diu
2278 287 2330 319 ia-

1327 342 1482 375 ctatum,
1518 336 1576 368 vix
1609 336 1752 367 tandem
1785 336 1988 369 subsidente
2020 336 2057 368 in
2084 336 2268 370 montibus
2296 343 2331 370 et

1327 387 1529 433 quiescente
1563 399 1664 426 arca,
1710 387 1806 420 iussu
1834 387 1898 420 Dei
1932 400 1973 421 ex
2002 388 2063 420 illo
2093 388 2266 421 diuturno
2297 395 2331 422 et

1326 439 1418 473 tristi
1451 451 1591 473 carcere
1626 451 1805 482 egressum
1831 439 1950 473 fuisse.
2012 440 2082 473 Sed
2109 439 2331 474 accuratissi-

1327 504 1421 524 mam
1447 491 1547 523 addit
1576 490 1752 524 mensium
1778 497 1813 524 et
1838 491 1977 523 dierum
2006 491 2330 532 enumerationem,

1327 555 1532 581 recensens,
1569 554 1641 588 quo
1668 542 1724 574 die
1754 543 1884 576 mensis
1913 543 1958 576 sit
1986 555 2106 576 arcam
2138 543 2329 587 ingressus,

1326 607 1397 640 quo
1432 594 1488 627 die
1522 594 1653 627 imbres
1688 605 1791 626 ruere
1821 594 2024 637 coeperint,
2068 607 2140 640 quo
2165 594 2221 628 die
2246 607 2328 628 arca

1325 647 1463 679 sublata
1490 647 1669 679 undarum
1694 646 1831 690 impetu
1852 645 2008 690 primum
2028 645 2229 686 fluctuarit,
2257 659 2329 692 quo

1326 698 1381 731 die
1400 698 1471 731 sint
1490 698 1690 730 diminutae
1708 709 1843 742 aquae,
1878 710 1950 743 quo
1975 697 2032 730 die
2060 710 2138 730 arca
2165 698 2330 731 substite-

1326 750 1393 789 rit,
1422 761 1494 795 quo
1519 750 1575 782 die
1592 750 1667 793 ipse
1687 749 1833 783 eductus
1853 761 1894 782 ex
1913 749 1982 782 illis
2000 749 2163 783 claustris
2179 748 2258 782 Deo
2275 761 2330 783 sa-

1326 801 1495 834 crificarit
1519 797 1702 847 σωτήρια,
1737 806 1770 833 et
1801 801 1940 845 signum
1976 800 2154 845 acceperit
2185 800 2329 834 divinae

1327 853 1594 888 misericordiae
1611 858 1643 885 et
1665 852 1800 896 gratiae
1816 853 1949 886 Arcum
1971 853 2174 886 coelestem.

1431 905 1532 937 Hanc
1564 911 1637 937 tam
1670 905 1917 948 scrupulosam
1952 905 2092 938 dierum
2123 904 2328 938 annotatio-

1326 969 1407 988 nem
1445 969 1507 989 cur
1542 956 1784 990 existimemus
1820 968 1837 988 a
1877 953 2082 1000 patriarcha
2118 962 2327 1001 usurpatam

1325 1008 1452 1048 fuisse,
1491 1008 1557 1041 nisi
1580 1009 1675 1053 quod
1702 1007 1855 1040 voluerit
1882 1008 2038 1052 primum
2066 1008 2151 1040 illud
2179 1006 2329 1041 horren-

1325 1061 1408 1093 dum
1437 1060 1638 1104 exemplum
1661 1060 1734 1092 irae
1755 1059 1899 1092 divinae
1919 1061 2087 1094 adversus
2105 1065 2329 1103 contempto-

1325 1124 1380 1145 res
1397 1112 1509 1151 verbi,
1535 1118 1568 1144 et
1583 1118 1814 1144 contumaces
1832 1117 2047 1155 peccatores,
2071 1112 2201 1144 deinde
2219 1110 2326 1144 etiam

1324 1163 1568 1197 dulcissimum
1596 1162 1749 1206 ingentis
1771 1163 1979 1195 clementiae
2003 1170 2036 1196 et
2059 1162 2327 1196 misericordiae

1324 1215 1391 1248 Dei
1418 1216 1618 1259 exemplum
1647 1215 1718 1248 suis
1741 1214 1894 1258 posteris
1917 1227 2058 1259 semper
2078 1215 2116 1247 in
2135 1219 2327 1259 conspectu

1325 1280 1417 1306 esse,
1446 1274 1503 1307 ut,
1531 1266 1671 1312 quoties
1696 1266 1747 1298 illi
1771 1266 1845 1300 dies
1870 1267 2095 1300 volventibus
2113 1266 2216 1299 annis
2234 1265 2327 1299 redi-

1323 1326 1427 1358 rent,
1462 1319 1530 1353 sibi
1555 1324 1589 1351 et
1611 1316 1802 1351 horribiles
1825 1330 1960 1362 poenas
1985 1318 2085 1363 impii
2112 1318 2258 1358 mundi,
2293 1323 2328 1350 et

1323 1383 1446 1405 rursus
1464 1369 1774 1404 conservationem
1795 1382 1835 1402 ac
1850 1370 2102 1403 liberationem
2123 1370 2326 1403 mirandam

1324 1423 1472 1467 pusillae
1488 1422 1666 1456 Ecclesiae
1683 1422 1719 1454 in
1742 1421 1955 1454 memoriam
1976 1428 2207 1461 revocarent,
2236 1427 2270 1454 et
2289 1421 2326 1454 in

1323 1475 1454 1507 timore
1477 1474 1543 1506 Dei
1576 1473 1753 1512 viventes,
1793 1484 1858 1516 pro
1884 1473 1942 1505 illa
1970 1485 2109 1506 summa
2136 1472 2325 1506 clementia

1323 1525 1401 1558 Deo
1421 1525 1554 1569 gratias
1573 1530 1737 1568 agerent,
1766 1530 1798 1556 et
1818 1524 1852 1556 in
1869 1524 1940 1557 suis
1959 1524 2141 1558 aerumnis
2158 1524 2326 1558 omnibus

1322 1577 1474 1611 similem
1514 1576 1753 1621 praesentiam
1783 1575 1848 1607 Dei
1883 1582 1915 1608 et
1942 1588 2046 1621 opem
2075 1582 2256 1620 peterent,
2290 1581 2326 1609 et

1323 1636 1415 1662 certa
1438 1629 1507 1661 fide
1527 1634 1732 1661 constanter
1753 1634 1992 1672 expectarent.

1426 1680 1560 1713 Moises
1579 1692 1723 1725 quoque
1742 1680 1985 1713 defensionem
2007 1680 2130 1724 populi
2155 1679 2191 1712 in
2209 1681 2325 1725 Aegy-

1322 1739 1383 1777 pto
1417 1733 1588 1766 adversus
1614 1731 1898 1764 crudelissimum
1926 1738 2143 1776 tyrannum,
2181 1737 2215 1764 et
2240 1732 2325 1764 edu-

1322 1784 1477 1817 ctionem
1506 1790 1626 1817 tantae
1654 1783 1893 1817 multitudinis
1920 1795 1961 1817 ex
1985 1782 2187 1817 tristissima
2214 1782 2325 1816 servi-

1322 1843 1415 1875 tute,
1444 1835 1719 1880 patefactionem
1737 1835 1821 1868 item
1843 1835 1927 1879 legis
1945 1835 2087 1867 divinae
2111 1835 2148 1867 in
2170 1836 2325 1874 deserto,

1321 1894 1355 1920 et
1387 1889 1559 1933 quasdam
1596 1887 1682 1920 alias
1715 1887 1896 1919 mirandas
1927 1887 2156 1920 liberationes
2186 1885 2325 1931 populi,

1293 1950 1295 1956 ⁴
1321 1947 1500 1972 certorum
1528 1940 1666 1972 dierum
1694 1938 1828 1971 adiecta
1854 1938 2037 1971 mentione
2062 1940 2105 1971 ad
2135 1937 2324 1982 posterita-

2086 1991 2182 2035 quod
2206 1987 2324 2022 homi-

1322 1999 1390 2024 tem
1417 1991 1627 2025 transmisit.
1681 1990 1751 2035 Qui
1777 1990 1857 2023 ideo
1884 2002 2048 2036 quoque,

1293 2050 1294 2056 ¹
1320 2056 1406 2077 num
1435 2050 1532 2077 tanta
1557 2049 1608 2076 est
1626 2042 1840 2086 negligentia
1860 2048 1894 2075 et
1913 2042 2133 2086 ingratitudo
2148 2068 2157 2082 ‚
2184 2048 2223 2074 ut
2240 2053 2324 2074 mox

1320 2097 1460 2130 soleant
1495 2094 1656 2129 oblivisci
1691 2106 1914 2127 summorum
1954 2093 2210 2127 beneficiorum
2243 2092 2323 2133 Dei,

1320 2150 1436 2183 iussus
1462 2155 1532 2188 est,
1569 2146 1771 2180 constitutis
1795 2147 1898 2180 certis
1932 2146 2049 2186 sestis,
2085 2158 2212 2190 cogere
2233 2146 2324 2179 mul-

1322 2201 1534 2240 titudinem,
1577 2205 1615 2232 ut
1649 2196 1778 2232 h1rum
1814 2199 2070 2232 liberationum
2107 2197 2320 2231 memoriam

1321 2253 1516 2299 quotannis
1538 2251 1721 2285 recoleret.

1425 2305 1523 2350 Quin
1558 2310 1591 2336 et
1619 2301 1859 2336 Etbnicorum
1886 2303 1965 2336 fasti
1997 2314 2071 2335 non
2095 2307 2235 2335 tantum
2260 2298 2322 2334 ha-

1318 2357 1476 2390 huelunt
1492 2356 1583 2400 sign
1574 2362 1619 2388 at
1623 2368 1648 2389 zs
1665 2355 1874 2389 festivitates
1889 2355 2066 2395 solennes,
2091 2365 2183 2399 quae
2201 2359 2323 2386 tamen

1319 2408 1417 2453 ipsae
1453 2420 1598 2454 quoque
1628 2408 1671 2440 ad
1697 2408 1980 2441 conservandam
2011 2405 2224 2439 memoriam
2249 2416 2324 2438 cer-

1319 2467 1439 2494 torum
1468 2459 1724 2493 beneficiorum
1755 2459 1822 2492 Dei
1851 2460 2033 2493 institutae
2058 2458 2222 2496 suerunt;
2260 2457 2323 2490 sed

1319 2514 1426 2546 etiam
1447 2518 1715 2557 proposuerunt
1732 2512 1820 2546 alios
1837 2513 2012 2558 quosdam
2036 2509 2193 2554 insignes
2217 2520 2322 2542 even-

1319 2571 1387 2604 tus,
1410 2577 1564 2610 quorum
1585 2564 1802 2608 cogitatione
1820 2576 1939 2597 annua
1958 2561 2163 2596 iudicarunt
2180 2560 2322 2605 sapien-

1290 2655 1291 2661 ἵ
1318 2623 1370 2651 tes
1398 2615 1561 2651 homines
1585 2616 1790 2660 imperitam
1823 2622 1856 2648 et
1881 2614 2094 2648 obliviosam
2121 2612 2322 2646 multitudi—

1290 2679 1291 2717 ζ
1317 2681 1400 2702 nem
1426 2669 1469 2701 de
1496 2669 1634 2714 magnis
1657 2669 1762 2702 rebus
1785 2667 1920 2701 utiliter
1936 2666 2076 2699 moneri
2097 2677 2211 2710 posse.

2264 2664 2322 2698 Sic

1290 2721 1291 2725 ’
1318 2720 1498 2755 cernimus
1520 2721 1557 2754 in
1575 2721 1673 2755 fastis
1692 2719 1900 2760 Ovidianis,
1927 2725 1962 2752 et
1985 2718 2136 2764 antiquo
2151 2716 2321 2751 Romano
