2389 3037
78 134 153 169 373
747 124 884 160 xcvn.

72 218 309 264 ceptiones⁴⁸)
335 217 525 261 diligenter
551 225 787 260 accurateque
805 224 936 257 pueros
953 212 1080 244 adsue-

70 271 228 311 faciunt,
265 282 382 316 neque
417 269 510 302 enim
545 267 649 299 aliter
674 273 735 298 aut
760 272 855 298 recte
879 263 1080 307 intelligent

71 323 186 357 aliena
207 322 359 367 scripta,
389 327 450 354 aut
468 327 544 352 tuto
567 318 668 364 loqui
693 318 877 351 audebunt
903 316 980 360 ipsi.
1035 314 1081 347 Et

69 375 106 409 in
126 375 274 421 Syntaxi
300 372 514 418 praestatw)
541 371 703 415 exigere,
731 376 770 403 ut
795 381 870 402 non
895 369 1004 400 modo
1028 367 1080 398 di-

69 434 182 468 scant,
210 426 297 472 quid
314 424 433 471 ειη-59)
453 423 658 462 cohaereat,
683 423 743 456 sed
763 427 954 454 numerent
972 418 1078 451 etiam

70 479 197 513 ordine
223 477 420 515 vocabula,
455 489 547 522 quae
576 477 617 508 ad
644 475 835 518 perfectam
863 471 1078 506 sententiam

70 531 287 565 efferendam
309 529 558 575 requiruntur.
607 527 760 561 Orditur
780 525 995 558 sententiam
1016 535 1080 555 no-

68 583 285 622 minativus,
328 588 390 615 aut
424 582 521 626 quod
557 580 633 612 vice
660 576 878 611 nominativi
905 576 1080 620 fungitur,

67 633 165 669 hunc
196 634 361 679 proxime
386 635 549 679 sequitur
575 631 724 664 verbum
751 629 915 668 finitum,
950 628 1079 660 deinde

69 686 239 720 adiicitur
273 686 463 731 obliquus,
506 683 637 716 alicubi
663 688 697 715 et
723 681 916 721 adverbia,
958 687 992 713 et
1019 680 1079 712 ad-

68 745 194 772 texunt
210 750 316 782 saepe
334 738 436 782 plura
454 735 616 777 nomina,
646 733 946 778 praepositiones,
974 736 1079 776 saepe

69 797 132 824 aut
148 791 285 834 integra
307 795 485 822 commata
499 815 508 828 ,
532 794 593 821 aut
612 787 720 819 verba
740 785 878 829 singula
894 812 902 825 ,
929 785 1080 817 coniun-

68 842 216 876 ctiones.
277 841 382 874 Hunc
414 840 579 873 ordinem
609 840 803 872 verborum
837 838 874 870 in
904 837 1079 880 interpre-

67 894 179 927 tando
202 893 288 927 utile
315 899 367 926 est
391 905 408 924 a
438 892 558 937 pueris
585 891 745 935 exigere,
786 896 827 923 ut
852 890 1080 922 animadver-

65 952 166 986 tant,
201 951 290 991 quot
301 945 348 991 5¹)
374 957 478 978 voces
501 944 716 978 sententiam
744 942 952 981 absolvant,
990 953 1080 986 quo-

67 998 179 1031 modo
209 997 359 1041 singulis
392 996 602 1030 nominibus
632 994 772 1039 singula
798 994 906 1027 verba
931 1005 1080 1037 respon-

65 1052 188 1085 deant.
232 1049 301 1082 Sed
316 1047 380 1083 has
397 1061 511 1093 nugas
525 1049 677 1082 fortasse
697 1048 928 1092 paedagogus
950 1045 1081 1091 aliquis

66 1101 274 1141 fastidiens,
307 1113 363 1134 me
389 1101 543 1134 delirare
568 1099 789 1139 clamitabit,
817 1099 879 1144 qui
905 1096 998 1130 hanc
1023 1110 1080 1131 su-

65 1154 312 1200 perstitiosam
329 1153 552 1197 diligentiam
570 1152 742 1196 flagitem,
767 1150 980 1195 praesertim
999 1162 1078 1183 cum

67 1212 186 1241 sermo
211 1206 257 1240 sit
279 1205 448 1246 liberior,
482 1217 548 1238 nec
570 1202 781 1238 huiusmodi
803 1202 1078 1235 collocationem

67 1270 197 1291 vocum
226 1258 399 1303 requirat.
453 1255 530 1301 Ego
558 1268 645 1289 vero
670 1255 708 1288 in
735 1267 902 1289 sermone
934 1267 1008 1286 non
1026 1266 1080 1287 re-

69 1309 175 1355 quiro
195 1308 288 1342 hanc
305 1309 479 1354 puerilem
501 1315 740 1347 structuram,
769 1307 805 1339 in
824 1320 896 1352 quo
917 1313 1078 1340 veterum

68 1361 366 1395 consuetudinem
388 1361 523 1393 imitari
541 1359 758 1404 compositio
778 1360 895 1392 debet.
950 1358 1019 1392 Sed
1042 1358 1080 1390 in

67 1413 344 1458 interpretando
371 1425 499 1447 censeo
522 1411 689 1446 adiuvari
710 1412 854 1445 infirma
880 1423 1078 1456 puerorum

67 1465 234 1510 ingenia,
267 1464 296 1499 si
321 1466 367 1498 ad
390 1463 487 1498 hune
512 1466 683 1505 modum,
719 1477 826 1510 quem
852 1462 1081 1508 praescripsi,

69 1518 246 1552 vocabula
269 1517 452 1562 sigillatim
473 1523 744 1551 enumerentur.
798 1515 868 1549 Vix
887 1516 983 1548 enim
1003 1515 1080 1548 fieri

68 1576 200 1615 potest,
227 1576 266 1603 ut
283 1569 470 1614 pervideat
491 1581 580 1614 puer
597 1569 812 1603 sententiam
835 1568 1080 1613 longiusculae

68 1621 232 1667 periodi,
263 1622 332 1655 nisi
357 1622 455 1654 velut
480 1634 542 1666 per
564 1623 742 1655 scalarum
771 1622 923 1665 gradus,
952 1621 1079 1653 ordine

69 1686 134 1718 per
149 1673 307 1717 singulas
327 1680 446 1718 partes
464 1674 626 1718 periodi,
653 1675 696 1706 ad
717 1680 912 1706 extremam
934 1684 1080 1716 progre-

71 1726 203 1759 diatur.
230 1725 345 1769 Saepe
362 1725 398 1757 in
416 1726 581 1758 oratione
595 1723 888 1760 ἀνανταπόὸοτα
902 1726 1078 1769 quaedam

69 1777 327 1823 relinquuntur
344 1783 379 1809 et
397 1777 537 1817 mutila,
567 1790 658 1822 quae
675 1776 998 1821 deprehenduntur
1014 1774 1080 1809 hac

68 1829 211 1863 ratione
229 1829 410 1862 facillime.
444 1827 566 1877 [Virg.
586 1828 676 1863 Aen.
694 1828 721 1867 l,
744 1828 816 1863 109
833 1831 922 1874 sq.]:

141 1900 215 1922 Saxa
234 1900 334 1921 vocant
352 1897 433 1927 Itali,
453 1898 550 1921 mediis
571 1903 641 1927 quae
660 1897 685 1920 in
707 1898 836 1921 fluctibus
856 1904 932 1926 araS,

138 1942 255 1965 Dorsum
275 1941 394 1965 immane
412 1941 482 1964 inari
503 1947 618 1965 summo.

172 1993 319 2028 Rectius
338 1995 579 2038 intelligetur,
607 1994 637 2028 si
653 1992 722 2028 hoc
742 1996 851 2027 modo
870 2007 1081 2029 recensean-

69 2052 128 2080 tur
145 2046 307 2090 singulae
326 2053 445 2090 partes
461 2046 653 2080 orationis:
683 2060 775 2092 quae
792 2059 874 2080 saxa
895 2048 930 2080 in
954 2047 1081 2082 mediis

68 2098 254 2138 fluctibus,
282 2096 360 2131 Itali
387 2105 519 2131 vocant
543 2111 642 2139 aras,
680 2106 714 2132 et
739 2097 908 2132 cohaeret
937 2100 1080 2145 adposi-

69 2150 188 2190 tione,
218 2162 319 2190 aras,
355 2162 447 2195 quae
472 2157 555 2184 sunt
580 2151 728 2185 dorsum
754 2152 912 2185 immane
936 2165 1079 2186 summo

69 2202 184 2242 mari,
211 2202 247 2234 id
265 2209 336 2242 est,
359 2202 520 2235 eminent
538 2215 680 2236 summo
699 2204 804 2238 mari.

174 2254 266 2287 Sunt
291 2260 410 2287 autem
435 2254 555 2288 statim
583 2255 689 2288 etiam
711 2257 863 2290 docendi
884 2258 1010 2302 pueri,
1039 2271 1080 2292 ex

70 2305 200 2352 quibus
217 2306 380 2350 partibus
399 2306 536 2350 integra
561 2308 731 2352 periodus
750 2316 887 2344 constet
898 2310 965 2356 ⁵²),
994 2311 1077 2356 quia

71 2358 166 2391 enim
201 2358 380 2392 veteribus
415 2359 588 2402 placuisse
621 2360 784 2395 videmus
818 2363 1077 2396 sententiarum

71 2410 231 2443 membra
260 2408 481 2456 περιοδικῶς
505 2418 716 2452 contexere,
744 2426 819 2447 non
843 2421 893 2448 est
919 2428 956 2447 ea
985 2416 1078 2448 ratio

107 2548 156 2573 48)
176 2548 209 2571 ad
228 2549 453 2578 praeceptiones]
476 2550 522 2572 Ed.
544 2549 617 2573 1539.
638 2551 671 2573 ad
686 2552 898 2581 praeceptiones
915 2554 1080 2579 ediscendas

108 2591 156 2618 49)
176 2591 315 2624 praestat]
336 2593 383 2616 Ed.
406 2593 480 2617 1539.
502 2594 616 2622 prodest

107 2634 155 2661 50)
175 2632 234 2666 cur]
255 2636 294 2658 sic
314 2636 397 2659 Editt.
420 2637 505 2665 1526,
529 2637 619 2662 1539.:
647 2638 694 2661 Ed.
720 2639 792 2663 1529.
815 2640 857 2663 cui

107 2678 156 2705 51)
175 2680 255 2708 quot]
276 2679 323 2702 Ed.
345 2680 419 2706 1539.
438 2683 509 2711 quod

107 2721 155 2748 52)
176 2721 315 2754 constet.]
338 2723 377 2747 sic
397 2725 480 2748 Editt.
504 2725 589 2751 1526..
614 2726 703 2750 1539.;
726 2726 774 2748 Ed.
793 2727 866 2750 1529,
887 2731 1008 2757 constat,

939 122 1063 158 PHIL.
1093 121 1206 157 MEL.
1235 121 1325 157 SYN
1331 119 1483 155 TAXIS.

1104 215 1108 222 “
1134 221 1152 241 a
1178 209 1284 242 nobis
1312 209 1538 252 negligenda.

2067 118 2145 155 374

1592 207 1719 253 anue
1746 207 1935 251 diligentia
1961 218 2067 250 saepe
2098 208 2143 240 ad

1135 261 1275 305 copiam
1312 261 1488 294 sermonis
1519 260 1697 293 conducit.
1760 260 1850 294 Nam
1881 272 1960 292 cum
1993 259 2144 292 circum-

1134 312 1364 345 ductionibus
1390 312 1545 351 utimur,
1574 324 1679 356 saepe
1705 324 1847 345 causam
1873 311 2145 355 praeponimus,

1134 376 1239 408 saepe
1258 362 1461 397 antithesin
1488 363 1656 403 facimus,
1690 376 1795 408 saepe
1821 364 2145 408 comparationem,

1135 428 1227 460 quae
1261 423 1475 448 ornamenta
1508 417 1663 448 reddunt
1698 428 1900 448 sermonem
1926 416 2145 450 uberiorem.

1134 467 1191 501 Sic
1214 480 1254 500 ex
1265 467 1312 514 53)
1340 468 1613 511 comparatione
1630 468 1720 500 sacta
1747 474 1798 502 est
1816 467 1986 512 periodus
2008 480 2026 500 a
2047 467 2145 500 Cice-

1134 532 1223 552 rone
1242 532 1309 564 pro
1328 521 1437 551 domo
1456 532 1516 552 sua
1530 520 1582 564 [1,
1596 520 1661 564 1.]:
1693 519 1781 553 Cum
1795 521 1921 559 multa,
1938 519 2145 560 Pontifices,

1135 584 1153 604 a
1169 572 1367 605 maioribus
1384 572 1517 605 nostris
1535 572 1708 604 divinitus
1726 572 1871 605 inventa
1886 572 2145 617 atqueinstitu-

1135 630 1168 656 ta
1186 630 1282 663 sunt,
1311 631 1386 657 tum
1405 621 1497 656 nihil
1518 624 1749 668 praeclarius,
1779 637 1885 669 quam
1909 625 2005 669 quod
2024 636 2087 658 vos
2097 623 2145 672 54)

1135 677 1277 709 eosdem
1303 683 1337 709 et
1360 676 1596 719 religionibus
1618 674 1779 708 Deorum
1800 676 2083 717 immortalium,
2111 683 2146 710 et

1134 740 1297 761 summae
1322 727 1543 773 reipubIIcae
1563 739 1724 772 praeesse
1745 728 1949 762 voluerunt.
2003 728 2144 762 Deinde

1134 781 1264 813 adiecit
1283 793 1444 813 causam:
1473 780 1523 813 Ut
1540 780 1752 824 amplissimi
1772 780 1865 813 cives
1882 781 2144 825 rempublicam

1133 833 1224 865 bene
1251 834 1430 874 gerendo,
1462 833 1650 876 pontifices
1676 832 1869 876 religiones
1893 833 2074 876 sapienter
2092 833 2145 866 in-

1135 885 1390 929 terpretando,
1413 885 1675 929 rempublicam
1698 891 1965 918 conservarent.
2007 885 2065 918 Fit
2083 898 2145 919 au·

1135 943 1205 970 tem
1242 937 1413 980 periodus
1445 949 1487 970 ex
1514 937 1704 970 commatis
1731 944 1763 970 et
1791 937 1890 971 colis.
1954 937 2144 971 Commata

1135 988 1261 1022 Cicero
1289 995 1394 1022 vocat
1418 989 1551 1029 incisa,
1588 996 1670 1023 sunt
1691 989 1785 1022 enim
1813 989 2044 1033 imperfectae
2066 1002 2147 1023 ora-

1136 1041 1263 1074 tiones.
1317 1043 1431 1075 Κιΐλα
1450 1042 1610 1074 membra
1630 1048 1725 1082 sunt,
1755 1048 1789 1075 et
1808 1042 1846 1075 in
1866 1041 1973 1086 longa
1994 1043 2146 1076 circum-

1134 1093 1304 1127 ductione
1337 1094 1514 1137 perfectae
1548 1094 1729 1127 orationes
1744 1093 1807 1137 5⁵),
1851 1100 1891 1127 ut
1922 1096 2046 1129 κῶλον
2079 1102 2145 1128 est:

1135 1145 1224 1179 Cum
1245 1145 1370 1186 multa,
1389 1145 1594 1186 Pontifices,
1613 1158 1632 1179 a
1647 1146 1846 1180 maioribus
1862 1147 1996 1180 nostris
2015 1147 2147 1180 divini-

1133 1205 1190 1231 tus
1215 1198 1382 1237 inventa,
1412 1204 1519 1243 atque
1545 1198 1706 1232 instituta
1728 1205 1821 1232 sunt.
1875 1198 1983 1232 Aliud
2005 1200 2146 1234 κῶλονι

1134 1256 1210 1282 tuni
1238 1247 1331 1282 nihil
1354 1250 1594 1294 praeclarius,
1623 1264 1731 1296 quam
1752 1252 1849 1296 quod
1869 1264 1932 1284 vos
1951 1254 2095 1284 eosdem
2114 1258 2148 1285 et

1134 1301 1370 1346 religionibus
1396 1301 1557 1335 Deorum
1587 1303 1873 1342 immortalium,
1916 1310 1950 1336 et
1983 1316 2147 1338 summae

1133 1354 1353 1399 reipublicae
1379 1358 1542 1399 praeesse
1560 1355 1766 1389 voluerunt.
1822 1355 1987 1389 Tertium
2006 1358 2146 1391 κιῖλονῑ

1135 1413 1174 1440 ut
1207 1406 1421 1451 amplissimi
1464 1407 1558 1441 cives
1596 1407 1857 1452 rempublicam
1895 1408 1986 1441 bene
2020 1421 2146 1453 geren-

1135 1460 1200 1498 do,
1229 1459 1416 1503 pontifices
1434 1460 1625 1504 religiones
1651 1460 1834 1504 sapienter
1857 1460 2148 1506 interpretando,

1134 1511 1394 1556 rempublicam
1422 1519 1690 1546 conservarent.
1745 1512 1812 1546 Sed
1830 1519 1950 1557 partes
1970 1513 2146 1556 colorum,

1135 1570 1314 1596 commata
1342 1570 1444 1603 suut,
1473 1571 1528 1597 ut:
1557 1565 1701 1598 inventa
1734 1572 1842 1611 atque
1869 1565 2030 1601 Instituta
2052 1573 2146 1601 sunt.

1133 1615 1177 1649 Et
1197 1615 1432 1659 religionibus
1450 1615 1612 1650 Deorum
1631 1617 1907 1658 immortalium,
1933 1625 1967 1652 et
1982 1631 2146 1654 summae

1134 1668 1352 1712 reipublicae
1380 1680 1553 1712 praeesse.
1615 1669 1764 1703 Poterat
1789 1670 2002 1714 simpliciter
2028 1671 2145 1704 dicere

1135 1720 1280 1753 Cicero:
1324 1719 1423 1753 Bene
1449 1721 1651 1754 institutum
1679 1729 1749 1761 est,
1786 1729 1823 1754 ut
1849 1723 1957 1756 iidem
1972 1723 2018 1769 ⁵⁶)
2043 1736 2145 1768 prae-

1134 1773 1205 1806 sint
1228 1772 1464 1816 religionibus
1487 1780 1519 1806 et
1545 1786 1706 1806 summae
1736 1774 1976 1818 reipublicae;
2005 1777 2065 1809 sed
2089 1789 2145 1809 so-

1134 1837 1202 1858 nus
1236 1824 1412 1857 orationis
1447 1825 1593 1868 gravior
1627 1826 1684 1865 fit,
1721 1838 1799 1859 cum
1827 1828 1963 1861 accedit
1986 1828 2144 1869 collatio,

1134 1877 1219 1910 item
1244 1876 1283 1908 in
1304 1877 1392 1917 fine,
1422 1888 1539 1910 causa.

1238 1928 1409 1974 Sequitur
1434 1929 1470 1961 in
1494 1930 1620 1962 eadem
1640 1930 1804 1965 oratione
1824 1931 1892 1964 alia
1913 1932 2084 1977 periodus
2104 1945 2144 1965 ex

1135 1981 1327 2014 collatione
1362 1982 1473 2014 sacta:
1519 1982 1626 2027 Quod
1662 1982 1690 2016 si
1720 1983 1794 2016 ullo
1824 1990 1986 2029 tempore
2013 1997 2143 2029 magna

1135 2045 1238 2066 causa
1271 2033 1308 2066 in
1339 2034 1566 2067 sacerdotum
1601 2035 1725 2080 populi
1748 2035 1907 2069 Romani
1939 2037 2073 2071 iudicio
2105 2049 2145 2069 ac

1135 2092 1310 2130 potestate
1327 2092 1465 2120 versata
1486 2093 1555 2125 est;
1584 2087 1619 2120 id
1640 2094 1690 2121 est
1709 2087 1866 2132 primum
1885 2091 2025 2128 καῗλον;
2055 2086 2143 2122 haec

1135 2138 1296 2183 profecto
1319 2145 1417 2171 tanta
1445 2146 1516 2179 est,
1545 2146 1585 2173 ut
1601 2140 1718 2174 onmis
1739 2140 1958 2186 reipublicae
1975 2143 2145 2188 dignitas,

1135 2190 1299 2224 omnium
1320 2191 1449 2225 civium
1471 2192 1587 2234 salus,
1616 2194 1709 2234 vita,
1738 2193 1902 2239 libertas,
1933 2208 2036 2241 arae,
2062 2196 2145 2236 soci,

1134 2243 1184 2277 dii
1210 2251 1378 2289 penates,
1418 2245 1534 2288 bona,
1569 2248 1757 2290 fortunae,
1793 2252 1974 2287 domicilia
2006 2261 2143 2289 vestrae

1132 2296 1353 2341 sapientiae,
1380 2298 1481 2339 fidei,
1510 2303 1750 2349 potestatique
1777 2306 1965 2340 commissa
1990 2308 2142 2341 credita-

1135 2362 1203 2394 que
1240 2362 1312 2383 esse
1348 2350 1551 2386 videantur.
1616 2353 1652 2387 ld
1689 2358 1884 2390 secundum
1920 2361 2044 2394 κῶλον
2079 2367 2141 2394 est.

1133 2399 1322 2446 Κόμματα
1373 2410 1473 2437 sunt:
1540 2407 1656 2440 omnis
1706 2408 1924 2452 reipublicae
1972 2412 2141 2456 dignitas,

1134 2454 1296 2487 omnium
1321 2454 1452 2488 civium
1479 2457 1595 2499 salus,
1625 2459 1717 2500 vita,
1749 2460 1893 2496 libertas
1917 2469 1983 2498 etc.

1167 2565 1216 2592 5³)
1236 2567 1284 2595 ex]
1304 2567 1337 2589 ab
1357 2567 1406 2590 Ed.
1430 2567 1504 2591 ¹539.
1524 2570 1610 2592 abest.

1166 2609 1214 2636 5⁸]
1236 2611 1302 2638 vos]
1324 2611 1365 2633 sic
1385 2611 1469 2635 Editt.
1491 2612 1577 2641 1526,
1601 2614 1691 2644 1539.;
1722 2616 1769 2639 Ed.
1792 2618 1865 2641 1529.
1886 2625 1935 2641 nos

1167 2653 1219 2710 551)⁴
1237 2653 1377 2691 perfectae
1402 2655 1544 2679 orationes
1554 2654 1575 2688 ,J
1610 2657 1659 2681 Ed.
1693 2658 1766 2684 1539.
1793 2665 1880 2689 paene
1906 2660 2045 2689 perfectae
2069 2667 2137 2686 ora-

1214 2693 1292 2711 lontS.

1165 2731 1214 2758 56)
1235 2730 1328 2763 iidem]
1351 2733 1399 2756 Ed.
1423 2733 1497 2758 1539.
1518 2734 1587 2758 idem

1619 2821 1703 2856 24*
