2389 3037
77 137 152 173 577
726 136 881 172 XCVIII.
930 137 1054 172 PHIL.
1083 136 1198 173 MEL.
1226 137 1482 174 PROSODIA.
2059 142 2134 177 378

160 223 342 252 Secunda
371 230 477 251 aetas
508 222 735 261 comprehendit
757 224 912 253 Editiones
935 234 952 253 a
975 223 1139 260 Micyllo
1171 229 1312 262 mutatas,
1347 226 1469 254 tertia
1499 226 1589 255 Editt.
1615 226 1846 265 camerarii,
1881 234 2015 266 quarta
2040 228 2134 259 Editt.

73 267 205 304 Fabri,
242 268 378 305 quinta
406 267 498 295 Editt.
524 266 736 303 Schmidii,
773 277 845 306 quas
868 276 971 296 omnes
995 275 1086 304 supra
1107 275 1140 304 p.
1156 266 1218 296 199
1232 277 1296 306 sqq.
1321 275 1350 297 et
1373 266 1438 298 343
1453 279 1495 307 sq,
1520 271 1665 299 recensui.
1717 271 1843 300 Praeter
1866 271 1917 299 has
1941 272 2046 299 iterum
2070 279 2136 299 me-

73 310 214 339 moranda
237 315 281 338 est
304 309 379 338 haec
401 310 569 347 Syntaxeos
591 310 647 338 Ed.
671 320 702 348 p.
717 309 781 339 345
796 322 840 349 sq.
865 311 1031 348 descripta:

204 368 374 442 δμὶιζιαῖἰε
409 379 430 398 α
464 368 546 400 Phil.
576 368 658 400 Mel.
687 370 767 401 olim
803 371 1011 409 conscripta.
1041 376 1099 401 etc.
1166 367 1445 410 Francofordiae
1474 368 1718 402 Marchz‘onum
1751 369 1943 402 excutiebat
1972 371 2134 402 Andreas

281 415 311 442 ic
334 422 407 442 orn.
431 424 455 444 s.
470 423 496 442 a.
520 414 551 443 8.
576 415 648 444 min.

156 472 310 506 Quantum
341 474 414 502 haec
442 474 584 503 Prosodia
614 476 650 503 ab
683 475 746 513 ipso
774 474 900 502 Melan
912 472 1028 501 thone
1057 473 1087 501 in
1116 472 1211 503 Editt.
1232 474 1367 513 primae
1396 474 1538 513 aetatis,
1576 482 1780 515 quantumque
1809 477 1845 504 ab
1876 478 1910 505 iis
1934 478 2003 506 viris
2026 477 2131 514 doctis,

71 525 196 555 quorum
218 526 288 546 cura
309 518 491 556 posteriores
514 517 606 547 Editt.
630 519 821 556 prodierunt,
852 520 1033 554 pertractata
1058 517 1112 554 sit,
1142 517 1198 544 iam
1222 527 1260 546 ex
1285 527 1319 545 eo
1342 518 1539 556 intelligitur,
1569 519 1646 558 qnod
1671 528 1709 547 ex
1733 520 1790 548 illis
1816 519 1856 549 16
1880 521 1970 549 Editt.
1997 521 2131 559 primae

71 560 197 588 aetatis
227 561 255 588 in
285 560 342 589 Ed.
360 559 389 589 1.
412 561 515 589 decem
547 571 636 599 pagg.
659 561 780 599 explet,
817 560 845 588 in
876 559 931 588 Ed.
954 558 984 587 6.
1016 561 1168 597 recognita
1197 561 1419 599 quatuordecim
1449 567 1479 589 et
1509 561 1676 600 dimidiam,
1712 563 1740 590 in
1765 564 1820 592 Ed.
1847 562 1897 593 14.
1920 564 2077 593 emendata
2101 569 2131 592 et

69 607 157 633 aucta
178 609 268 642 atque
291 604 320 631 in
344 603 401 632 Ed.
420 603 472 634 16.
496 604 699 642 duodeviginti
722 613 826 642 pagg„
851 602 1049 641 (totidemque
1072 603 1101 630 in
1126 603 1194 641 Ed„
1217 613 1293 643 quae
1316 603 1454 632 Francos.
1471 604 1674 633 Marchionum
1699 616 1721 634 s.
1737 616 1764 635 a.
1789 606 1930 645 prodiit);
1961 608 1990 635 in
2014 615 2133 635 secun-

70 644 136 675 dae
157 647 283 675 aetatis
305 647 362 676 Ed.
386 648 517 676 Norimb.
542 646 635 676 1542.
665 646 748 686 (vide
771 656 801 685 p.
820 645 882 675 199
898 644 958 683 sq.)
990 644 1033 675 28
1056 655 1163 685 pagg.;
1201 649 1229 676 in
1259 648 1384 676 tertiae
1414 649 1538 676 aetatis
1568 649 1621 677 Ed.
1643 649 1722 686 Lips.
1749 648 1844 679 1550.
1875 650 1917 689 (v.
1939 661 1969 689 p.
1988 649 2049 679 201
2072 648 2132 688 sq.)

69 687 166 729 36¹s2
183 699 290 729 pagg.;
323 691 351 718 in
376 694 520 728 quartae
542 691 664 719 aetatis
687 689 741 718 Ed.
758 690 869 718 Witeb.
896 688 992 718 1602.
1018 690 1060 725 (v.
1082 698 1112 727 p.
1128 689 1192 719 215
1208 690 1268 730 sq.)
1296 688 1340 720 36
1355 700 1463 729 pagg.;
1492 692 1520 719 iu
1540 694 1661 730 quinta
1684 694 1807 722 aetatis
1831 693 1887 722 Ed.
1903 694 2012 723 Witeb.
2038 692 2133 723 1621.

71 732 113 773 (v.
134 743 163 772 p.
178 733 244 763 215
257 732 318 772 sq.)
349 733 392 763 73
412 743 501 772 pagg.
525 733 764 771 comprehendit.
924 752 931 756 -

155 794 276 830 Restat,
306 800 338 822 ut
362 794 492 822 breviter
515 793 605 821 etiam
630 793 668 821 de
692 793 994 821 Commentariis
1018 797 1107 830 atque
1131 794 1376 834 Compendiis
1401 795 1591 825 disseramus,

156 853 204 882 Ex
230 855 362 892 quinque
387 851 661 888 Commentariis,
700 862 824 890 quorum
848 858 909 881 tres
934 862 1024 890 supra
1052 863 1083 890 p.
1096 851 1161 882 218
1180 863 1222 891 sq.
1246 850 1444 883 223-228.
1468 860 1498 882 et
1522 854 1594 882 duos
1618 854 1690 882 alios
1714 864 1744 893 p.
1759 853 1825 884 345
1843 864 1886 892 sq.
1910 855 2063 892 recensui,
2098 853 2136 882 ad

68 896 236 925 Prosodiam
261 897 413 936 pertinent
436 903 548 925 tantum
571 896 615 924 illi
639 902 698 924 tres
721 896 854 933 priores,
885 905 1015 934 nempe:

78 982 81 983 ⁷
114 956 145 987 1.
177 957 303 986 Lucae
333 957 460 985 Lossii
492 957 738 985 Annotate'ones
768 957 804 984 in
829 953 1094 985 Grammaticam
1120 953 1208 984 Phil.
1234 953 1336 994 Mel„
1372 957 1485 996 quippe
1516 957 1544 985 in
1575 959 1681 997 quibus
1704 958 1742 987 de
1765 960 1842 987 vitiis
1866 967 1972 986 novem
1997 958 2025 985 in
2049 966 2135 986 versu

243 1001 447 1038 componendo
471 1001 596 1028 vitandis
619 999 734 1028 Tabula
755 999 796 1028 10.
819 1000 984 1028 Murmellii
1009 999 1168 1028 exhibetur
1192 998 1223 1037 (l
1237 999 1280 1039 1χῖ
1303 1010 1390 1039 pagg.
1413 1023 1420 1030 .

112 1058 144 1090 2.
177 1061 360 1098 anonymi
392 1061 586 1088 cuiusdam
619 1058 854 1089 Grammatico
888 1057 976 1089 Phil.
1001 1058 1082 1088 Mel.
1113 1067 1177 1095 per
1208 1060 1419 1097 quaestiones
1449 1059 1486 1087 in
1517 1058 1603 1088 duas
1634 1065 1751 1098 partes
1781 1056 1982 1098 distributa,
2022 1061 2050 1088 in
2081 1069 2139 1099 qua

243 1104 333 1132 etiam
354 1103 496 1132 Prosodia
518 1113 583 1132 cum
607 1103 723 1131 scholiis
746 1104 896 1132 invenitur
919 1102 978 1143 (38
1001 1100 1139 1141 pagg.).g

112 1161 144 1195 3.
176 1164 328 1193 Erasmi
349 1164 537 1193 Schmidii
559 1161 836 1203 Hypomnemata
859 1164 905 1193 ad
929 1163 1199 1195 Grammaticam
1222 1160 1311 1191 Phil.
1338 1159 1437 1199 Mel„
1469 1164 1498 1191 in
1522 1164 1627 1202 quibus
1648 1164 1787 1193 Prosodia
1810 1162 1854 1194 52
1877 1173 1965 1202 pagg.
1990 1169 2020 1192 et
2042 1162 2134 1192 Abaci

244 1208 392 1246 prosodici
415 1207 574 1245 explicatio
596 1207 617 1236 4
640 1217 729 1246 pagg.
754 1209 781 1235 in
806 1217 909 1236 eorum
932 1209 1029 1247 prima
1053 1207 1109 1235 Ed.
1134 1205 1260 1244 (witeb.
1285 1205 1393 1245 1621.)
1418 1207 1554 1245 explent.

156 1266 203 1295 Ex
219 1264 444 1306 CompendiiS,
469 1276 558 1305 supra
582 1277 612 1305 p.
627 1266 693 1296 227
707 1277 773 1306 sqq.
796 1273 826 1296 et
842 1277 872 1306 p.
888 1266 953 1297 345
968 1278 1012 1307 sq.
1028 1266 1134 1302 allatis,
1158 1275 1235 1303 quae
1258 1267 1422 1294 accuratius
1446 1267 1621 1305 inspiciendi
1645 1268 1756 1296 occasio
1780 1267 1851 1296 mihi
1873 1267 1941 1296 data
1963 1273 2025 1303 est,
2047 1267 2138 1295 Pros-

69 1309 166 1338 odiam
189 1311 343 1339 continent
364 1311 492 1339 haecce:

115 1369 143 1401 1.
176 1371 300 1399 Lucae
326 1371 468 1399 Lossii:
511 1366 746 1399 Grammatica
778 1369 865 1401 Phil.
887 1369 968 1401 Mel.
992 1372 1029 1399 in
1059 1366 1175 1399 breves
1198 1370 1486 1407 interrogationes
1510 1375 1705 1408 contracta,
1740 1371 1770 1398 in
1793 1380 1852 1409 qua
1874 1367 2017 1399 Prosodia
2039 1369 2080 1399 24
2091 1369 2136 1409 ¹]ss

244 1423 334 1452 pagg.
357 1413 584 1452 comprehendit
607 1415 688 1453 (vide
712 1424 740 1452 p.
759 1413 821 1444 231
840 1415 912 1453 sq.).

111 1473 143 1505 2.
176 1474 380 1504 Michaelis
403 1475 507 1504 Nean
519 1475 578 1503 dri
603 1472 836 1505 Grammatico
865 1475 941 1504 Lat.
956 1473 1042 1504 Phil.
1057 1473 1158 1510 Mel„
1181 1475 1209 1502 in
1234 1483 1290 1512 qua
1313 1473 1454 1502 Prosodia
1477 1472 1521 1504 20
1535 1483 1624 1512 pagg.
1649 1474 1856 1512 complectitur
1881 1472 1925 1513 (v.
1940 1484 1968 1512 p.
1985 1471 2051 1503 233
2065 1474 2132 1512 sq.).

111 1534 142 1566 3.
176 1536 391 1574 compendium
417 1533 646 1565 Saronicum.-
680 1533 901 1574 Quaestz'ones
926 1533 1177 1566 Grammaticae
1200 1518 1247 1563 ea3
1270 1532 1359 1563 Phil.
1384 1531 1471 1564 Mel.
1493 1550 1537 1556 —
1558 1533 1735 1570 collectae,
1765 1540 1822 1564 etc.
1852 1534 1880 1562 iu
1912 1544 1969 1572 quo
1992 1534 2134 1563 Prosodia

239 1578 284 1609 25
306 1589 396 1619 pagg.
420 1580 523 1618 explet
553 1579 595 1619 (v.
618 1590 649 1618 p.
663 1578 887 1618 233—236.).

111 1638 142 1669 4.
177 1639 394 1678 Compendium
406 1636 708 1679 Norimbergense,
738 1640 819 1680 quod
842 1651 895 1679 pro
918 1640 1020 1679 pueris
1045 1640 1149 1668 brevia
1172 1640 1326 1677 prosodiae
1350 1644 1510 1678 praecepta
1533 1649 1597 1667 cum
1622 1640 1761 1668 examine
1785 1648 1924 1668 versuum
1947 1639 2056 1678 puerili
2079 1648 2136 1667 ex-

242 1683 325 1712 hibet
349 1684 391 1722 (v.
416 1693 446 1722 p.
461 1682 527 1713 235
541 1684 610 1722 sq.).

111 1741 141 1771 5.
173 1743 321 1772 Erasini
351 1743 538 1772 Schmidii
571 1742 810 1782 Compendium
840 1753 888 1772 ex·
912 1740 1144 1773 Grammatica
1168 1741 1246 1772 Lat.
1272 1740 1361 1772 Phil.
1385 1741 1484 1778 Mel„
1521 1743 1550 1770 in
1580 1752 1637 1780 quo
1661 1743 1801 1772 Prosodia
1823 1741 1866 1772 23
1887 1752 1974 1782 pagg.
2000 1745 2132 1782 comple-

244 1787 332 1815 ctitur
356 1786 399 1827 (v.
425 1798 455 1826 p.
469 1785 535 1816 235
550 1788 642 1826 sqq.).

154 1847 202 1877 Ex
230 1846 289 1876 illis
319 1849 401 1877 libris
423 1858 513 1886 supra
536 1858 566 1886 p.
583 1847 782 1878 239-24-1.
807 1849 949 1883 laudatis,
985 1859 1057 1888 quos
1081 1848 1274 1886 Melanthon,
1304 1855 1334 1876 nt
1367 1848 1525 1876 lectoribus
1556 1847 1796 1886 commendaret,
1823 1847 2055 1886 praefationibus
2086 1848 2132 1876 in-

67 1892 192 1926 struxit,
221 1890 260 1920 ad
283 1892 450 1930 prosodiam
474 1898 589 1930 spectat
613 1892 712 1920 hicce:

155 1948 210 1980 De
233 1959 271 1979 re
294 1952 435 1979 metrica
458 1947 541 1979 libre·
561 1955 632 1979 tres
656 1949 730 1980 Iac.
754 1949 890 1991 Micyllz·
912 1958 970 1981 etc.
993 1952 1076 1989 (vide
1100 1962 1130 1990 p.
1145 1950 1209 1981 243
1223 1951 1293 1990 sq.).

156 2013 199 2040 Ab
222 2011 270 2040 his
293 2010 517 2051 Prolegomenis
540 2013 749 2051 progredimur
771 2013 809 2041 ad
832 2013 1000 2041 Prosodiain
1027 2013 1226 2041 Melanthonis
1249 2011 1413 2048 edendam,
1450 2013 1580 2050 qualis
1611 2013 1653 2040 ab
1682 2013 1765 2050 ipso
1795 2020 1956 2042 auctore
1980 2013 2132 2051 scripta

69 2061 106 2086 et
132 2056 338 2094 recognita
362 2063 429 2086 est.
481 2056 527 2084 Ex
550 2056 608 2084 illis
634 2055 674 2085 16
697 2057 789 2085 Editt.
814 2066 902 2094 supra
927 2057 1121 2092 enumeratis,
1152 2065 1224 2094 quas
1247 2056 1360 2093 prima
1384 2060 1477 2083 aetas
1503 2056 1726 2093 complectitur,
1757 2056 1843 2084 hasce
1866 2061 1992 2094 quatuor
2014 2057 2042 2084 in
2067 2066 2131 2084 ma-

68 2102 154 2130 nibus
177 2100 285 2129 habeo:
331 2099 365 2139 1)
389 2097 560 2140 Syntaxis
584 2096 670 2128 Mel.
691 2097 886 2138 Haganoae
910 2098 1005 2129 1526.
1034 2099 1066 2129 8.
1111 2098 1146 2137 2)
1171 2097 1342 2138 Syntaxis
1366 2096 1451 2128 Mel.
1478 2095 1520 2126 ab
1544 2096 1686 2127 authore
1708 2108 1819 2137 nuper
1842 2100 2028 2136 recognita.
2062 2098 2132 2128 No-

67 2141 261 2182 rimbergae
286 2142 381 2173 1529.
411 2144 443 2173 8.
488 2141 523 2180 3)
550 2140 718 2183 Syneon-is
735 2142 815 2173 Mel.
839 2143 1014 2172 emendata
1037 2147 1071 2171 et
1094 2147 1199 2171 aucta
1223 2140 1266 2171 ab
1289 2147 1418 2171 autore.
1466 2141 1606 2180 Lipsiae
1628 2141 1719 2172 1539.
1749 2143 1779 2173 8.
1825 2142 1858 2181 4)
1882 2141 2129 2172 Grammaticos

69 2185 151 2217 Lat.
173 2187 335 2216 elementa
360 2194 418 2216 etc.
467 2183 644 2224 Tubz‘ngae
669 2186 764 2216 1546.
793 2186 824 2217 8.
840 2188 880 2225 *),
905 2198 977 2226 quas
1002 2187 1072 2215 solis
1095 2196 1239 2215 annorum
1264 2187 1393 2214 numeris
1415 2186 1546 2223 signabo.

158 2250 240 2278 Haec
263 2259 338 2277 nova
360 2249 457 2277 Editio
481 2250 608 2286 repetita
631 2256 675 2278 est
699 2258 737 2277 ex
762 2246 920 2277 Editione
943 2245 1228 2284 Norimbergcnsz·
1248 2247 1334 2275 anni
1359 2245 1450 2276 1529.
1474 2243 1516 2274 ab
1540 2247 1613 2285 ipso
1637 2250 1776 2276 auctore
1800 2247 1996 2285 recognita,
2019 2247 2129 2276 adscri-

69 2299 121 2332 pta
147 2294 226 2321 varia
248 2293 375 2321 lectione
399 2294 487 2321 trium
510 2292 679 2321 Editionum
704 2291 808 2330 1526,
834 2290 927 2321 1539.
953 2298 983 2321 et
1008 2290 1103 2321 1546.

105 2438 137 2467 *J
157 2439 274 2463 Praeter
293 2440 343 2462 has
365 2439 471 2469 quidem
492 2438 574 2462 etiam
595 2438 717 2469 quintam
735 2439 837 2463 habeo:
870 2439 1083 2464 Grammacices
1106 2437 1234 2462 Latinae
1253 2438 1392 2461 elementa
1412 2439 1464 2461 etc.
1485 2437 1606 2467 Lipsiae
1629 2437 1660 2461 in
1687 2436 1764 2468 offic.
1785 2438 1842 2468 typ.
1864 2437 1928 2462 Nic.
1950 2437 2044 2462 Fabri
2063 2444 2086 2462 s.
2104 2443 2129 2461 a.

139 2474 184 2504 3.;
212 2476 241 2498 at
261 2475 288 2498 iu
308 2480 368 2498 meo
389 2474 513 2504 exemplo
534 2480 588 2497 non
608 2475 714 2498 tantum
732 2476 895 2505 syntaxeos
916 2476 1039 2498 extrema
1060 2479 1144 2503 para,
1171 2473 1219 2496 sed
1239 2472 1321 2496 ctiam
1343 2473 1451 2503 integra
1471 2472 1607 2496 Prosodia
1628 2473 1754 2496 exscisso.
1775 2475 1826 2496 est.
