2389 3037
83 105 158 143 405
754 104 875 139 XCIX.
929 103 1201 140 ELEMENTA
1237 105 1383 139 PUEffl
1391 107 1400 138 1
1408 106 1478 142 ,ΙΑ.
2075 110 2151 145 406

1139 191 1310 224 lescentia
1337 194 1483 238 quidem
1508 195 1722 229 modestiam
1738 222 1746 236 ,
1788 196 1825 228 in
1851 203 2034 231 senectute
2061 210 2146 231 vero

1140 242 1369 287 sapientiam.

1166 329 1378 364 Eiusdem
1410 343 1460 364 ex
1489 333 1697 382 Ausonio
1727 331 1783 381 [p.
1804 335 1888 369 118.
1911 333 1978 370 Ed.
1995 334 2121 384 Scal.]‚

1473 384 1632 417 carmine
1661 382 1819 420 heromo,

82 195 188 233 tales,
232 191 390 226 honores
414 199 533 226 autem
558 191 794 225 immortales.
860 191 997 224 Amicis
1025 192 1085 223 ad-

81 257 181 279 versa
197 245 340 278 fortuna
359 245 540 278 utentibus
556 243 650 276 idem
670 250 757 277 esto.
792 242 949 277 Lucrum
968 250 1086 286 turpe,

79 309 136 331 res
162 297 328 341 pessima.
393 295 577 341 Quicquid
602 295 815 339 promiseris
838 295 958 329 facito.
1028 293 1085 327 In-

78 349 279 383 fortunium
317 355 417 382 tuum
456 348 590 387 celato,
644 360 689 380 ne
725 347 910 392 voluptate
952 346 1085 379 afficias

79 400 257 435 inimicos.
324 399 479 434 Veritati
505 397 712 433 adhaereto.
779 402 853 443 Age
878 411 969 444 quae
992 398 1082 431 iusta

79 459 172 486 sunt.
251 451 472 485 Violentiam
512 452 643 485 oderis.
719 450 949 495 Principibus
987 451 1084 483 cede.
1110 421 1113 497 Ι
1139 450 1329 496 Quaenam
1355 464 1497 485 summa
1519 452 1633 486 boni?
1669 466 1769 488 mens
1795 467 1886 500 quae
1910 457 1978 490 sihi
2003 459 2144 492 conscia

76 503 265 548 Voluptati
284 504 435 548 impera.
489 504 521 536 A
538 503 773 537 iureiurando
798 502 948 536 abstine.
1004 501 1084 535 Pie-
1108 499 1113 561 l
1770 507 1870 541 recti.

77 562 187 589 tatem
213 563 363 590 sectare.
417 555 583 589 Laudato
609 553 773 588 honesta.
826 555 858 586 A
885 553 981 587 vitiis
1005 556 1083 587 abs·
1139 554 1320 588 Pernicies
1337 552 1477 588 homini
1498 568 1590 601 quae
1606 558 1788 591 maxima?
1807 560 1903 593 solus
1917 558 2027 595 homo
2043 563 2144 597 alter.

73 607 160 641 tine.
215 607 438 642 Beneficium
464 608 633 652 repende.
687 606 916 650 Supplicibus
944 605 1082 639 miseri·
1139 606 1229 651 Quis
1247 606 1371 640 dives}>
1390 608 1450 653 qui
1469 608 1521 640 nil
1539 609 1670 653 cupiat.
1707 610 1796 655 Quis
1815 612 1978 656 pauper?
2003 626 2145 650 avarus.

77 672 156 694 cors
182 666 269 694 esto.
339 660 491 694 Liberos
515 659 674 693 institue.
743 658 955 703 Sapientum
982 665 1083 692 utere
1138 658 1240 704 Quae
1261 660 1327 693 dos
1347 660 1525 694 matronis
1544 658 1816 705 pulcherrima?
1846 664 1916 697 vita
1938 667 2080 709 pudica.

73 698 349 746 consuetudine.
410 711 530 745 Litem
557 710 690 744 oderis.
750 709 875 745 Bonos
902 711 939 743 in
964 710 1082 754 pretio
1138 710 1241 756 Quae
1259 718 1353 745 casta
1375 711 1452 745 est?
1481 713 1524 745 de
1545 725 1615 759 qua
1635 714 1730 746 fama
1755 716 1900 748 mentiri
1922 725 2077 754 veretur.

73 760 219 798 habeto.
273 764 370 797 Audi
396 775 489 809 quae
512 764 557 796 ad
586 768 619 796 te
642 762 838 807 pertinent.
899 762 1081 796 Probrum
1108 762 1111 774 ¹
1137 762 1245 808 Quod
1266 764 1455 808 prudentis
1474 764 1589 809 opus?
1626 778 1705 799 cum
1727 767 1858 810 possit,
1887 769 1982 803 nolle
2001 783 2143 808 nocere.

72 815 200 859 fugito.
255 816 447 860 Responde
472 815 510 847 iu
535 822 711 859 tempore.
765 814 816 847 Ea
835 814 963 854 facito,
992 826 1082 860 quo—
1137 815 1234 860 Quid
1253 816 1351 849 stulti
1369 816 1587 860 proprium?
1613 830 1688 851 non
1706 830 1810 862 posse
1830 826 1863 852 et
1882 821 1971 855 velle
1988 834 2130 860 nocere.

72 878 152 900 rum
171 879 246 900 non
263 868 377 912 possit
395 866 594 912 poenitere.
629 867 681 901 Ne
701 866 757 899 cui
776 867 950 900 invideas.
987 866 1082 899 Ocu·
1107 905 1109 911 Ι

71 918 115 952 lis
134 919 339 953 moderare.
394 919 503 965 Quod
522 920 654 953 iustum
675 925 744 958 est,
771 918 926 952 imitare.
981 917 1080 951 Bene
1106 920 1109 946 Ῑ

71 971 222 1004 meritos
238 969 394 1005 honora.
449 971 537 1015 Spes
553 971 646 1004 fove.
702 970 930 1004 Calumniam
949 970 1079 1004 oderis.
1239 971 1342 1016 Quae
1359 972 1518 1005 facturus
1535 984 1588 1012 es,
1619 986 1664 1006 ne
1684 975 1922 1019 praedixeris,
1949 979 2142 1016 frustratus

70 1022 236 1056 Affabilis
271 1030 358 1058 esto.
428 1023 518 1056 Cum
549 1022 701 1062 erraris,
746 1029 844 1056 muta
876 1023 1079 1056 consilium.
1135 1022 1230 1055 enim
1249 1023 1438 1057 videberis.
1495 1023 1708 1069 Depositum
1728 1028 1851 1062 redde.
1905 1031 2142 1067 Afamiliari-

69 1073 259 1108 Diutinam
280 1074 477 1108 amicitiam
497 1074 648 1109 custodi.
703 1074 884 1108 Omnibus
906 1081 940 1108 te
960 1075 1076 1119 ipsum
1105 1116 1107 1122 Ι
1133 1075 1198 1108 bus
1233 1075 1271 1107 in
1303 1075 1452 1110 minutis
1484 1077 1589 1110 rebus
1624 1078 1740 1112 laesus
1769 1080 1874 1115 feras.
1940 1083 2068 1118 Amico
2096 1098 2140 1120 ne

68 1127 215 1170 praebe.
270 1126 512 1161 Concordiam
536 1133 683 1161 sectare.
745 1126 981 1171 Magistratus
1006 1139 1079 1160 me·
1105 1129 1107 1158 ἐ
1134 1126 1374 1161 maledixeris.
1422 1126 1611 1162 Inimicum
1630 1142 1675 1163 ne
1695 1138 1797 1175 putes
1814 1133 1982 1169 amicum.
2026 1137 2140 1171 Uxori

69 1184 141 1212 tue.
196 1178 250 1213 Ne
270 1179 434 1225 loquaris
452 1180 497 1212 ad
518 1179 685 1224 gratiam.
739 1179 793 1214 Ne
821 1179 979 1223 tempori
1005 1191 1079 1212 cre·
1104 1192 1107 1222 ς
1133 1179 1335 1213 dominare.
1407 1179 1510 1225 Quae
1542 1181 1666 1215 feceris
1696 1185 1927 1227 parentibus,
1970 1189 2094 1223 eadem
2120 1203 2138 1224 a

69 1229 216 1264 dideris.
272 1231 325 1263 Te
344 1231 461 1275 ipsum
481 1243 525 1264 ne
542 1230 714 1275 negligas.
769 1230 956 1264 Seniorem
978 1243 1078 1264 reve·
1131 1230 1253 1265 liberis
1271 1239 1429 1276 expecta.
1470 1232 1681 1268 Desidiosus
1697 1247 1741 1268 ne
1761 1242 1847 1271 esto.
1889 1236 1988 1272 Inter
2006 1242 2141 1278 amicos

70 1293 162 1314 rere.
217 1281 374 1315 Mortem
395 1289 525 1326 oppete
542 1294 608 1326 pro
633 1283 764 1327 patria.
817 1282 871 1316 Ne
889 1283 1016 1328 quavis
1035 1284 1077 1316 de
1132 1295 1176 1316 ne
1202 1283 1312 1317 fueris
1336 1284 1455 1318 iudex.
1518 1285 1571 1319 Ne
1602 1288 1780 1322 contende
1807 1301 1886 1323 cum
1918 1293 2141 1336 parentibus,

69 1345 107 1366 re
132 1333 266 1367 doleas.
323 1333 375 1367 Ex
407 1333 572 1378 ingenuis
602 1334 735 1367 liberos
768 1346 861 1368 crea.
924 1334 1076 1379 Sperato
1102 1340 1106 1356 ¹
1132 1335 1239 1367 etiam
1260 1336 1287 1369 si
1305 1335 1396 1370 iusta
1416 1337 1559 1371 dixeris.
1599 1338 1653 1372 Ne
1670 1351 1771 1383 geras
1788 1341 1995 1386 imperium,
2023 1346 2138 1390 prius-

68 1391 242 1430 tanquam
261 1385 437 1419 mortalis.
489 1385 636 1419 Parcito
653 1391 826 1431 tanquam
846 1386 1076 1421 immortalis.
1132 1399 1240 1432 quam
1256 1400 1383 1432 parere
1401 1388 1581 1424 didiceris.
1623 1388 1892 1426 Infortunatum
1911 1407 1955 1428 ne
1972 1396 2138 1434 irriseris.

67 1436 120 1470 Ne
141 1436 302 1471 efferaris
330 1436 457 1481 gloria.
519 1438 702 1471 Arcanum
730 1438 816 1472 cela.
879 1437 972 1472 Cede
1000 1451 1076 1472 ma·
1130 1438 1183 1473 Ne
1209 1440 1331 1484 lingua
1359 1449 1587 1485 praecurrat»
1601 1450 1771 1478 mentem.
1827 1445 1928 1491 Quae
1960 1449 2035 1482 fieri
2063 1463 2137 1485 non

67 1488 158 1533 gnis.
211 1487 537 1534 Opportunitatem
562 1496 763 1534 expectato.
818 1489 989 1524 Mortalia
1018 1504 1075 1525 co·
1131 1499 1302 1535 possunt,
1332 1504 1416 1525 cave
1435 1494 1680 1538 concupiscas.
1736 1495 1789 1530 Ne
1816 1497 1997 1534 festinaris
2025 1502 2138 1549 loqui.

66 1540 150 1584 gita.
204 1539 354 1586 Largire
373 1553 452 1575 curn
476 1541 643 1576 utilitate.
695 1542 749 1576 Ne
775 1542 877 1587 prior
903 1543 1074 1577 iniuriam
1129 1543 1286 1588 Legibus
1304 1556 1403 1588 pare.
1459 1544 1576 1579 Nosce
1597 1552 1631 1579 te
1650 1546 1779 1591 ipsum.
1834 1549 1887 1584 Ne
1909 1552 1996 1597 quid
2018 1555 2138 1592 nimis,

65 1592 188 1626 facias.
221 1591 396 1627 Dolorem
414 1594 509 1638 fuge.
545 1593 733 1628 Mortuum
750 1606 795 1628 ne
816 1595 946 1629 rideto.
975 1595 1074 1628 Ami·
1128 1594 1222 1629 Ante
1241 1597 1364 1630 omnia
1386 1609 1559 1630 venerare
1578 1610 1725 1633 numen.
1770 1600 1943 1638 Parentes
1959 1617 2136 1644 reverere.

67 1644 115 1677 cis
131 1650 244 1679 utere.
299 1644 456 1679 Consule
474 1645 667 1690 inculpate.
722 1646 870 1680 Delecta
887 1648 1033 1682 amicos.
1128 1647 1263 1682 Audito
1290 1648 1456 1683 libenter.
1518 1649 1750 1695 Voluptatem
1780 1662 1916 1689 coerce.
1979 1655 2136 1694 Inimici-

1129 1700 1215 1733 tiam
1243 1701 1354 1736 solve.
1410 1702 1569 1735 Uxorem
1599 1704 1720 1737 ducito
1750 1717 1790 1738 ex
1813 1707 2042 1753 aequalibus,
2078 1725 2136 1754 ne,

1128 1752 1155 1785 si
1175 1765 1217 1786 ex
1235 1753 1428 1788 ditioribus
1448 1754 1612 1795 duxeris,
1641 1756 1810 1792 dominos
1828 1759 1893 1792 tibi
1909 1772 2034 1804 pares,
2060 1777 2134 1799 non

1129 1804 1263 1839 affines.

1394 903 1571 936 Pittaci
1599 903 1886 950 Mitylenaei.

150 1729 368 1765 Eiusdem
398 1731 653 1765 Periandri
683 1744 733 1765 ex
760 1734 988 1775 Ausonio,

118 1780 219 1830 [pag.
241 1782 326 1817 119.
350 1783 532 1817 Editionis
548 1783 717 1828 Scaliger.
742 1796 773 1818 a.
795 1784 908 1820 1608.
940 1784 1020 1834 12]

374 1835 533 1868 carmine
557 1833 764 1870 Phalaecio.

1098 1861 1102 1945 4
1154 1891 1364 1925 Eiusdem
1394 1905 1443 1925 ex
1471 1894 1678 1927 Ausonio
1710 1893 1868 1944 [p.118.
1898 1897 1964 1934 Ed.
1982 1900 2107 1951 Scal.],

64 1901 262 1949 Nunquam
279 1903 459 1948 discrepat
475 1904 562 1938 utile
582 1916 600 1937 a
619 1905 763 1940 decoro.
1463 1945 1469 1950 ,
1652 1947 1659 1952 ,
1767 1948 1774 1954 ,

1355 1957 1518 1978 carmine
1546 1944 1704 1980 lambico
1730 1954 1906 1984 trimetro.

64 1954 151 1989 Plus
165 1961 219 1989 est
235 1955 408 1990 sollicitus
429 1956 543 2000 magis
561 1957 697 1991 beatus.
1098 1953 1101 2039 i

67 2006 223 2040 Mortem
242 2013 368 2052 optare
383 2009 540 2048 malum,
568 2008 695 2042 timere
714 2010 826 2054 peius.
1126 2012 1246 2059 Loqui
1266 2013 1469 2057 ignorabit,
1499 2015 1561 2060 qui
1579 2022 1697 2049 tacere
1712 2017 1857 2052 nesciet.

63 2057 191 2099 Faxis,
227 2065 267 2093 ut
282 2060 410 2100 libeat,
438 2061 536 2106 quod
555 2067 605 2094 est
622 2073 775 2096 necesse.
1098 2043 1101 2106 ἔ
1126 2064 1232 2098 Bono
1252 2066 1398 2109 probari
1418 2066 1514 2100 malo
1528 2094 1536 2107 ,
1565 2080 1673 2113 quam
1693 2069 1814 2103 multis
1835 2071 1949 2106 malis.

64 2109 191 2145 Multis
209 2111 381 2146 terribilis
393 2139 400 2152 ,
431 2118 554 2145 caveto
572 2113 716 2148 multos.
1126 2116 1285 2152 Demens
1303 2118 1468 2162 superbis
1485 2119 1622 2153 invidet
1640 2120 1837 2156 foelicibus.

65 2162 103 2196 Si
120 2163 267 2196 fortuna
286 2164 407 2204 iuvat,
436 2170 561 2197 caveto
583 2165 672 2200 tolli.
1126 2168 1286 2203 Demens
1303 2171 1467 2204 dolorem
1487 2171 1581 2205 ridet
1600 2172 1834 2208 infoelicium.

65 2213 101 2248 Si
118 2215 265 2248 fortuna
284 2222 407 2256 tonat,
435 2222 560 2250 caveto
579 2217 705 2262 mergi.
845 2259 855 2267 ·
1126 2222 1259 2256 Pareto
1277 2222 1365 2267 legi,
1392 2223 1555 2269 quisquis
1569 2224 1681 2269 legem
1701 2226 1872 2261 sanxeris.

1126 2273 1267 2308 Plureis
1286 2275 1421 2308 amicos
1439 2287 1477 2308 re
1495 2278 1647 2309 secunda
1670 2290 1869 2322 compares.

1126 2325 1267 2360 Paucos
1286 2326 1420 2361 amicos
1438 2328 1544 2362 rebus
1563 2329 1720 2363 adversis
1738 2331 1880 2374 probes.

170 2367 211 2402 In
229 2370 374 2415 speculo
391 2377 424 2403 te
450 2371 566 2415 ipsum
597 2374 861 2418 contemplare,
891 2383 924 2409 et
949 2376 977 2411 si
999 2378 1072 2410 for-

67 2433 188 2456 mosus
205 2422 410 2466 apparebis,
439 2436 503 2467 age
521 2436 613 2469 quae
632 2425 783 2458 deceant
801 2427 971 2463 sormam.
1008 2429 1071 2463 Sin
1417 2412 1630 2447 Cle⁰b¹¹l¹
1665 2414 1836 2450 L¹¹¹d¹¹·

67 2473 261 2514 deformis,
303 2476 400 2519 quod
426 2475 462 2507 in
490 2475 578 2509 facie
602 2476 721 2510 minus
746 2484 816 2518 est,
859 2479 895 2512 id
926 2493 1069 2515 morum
1231 2480 1284 2515 Ne
1305 2481 1352 2515 sis
1367 2493 1529 2527 unquam
1556 2484 1679 2518 elatus.
1734 2484 1874 2520 Domus
1902 2498 2023 2520 curam
2053 2500 2130 2532 age.

67 2531 218 2569 pensato
238 2524 518 2569 pulchritudine.
573 2527 627 2561 De
651 2529 802 2563 numine
827 2543 872 2564 ne
899 2533 991 2566 male
1019 2534 1070 2566 lo·
1126 2532 1256 2567 Libros
1281 2534 1418 2567 evolve.
1480 2533 1632 2570 Liberos
1663 2536 1726 2569 tibi
1754 2535 1983 2573 charissimos
2015 2540 2128 2574 erudi.

68 2587 202 2621 quare,
237 2577 324 2622 quid
347 2579 394 2612 sit
416 2586 534 2613 autem
560 2581 732 2614 ausculta.
786 2580 920 2617 Audito
945 2585 1072 2626 multa,
1125 2584 1218 2618 Iuste
1236 2585 1407 2620 iudicato.
1460 2587 1574 2622 Bonis
1597 2589 1810 2624 benefacito.
1863 2591 1896 2624 A
1914 2592 2127 2625 maledicen-

68 2627 217 2673 loquere
234 2641 360 2673 pauca.
394 2631 500 2665 Prius
518 2632 693 2676 intellige,
718 2639 753 2666 et
771 2634 900 2669 deinde
918 2638 961 2670 ad
981 2650 1071 2682 opus
1125 2638 1172 2671 tia
1200 2644 1416 2682 temperato.
1469 2639 1717 2685 Suspicionem
1743 2642 1900 2676 abiicito.
1955 2643 2128 2679 Parentes

70 2681 208 2714 accede.
261 2680 313 2714 Ne
334 2683 379 2715 ob
395 2683 539 2718 divitias
556 2684 715 2720 laudaris
732 2685 848 2720 virum
869 2689 1070 2734 iudignum.
1125 2689 1298 2735 patientia
1319 2690 1432 2725 vince.
1485 2691 1657 2726 Beneficii
1673 2694 1809 2739 accepti
1826 2702 2021 2730 memento.
2070 2695 2128 2730 In-

71 2730 310 2766 Persuasione
341 2745 446 2779 cape,
487 2748 561 2769 non
594 2737 641 2770 vi.
709 2737 892 2784 Compara
922 2741 958 2774 in
986 2743 1072 2775 ado·
1097 2752 1099 2757 ’
1124 2742 1294 2776 seriorem
1314 2756 1360 2776 ne
1378 2743 1531 2778 reiicias.
1574 2745 1700 2778 Aliena
1717 2759 1761 2779 ne
1782 2747 2022 2791 concupiscas.
2071 2748 2127 2784 Ne

1594 2795 1678 2833 26*

449 2301 682 2338 Biantis.
