2421 3037
229 98 307 135 503

230 186 365 221 nonius
392 185 468 220 sine
495 181 750 220 dimicatione,
792 181 891 226 quod
917 192 993 213 non
1025 179 1179 219 fecisset,
1206 178 1236 212 si

232 241 390 274 duorum
421 238 574 270 fratrum
602 232 747 278 ingenia
780 239 814 265 et
839 232 934 266 vires
959 231 1243 276 contempsisset.

234 291 358 337 Quare
394 301 468 322 non
505 286 631 320 dubito
668 297 773 330 posse
804 284 890 318 iniri
920 284 1099 317 rationem
1131 284 1243 317 electo

235 341 454 378 Germanico
478 339 661 384 principe,
697 349 742 370 ne
768 335 800 370 ei
823 336 937 376 vires,
966 336 1113 381 copiae,
1142 347 1242 368 arma

234 395 352 429 desint
377 394 422 425 ad
448 392 621 425 tuendam
643 388 878 424 autoritatem
895 389 996 422 domi
1014 395 1049 422 et
1068 388 1165 433 apud
1185 399 1246 421 ex-

234 454 343 481 teros.

338 496 499 541 Exposui
531 493 715 539 opinionis
744 505 890 533 causas,
925 504 999 526 non
1022 499 1064 527 ut
1087 492 1247 537 postulat

232 549 448 595 magnitudo
482 546 638 592 negotii,
677 546 739 580 sed
772 551 812 579 ut
840 545 877 578 in
903 544 1105 590 praesentia
1131 544 1247 589 potui,

234 602 463 647 maximeque
492 599 598 644 cupio
624 598 771 638 audire,
815 598 902 644 quid
928 597 1090 631 iudicent
1115 595 1247 630 caeteri

235 655 440 693 Electores,
476 652 539 698 qui
563 651 625 685 diu
647 649 795 696 Imperii
815 649 973 683 consiliis
992 649 1248 689 interfuerunt,

237 708 299 753 qui
335 704 554 740 Germaniae
590 709 724 737 statum
763 708 797 736 et
832 702 945 742 vires,
983 701 1044 747 qui
1083 701 1247 735 omnium

236 758 442 804 principum
469 756 612 801 ingenia
638 762 672 789 et
691 755 878 789 facultates
896 760 1052 794 norunt,
1089 754 1151 799 qui
1170 752 1249 786 Ma-

236 810 417 845 ximiliani
433 809 582 843 consilia
600 809 643 841 de
661 809 769 841 rebus
789 804 843 840 his
866 806 1123 840 meminerunt.
1178 805 1249 838 De-

236 864 348 910 nique
384 861 448 908 qui
482 862 631 906 longum
668 860 705 893 in
742 858 1059 892 administratione
1101 856 1249 902 Imperii

237 929 342 951 usum
378 912 534 953 habent,
568 924 725 958 quorum
761 923 841 944 cum
873 910 1024 944 audiero
1053 910 1250 950 orationes,

238 970 282 1003 de
305 973 381 1001 tota
402 979 440 999 re
465 965 672 1009 diligentius
700 964 885 1007 disputare
913 969 1054 1008 potero,

345 1018 436 1052 Cum
454 1018 572 1051 dicere
590 1016 752 1051 desiisset
771 1015 922 1055 Trevir‚
952 1015 1052 1048 taciti
1072 1014 1250 1060 aliquam-

238 1073 301 1106 diu
324 1072 495 1106 sederunt
521 1069 724 1114 principes,
768 1074 944 1113 tanquam
971 1067 1095 1101 defixis
1119 1067 1251 1100 animis

238 1125 277 1158 in
301 1123 521 1169 cogitatione
549 1121 738 1167 utriusque
765 1120 953 1154 orationis.
1024 1119 1250 1164 Exaggerata

239 1177 336 1210 enim
361 1174 610 1220 magnitudine
635 1173 881 1218 periculorum
903 1172 940 1205 in
961 1178 1115 1218 utraque
1135 1178 1252 1216 parte,

240 1229 472 1276 quorundam
510 1226 652 1260 animos
685 1223 855 1259 nonnihil
882 1224 1078 1269 impulerat
1106 1223 1252 1264 Trevir,

239 1288 278 1315 ut
298 1282 343 1314 ad
360 1280 449 1314 illud
466 1280 720 1319 decurrerent,
749 1284 788 1311 ut
806 1277 947 1311 omissis
965 1276 1124 1321 Regibus
1143 1288 1252 1322 quae—

239 1339 363 1367 rerent
388 1332 545 1378 aliquem
574 1331 684 1365 alium
709 1342 750 1364 ex
770 1328 997 1364 Germanicis
1014 1328 1253 1374 principibus,

240 1386 307 1420 Sed
324 1384 421 1419 hunc
437 1390 651 1430 quaerentes
663 1410 672 1424 ,
700 1382 830 1416 animis
849 1382 963 1427 magis
980 1381 1088 1415 etiam
1110 1381 1253 1415 dubita-

240 1440 342 1472 bant.
387 1436 515 1471 lubent
534 1436 643 1481 igitur
662 1436 808 1469 tandem
829 1434 1054 1468 Fridericum
1073 1433 1253 1468 Saxoniae

242 1490 401 1530 Ducem,
428 1495 517 1522 natu
536 1489 756 1527 maximum,
785 1500 887 1521 suam
906 1487 1122 1521 sententiam
1145 1497 1252 1530 expo-

242 1555 350 1582 nere,
379 1541 441 1587 qui
469 1553 581 1586 pauca
607 1540 790 1585 praefatus
810 1541 853 1572 de
872 1540 970 1583 lege,
999 1539 1108 1579 dixit,
1144 1538 1255 1571 inter-

242 1594 485 1640 pretationem
506 1592 651 1626 Treviri
672 1591 897 1626 subtiliorem
924 1603 1018 1631 esse,
1047 1602 1156 1636 quam
1183 1601 1254 1635 qua

242 1647 296 1681 uti
323 1647 420 1692 ipsos
449 1646 591 1683 deceat;
635 1644 867 1689 addiditque,
909 1656 983 1676 non
1013 1642 1255 1676 dubitandum

243 1711 339 1740 esse,
381 1697 470 1744 quin
499 1697 555 1730 lex
586 1696 761 1741 impediat
788 1696 883 1730 Galli
909 1695 1143 1736 electionem,
1182 1695 1255 1739 pla-

242 1765 331 1785 num
367 1757 402 1784 et
433 1751 520 1783 illud
553 1761 648 1790 esse,
687 1749 859 1782 Carolum
886 1761 968 1782 vere
992 1748 1254 1781 Germanicum

243 1804 445 1849 principem
472 1815 569 1842 esse,
605 1808 639 1835 et
664 1802 699 1834 in
720 1801 918 1835 Germania
946 1800 1171 1834 domicilium
1193 1797 1256 1833 ha-

241 1858 345 1894 bere;
391 1862 426 1889 et
461 1867 552 1899 opus
582 1867 656 1888 esse
694 1852 749 1888 his
782 1853 1000 1887 turbulentis
1029 1852 1256 1898 temporibus

242 1908 420 1954 principe,
446 1907 509 1952 qui
528 1907 762 1940 autoritatem
779 1906 911 1940 virtute
931 1913 965 1939 et
981 1906 1143 1951 potentia
1163 1904 1256 1939 tueri

243 1961 368 2006 possit.
422 1958 506 1992 Ideo
529 1971 565 1993 se
589 1971 663 1992 non
680 1958 868 1999 dubitare,
897 1958 986 2005 quin
1006 1958 1175 1992 omnibus
1193 1969 1256 1990 an-

244 2013 450 2047 teferendus
477 2012 522 2045 sit
554 2010 706 2045 Carolus
733 2008 920 2044 Archidux
947 2011 1126 2045 Austriae.
1187 2010 1256 2043 Sed

244 2073 367 2099 tamen
384 2064 484 2110 prius
501 2063 728 2097 conditiones
745 2064 918 2109 quasdam
938 2063 968 2096 ei
984 2064 1151 2096 serendas
1171 2075 1258 2103 esse,

245 2124 285 2151 ut
308 2118 345 2150 in
370 2123 447 2150 tuto
471 2116 517 2151 sit
536 2116 756 2150 Germaniae
777 2116 944 2155 libertas,
974 2122 1008 2149 et
1026 2122 1065 2149 ut
1084 2115 1257 2160 pericula,

246 2171 289 2203 de
322 2170 452 2215 quibus
483 2169 705 2213 disputatum
742 2175 815 2209 est,
856 2174 1033 2215 quantum
1072 2168 1258 2212 provideri

246 2228 383 2267 potest,
413 2228 620 2256 caveantur.
673 2220 812 2254 Eadem
839 2221 1018 2255 sententia
1044 2221 1137 2254 dicta
1165 2226 1217 2255 est
1237 2232 1256 2253 a

247 2274 395 2308 caeteris
410 2273 650 2308 Electoribus.

349 2327 481 2360 Trevir
505 2340 584 2360 cum
610 2326 750 2359 videret
772 2325 938 2360 omnium
963 2325 1106 2359 animos
1129 2325 1175 2358 ad
1191 2324 1258 2358 Ca-

246 2379 365 2412 rolum
390 2379 587 2420 inclinare,
624 2391 819 2423 agnoscere
843 2391 901 2419 se,
937 2378 1077 2424 inquit,
1105 2377 1258 2412 Germa-

246 2432 329 2465 niae
348 2432 474 2471 satum,
497 2438 531 2464 et
549 2431 820 2476 impendentem
838 2430 987 2475 Imperii
1004 2430 1258 2464 mutationem.

248 2484 468 2530 Quanquam
490 2483 600 2528 igitur
615 2496 689 2517 non
708 2484 841 2518 desinit
857 2481 1019 2524 hortari,
1050 2489 1090 2517 ut
1107 2483 1258 2527 diligen—

247 2537 319 2570 tius
340 2534 429 2569 baec
452 2548 509 2569 res
531 2536 772 2577 deliberetur,
806 2543 931 2570 tamen
957 2536 1113 2568 affirmat
1138 2547 1174 2569 se
1193 2548 1258 2579 pu-

247 2589 361 2622 blicae
394 2589 610 2622 concordiae
648 2601 753 2622 causa
789 2602 893 2623 suum
927 2588 1140 2632 suffragium
1176 2600 1256 2621 cum

247 2641 318 2675 illis
341 2642 618 2675 coniuncturum
651 2653 737 2674 esse.
799 2641 874 2674 Hac
901 2640 1076 2674 acerrima
1110 2646 1258 2673 conten-

247 2694 346 2726 tione
370 2694 445 2729 eius
470 2693 541 2727 diei
563 2693 599 2726 in
619 2694 769 2727 multam
790 2699 932 2726 noctem
952 2694 1151 2737 producta,
1179 2698 1257 2725 tan-

246 2747 327 2779 dem
368 2746 415 2780 ita
455 2746 662 2787 discedunt,
699 2751 737 2779 ut
765 2745 939 2790 postridie
968 2746 1188 2779 conveniant
1214 2746 1259 2778 de

863 91 988 128 PH1L‚
1014 92 1131 126 MEL.
1160 89 1366 126 SCRIPTA
1393 87 1667 125 HISTORICA.

2228 91 2309 129 504

1298 175 1569 210 conditionibus
1604 177 1862 217 deliberaturi,
1908 188 1998 223 quas
2027 177 2147 212 Caroli
2181 179 2309 224 legatis

1298 228 1524 274 proposituri
1553 236 1678 271 erant,
1718 229 1782 275 qui
1808 229 2022 273 Moguntiae
2047 236 2215 265 eventum
2251 243 2310 265 ex-

1298 281 1502 326 pectabant.

1403 332 1488 366 Fuit
1506 333 1616 377 igitur
1636 334 1678 366 de
1706 333 1976 367 conditionibus
2004 333 2074 368 illis
2100 339 2224 378 postea
2247 346 2311 378 per

1300 385 1441 430 aliquot
1468 385 1543 419 dies
1569 397 1644 418 non
1671 386 1792 419 minus
1816 385 2078 426 contentionis,
2109 397 2202 431 quae
2229 398 2313 430 per-

1299 437 1454 481 scriptae
1485 444 1519 470 et
1543 437 1773 481 Moguntiam
1799 439 1844 470 ad
1876 438 2012 482 legatos
2042 437 2195 479 missae,
2230 450 2311 472 cum

1301 495 1419 523 essent
1436 496 1603 534 receptae
1618 517 1626 530 ,
1658 490 1734 524 dies
1754 489 1985 524 constituitur
2001 490 2110 524 eundi
2126 490 2165 523 in
2185 490 2314 525 suffra-

1301 541 1399 586 gium
1416 542 1558 575 solenni
1576 555 1690 576 more.
1744 541 1869 587 Itaque
1892 554 2018 577 rursus
2043 554 2146 576 sacro
2170 541 2313 587 publice

1300 594 1415 634 facto,
1449 594 1599 639 ingressi
1624 594 1661 627 in
1687 594 1885 628 sacrarium
1908 594 2061 628 interius
2082 594 2211 640 templi
2228 593 2315 627 Divi

1300 643 1577 679 Bartholomaei
1603 646 1773 691 suffragia
1798 647 1919 680 ferunt
1943 644 2014 680 hoc
2030 646 2171 680 ordine.
2225 646 2317 680 Coe-

1302 704 1360 732 tus
1384 697 1591 732 Electorum
1625 699 1786 745 reliquus
1815 699 2017 744 interrogat
2042 698 2316 744 Moguntinum,

1303 762 1410 796 quem
1437 750 1544 795 eligat
1564 750 1699 795 Regem
1718 751 1973 785 Romanorum
2003 757 2038 785 et
2058 751 2220 785 futurum
2245 749 2318 784 lm-

1303 808 1524 847 peratorem.
1594 801 1627 837 Is
1658 804 1875 848 respondet,
1917 816 1954 837 se
1985 803 2116 847 eligere
2141 802 2315 839 Carolum

1302 852 1543 889 Archiducem
1561 855 1741 890 Austriae.
1794 855 1934 889 Deinde
1953 862 1987 889 et
2004 855 2243 900 Moguntinus
2261 867 2321 889 re-

1304 907 1423 953 liquos
1448 907 1660 951 interrogat.
1730 907 1807 941 Hoc
1836 909 1947 941 modo
1973 908 2137 942 omnium
2167 920 2318 942 consen-

1305 959 1477 993 tientibus
1501 960 1681 1004 suffragiis
1701 959 1852 994 Carolus
1876 961 2008 995 electus
2030 966 2082 994 est
2102 959 2316 1005 Imperaton

1305 1011 1446 1045 Deinde
1469 1012 1639 1056 suffragia
1669 1012 1779 1045 relata
1807 1019 1890 1046 sunt
1910 1012 1946 1045 in
1965 1012 2109 1053 literas,
2138 1018 2173 1046 et
2187 1012 2317 1046 confir-

1306 1070 1402 1097 mata
1428 1064 1654 1108 singulorum
1680 1065 1816 1109 sigillis.
1870 1065 2000 1099 Postea
2025 1064 2194 1099 accersita
2212 1064 2317 1098 nobi-

1305 1117 1404 1149 litate
1432 1129 1471 1149 ac
1499 1116 1730 1150 multitudine
1756 1117 1946 1158 universa,
1984 1117 2124 1161 publice
2145 1117 2238 1150 facta
2265 1122 2318 1150 est

1305 1169 1551 1209 renuntiatio,
1580 1182 1659 1202 cum
1681 1169 1717 1202 in
1737 1167 1829 1202 hanc
1853 1169 2068 1203 sententiam
2092 1166 2220 1202 habuit
2237 1168 2318 1202 Mo-

1307 1221 1479 1265 guntinus
1495 1221 1711 1255 orationem.

1412 1273 1520 1319 Quod
1537 1274 1620 1307 felix
1637 1274 1867 1319 faustumque
1886 1272 1932 1307 sit
1947 1272 2128 1307 Ecclesiae
2145 1270 2319 1307 Christia-

1306 1338 1394 1367 nae,
1430 1325 1587 1370 lmperio
1611 1332 1737 1360 nostro
1764 1331 1798 1359 et
1824 1326 1984 1370 patriae,
2019 1325 2191 1359 renuntio
2217 1323 2320 1358 vobis

1308 1379 1460 1412 electum
1483 1391 1557 1412 esse
1578 1378 1713 1421 Regem
1732 1378 2008 1419 Romanorum,
2036 1384 2072 1411 et
2090 1377 2320 1422 designatum

1307 1431 1590 1475 Imperatorem,
1627 1430 1798 1464 Carolum
1824 1427 2067 1464 Archiducem
2091 1428 2262 1464 Austriae
2286 1434 2323 1462 et

1307 1483 1563 1527 Burgundiae,
1592 1482 1726 1527 Regem
1747 1482 1958 1527 Hispaniae.
2013 1481 2094 1527 Qua
2118 1481 2156 1514 in
2182 1493 2221 1515 re
2247 1480 2322 1525 pri-

1309 1548 1409 1569 mum
1442 1536 1601 1580 agendae
1633 1541 1717 1569 sunt
1742 1533 1820 1567 Deo
1853 1535 2010 1579 gratiae,
2045 1534 2145 1580 quod
2178 1544 2321 1568 summa

1310 1588 1503 1621 concordia
1543 1594 1578 1620 et
1613 1586 1921 1621 consentientibus
1949 1585 2158 1620 Electorum
2187 1585 2322 1631 princi-

1310 1653 1396 1685 pum
1413 1639 1594 1684 suffragiis
1608 1651 1665 1673 res
1683 1646 1782 1673 tanta
1802 1639 1958 1684 perfecta
1975 1645 2039 1674 est.
2094 1638 2208 1684 Saepe
2223 1638 2321 1672 enim

1310 1699 1416 1726 antea
1453 1705 1533 1726 cum
1571 1691 1866 1726 dissentientibus
1892 1690 2102 1725 Electorum
2131 1690 2259 1725 studiis
2288 1696 2324 1724 et

1310 1745 1560 1779 voluntatibus
1582 1744 1715 1779 diversi
1739 1745 1976 1789 eligerentur,
2012 1750 2091 1778 orta
2117 1749 2202 1778 sunt
2227 1742 2323 1776 inter

1311 1798 1515 1832 Germanos
1537 1797 1629 1831 bella
1655 1797 1772 1830 civilia
1792 1797 1899 1842 plena
1916 1796 2021 1841 impii
2036 1796 2171 1831 furoris
2193 1801 2228 1829 et
2244 1807 2326 1828 cru-

1310 1850 1487 1891 delitatis,
1516 1850 1554 1882 in
1583 1849 1713 1895 quibus
1737 1850 1838 1883 domi
1862 1855 1987 1883 mutua
2010 1850 2118 1882 caede
2134 1848 2200 1882 flos
2215 1846 2326 1880 nobi-

1310 1904 1422 1937 litatis
1457 1902 1634 1936 extinctus
1666 1908 1728 1936 est.
1789 1902 2014 1946 Absumptae
2044 1900 2192 1946 imperii
2216 1899 2324 1940 vires,

1311 1969 1353 1990 ac
1371 1967 1486 2001 paene
1504 1954 1673 1988 universa
1692 1953 1890 1988 Germania
1908 1953 1946 1986 in
1963 1953 2196 1987 solitudinem
2215 1951 2324 1986 vasti-

1311 2015 1496 2054 tatemque
1520 2007 1666 2040 redacta
1689 2012 1751 2040 est.
1792 2005 1898 2040 Foris
1915 2012 2034 2039 autem
2055 2017 2191 2040 nomen
2209 2004 2325 2049 impe-

1311 2061 1357 2094 rii
1374 2059 1490 2095 nostri
1507 2059 1691 2093 contemni
1707 2059 1826 2104 coepit
1839 2086 1848 2100 ‚
1871 2057 1972 2091 Italia
1991 2059 2156 2099 deficere,
2184 2063 2219 2091 et
2233 2056 2323 2090 alios

1311 2113 1427 2159 Reges
1452 2124 1654 2151 accersere,
1689 2111 1831 2145 Turcae
1858 2111 2008 2156 impune
2031 2110 2206 2156 grassari,
2235 2109 2323 2143 dum

1312 2179 1379 2200 nos
1397 2165 1562 2210 impliciti
1579 2164 1785 2198 domesticis
1801 2164 1922 2204 bellis,
1949 2163 2150 2208 reprimere
2168 2174 2229 2196 eos
2247 2172 2324 2194 non

1314 2219 1510 2264 potuimus.
1576 2217 1693 2250 Porro
1729 2223 1907 2263 quantum
1944 2216 2033 2249 mali
2061 2213 2131 2249 hoc
2158 2222 2323 2258 tempore

1313 2271 1493 2305 discordia
1512 2268 1716 2303 Electorem
1742 2270 1906 2314 paritura
1933 2268 2026 2302 erat!
2063 2281 2142 2302 cum
2170 2278 2245 2300 non
2267 2278 2323 2300 so-

1313 2325 1388 2357 lum
1408 2322 1627 2357 Germaniae
1647 2322 1856 2367 Principes,
1883 2321 1945 2356 sed
1959 2321 2122 2355 fortassis
2138 2320 2245 2354 etiam
2265 2330 2324 2351 ex-

1314 2376 1381 2410 teri
1408 2388 1509 2419 reges
1534 2375 1570 2407 in
1594 2375 1711 2408 media
1730 2374 1925 2408 Germania
1952 2375 1995 2407 de
2018 2372 2165 2418 Imperii
2184 2382 2327 2417 posses—

1313 2429 1414 2463 sione
1431 2427 1640 2461 dimicaturi
1657 2427 1818 2461 fuissent.
1872 2426 1947 2461 Nec
1965 2425 2093 2459 leviter
2110 2429 2246 2458 tentata
2266 2434 2323 2456 res

1314 2489 1386 2521 est,
1420 2487 1461 2513 ut
1490 2492 1684 2514 consensus
1715 2486 1838 2514 noster
1868 2478 2137 2512 dissolveretur.
2199 2475 2324 2522 Quare

1314 2546 1378 2579 ego
1404 2533 1551 2579 quidem
1579 2545 1654 2566 non
1681 2533 1800 2566 minus
1827 2537 1976 2576 propter
2000 2529 2232 2563 concordiam
2257 2538 2324 2560 no·

1312 2593 1447 2625 stram,
1483 2598 1592 2631 quam
1619 2592 1769 2630 propter
1794 2584 2005 2617 electionem
2030 2582 2168 2627 ipsam,
2195 2581 2322 2618 laetor,

1313 2638 1465 2684 Deoque
1481 2637 1616 2682 gratias
1638 2650 1725 2682 ago,
1754 2637 1816 2683 qui
1835 2642 1973 2669 mentes
1992 2634 2155 2669 omnium
2174 2634 2219 2667 ad
2238 2642 2322 2665 con-

1314 2692 1475 2725 cordiam
1512 2690 1739 2724 retinendam
1773 2689 1871 2722 flexit
1893 2695 1928 2722 et
1952 2686 2180 2733 gubernavit.
2240 2683 2320 2728 Qua

1312 2742 1487 2777 incolumi
1522 2755 1709 2788 speramus
1736 2739 1819 2775 huic
1845 2741 1986 2775 nationi
2013 2752 2088 2774 non
2113 2738 2320 2773 defuturum
