2389 3037
85 102 160 140 293

292 184 395 222 Iocus

294 238 473 273 Tartarus

596 184 669 219 Ioci
695 186 920 232 frequentius
930 187 978 234 ⁴⁵)

596 237 765 272 Tartara.

280 315 498 350 Foeminina
528 314 566 348 in
593 314 727 359 plurali
754 322 896 350 neutra.

186 374 354 423 Intybus,
379 377 526 420 intyba,
553 373 769 420 VVegwart,
796 376 937 410 Plinius
952 373 1021 409 hoc
1039 375 1093 409 in-

82 428 207 474 tybum
234 428 336 462 dixit.
390 428 566 462 Pascuam
593 427 814 461 substantive
832 440 907 461 non
924 428 1093 462 dixerunt

82 486 240 522 veteres,
267 481 329 515 sed
347 492 521 525 pascuum
541 486 575 513 et
591 491 723 524 pascua
740 479 942 524 pluraliter.

286 556 426 592 Neutra
456 556 494 589 in
521 555 656 600 plurali
680 555 892 590 masculina.

396 616 548 651 Coelum
632 615 723 649 coeli

396 668 604 712 Capistrum
631 667 643 699 i
673 673 708 701 et
735 679 755 700 a

393 719 553 753 Frenum
630 718 642 751 i
671 725 706 752 et
733 731 752 752 a

393 770 567 804 Rastrum
629 770 641 802 i
668 776 703 803 et
730 783 750 803 a

392 822 553 856 Portum
628 821 640 854 i
669 828 704 855 et
731 834 751 855 a

393 874 511 918 Argos
625 872 732 918 Argi,
761 873 955 908 Graecum.

129 926 208 961 Hoc
231 938 378 972 specus,
411 922 450 958 hi
470 937 596 970 specus
616 925 766 966 usitate,
794 926 891 959 iuxta
912 923 1090 959 Servium.

253 1003 392 1038 Neutra
422 1003 460 1036 in
488 1003 621 1048 plurali
647 1003 848 1037 foeminina
859 1002 920 1049 ⁴⁶).

286 1063 468 1097 Balneum

285 1115 444 1160 Epulum

590 1063 741 1097 balneae
769 1070 804 1097 et
830 1063 959 1097 balnea

591 1116 731 1160 epulae.

353 1199 599 1234 Deficiunt
626 1201 819 1234 casibus.

183 1261 280 1294 Haec
307 1261 382 1294 fere
407 1259 638 1293 nominativo
659 1261 831 1294 deficiunt
844 1260 909 1304 Δ’“’);

394 1318 493 1353 Vicis

394 1370 524 1415 Frugis
534 1370 579 1413 l¹³³)

394 1422 517 1457 Precis

184 1474 296 1521 Opis,
325 1474 535 1519 Composita
554 1472 691 1508 habent
709 1475 826 1520 inops.

393 1525 478 1559 Vim
507 1526 555 1560 vi.

185 1578 277 1613 Fors
293 1584 329 1612 et
344 1579 438 1612 forte
456 1578 627 1612 dicuntur
642 1579 784 1614 usitate.

184 1631 343 1676 Sponte,
369 1630 560 1665 Ablativus
577 1637 719 1665 tantum
737 1631 772 1664 in
790 1644 858 1665 usu
874 1638 936 1666 est.

184 1683 242 1718 Ab
260 1694 366 1725 expes
381 1682 521 1716 nullum
540 1682 705 1717 invenias
724 1683 924 1729 obliquum.

185 1730 326 1765 Inficias
346 1733 551 1765 accusativo
569 1738 711 1766 tanturn
729 1735 873 1768 dicitur.

186 1782 306 1816 Macte
337 1782 505 1816 vocativo
540 1790 680 1817 tantum
713 1785 855 1820 dicitur.
921 1785 1094 1831 Virgilius

83 1834 193 1885 [Aen.
214 1832 276 1876 IX,
299 1833 420 1880 641,]·.
462 1834 582 1869 Macte
603 1848 699 1869 nova
724 1837 857 1871 virtute
881 1850 982 1882 puer.
1037 1838 1094 1872 Ci-

83 1900 165 1922 cero
188 1887 461 1920 adverbialiter:
500 1887 618 1921 Macte
639 1888 772 1923 virtute
799 1896 888 1924 esto.
942 1890 1094 1931 Plinius,

81 1946 198 1974 macte
221 1938 368 1983 ingenio
396 1938 497 1973 dixit.

186 1990 281 2024 Tabi
307 1997 341 2024 et
362 1991 447 2024 tabo
474 2003 541 2036 pro
568 1992 667 2026 sanie
695 1993 879 2034 invenias,
913 1994 990 2028 sine
1012 1995 1094 2028 reli-

85 2043 165 2090 quis
191 2042 343 2077 casibus.

186 2094 280 2134 Vas,
307 2094 497 2139 pluraliter
521 2106 605 2128 vasa
624 2108 794 2130 vasorum
809 2124 819 2137 ,
855 2109 939 2130 nam
956 2103 1093 2132 veteres

83 2159 208 2182 vasum
225 2146 406 2180 dixerunt.

187 2197 374 2242 Iugerum,
401 2198 642 2241 singulariter.
685 2198 725 2233 In
741 2200 875 2244 plurali
892 2201 930 2233 in
946 2201 1092 2235 tertium

85 2250 251 2284 ordinem
278 2250 492 2294 degenerat,
529 2251 652 2296 iugera
677 2252 870 2297 iugeribus.
927 2251 1094 2288 Invenias

86 2302 124 2336 in
142 2301 315 2346 singulari
334 2308 369 2335 et
387 2301 519 2345 ingere.

187 2353 263 2388 Nec
280 2354 325 2387 ab
341 2366 398 2393 os,
429 2366 533 2388 orum
553 2361 616 2388 aut
633 2355 755 2390 oribus
767 2383 776 2396 ,
804 2363 866 2390 aut
885 2369 904 2390 a
919 2358 991 2391 mel
1008 2358 1095 2392 mel—

85 2404 177 2440 libus
194 2406 244 2440 fit.

123 2532 170 2563 45)
190 2531 248 2556 loci
267 2532 456 2563 frequentius]
477 2533 526 2557 Ed.
549 2539 571 2555 s.
587 2538 629 2556 a.:
657 2533 721 2557 loca
740 2535 767 2557 et
786 2533 838 2558 ioci
858 2535 1032 2566 frequentius

122 2574 170 2606 46)
191 2575 298 2599 Neutra
317 2576 344 2600 in
365 2577 434 2606 plur.
452 2575 547 2609 soem.]
572 2577 612 2600 sic
633 2578 680 2600 Ed.
704 2585 726 2601 s.
743 2583 783 2608 a.;
809 2579 892 2603 Editt.
912 2581 998 2610 1526„
1021 2580 1094 2605 1529.

158 2610 322 2634 Foeminina
341 2612 367 2635 in
384 2612 502 2642 plurali3
526 2612 574 2637 hd.
591 2613 666 2636 1546.
687 2614 794 2638 Neutra
814 2620 884 2644 quae
903 2615 972 2639 fiunt
991 2616 1018 2640 in
1032 2617 1095 2647 plu-

159 2645 211 2668 rali
232 2645 390 2670 foeminina.

124 2687 173 2718 47)
193 2688 335 2719 deficiunt]
355 2691 390 2714 ab
408 2691 493 2717 Editt.
514 2692 601 2723 ¹526„
624 2692 700 2718 1529.
720 2693 809 2717 abest.

126 2730 174 2761 48)
195 2732 279 2756 Editt.
301 2733 388 2763 ¹546..
409 2741 432 2758 a.
448 2741 472 2759 a.
489 2736 608 2760 addunt:
638 2736 724 2767 napis

764 98 887 135 XCVI.
939 98 1271 136 GRAMMATICA
1297 98 1446 135 LATIN
1449 98 1491 135 A.

1119 185 1126 282 1

2082 101 2161 139 294

1250 186 1338 221 Dies
1358 187 1497 232 plurale
1517 187 1756 222 masculinum
1775 194 1827 223 est
1842 194 1985 223 tantum
1995 187 2054 231 ²²⁹).

1251 239 1320 273 Fas
1337 240 1455 279 nefas,
1483 239 1627 274 ἄκλιτα.

1252 299 1439 344 Quaedam
1466 299 1615 332 nomina
1642 300 1800 333 secundo
1824 307 1858 333 et
1879 307 2009 346 quarto
2029 301 2158 336 ordine

1147 350 1386 384 declinantur.
1442 350 1535 384 Sunt
1553 357 1671 384 autem
1692 351 1865 398 pleraque
1881 353 2072 387 arborum:

1460 410 1603 444 Laurus
1648 423 1690 445 us

1461 462 1626 508 Quercus
1648 475 1690 497 us

1464 514 1606 548 Cornus
1648 527 1690 550 us

1461 566 1576 600 Pinus
1647 579 1688 601 us

1719 412 1793 444 eti

1718 463 1792 497 eti

1719 515 1794 548 eti

1717 567 1790 601 eti

1574 643 1727 678 Domus.

1305 701 1394 737 haec
1422 703 1552 737 domus

1304 753 1413 789 huius
1441 756 1591 796 domus,
1620 761 1654 789 et
1680 755 1780 789 domi
1808 757 2062 792 adverbialiter

1304 804 1390 840 huic
1418 807 1544 840 domui
1573 813 1716 841 tantum

1305 856 1400 892 hanc
1429 859 1579 892 domum

1306 922 1326 943 a
1353 911 1464 944 domo
1494 916 1636 944 tantum
1647 909 1707 958 5θ).

1551 987 1759 1023 Pluraliter.

1306 1045 1374 1081 hae
1404 1049 1534 1082 domus
1561 1055 1703 1082 tantum

1304 1097 1436 1133 harum
1466 1100 1643 1134 domuum
1673 1107 1708 1134 et
1735 1101 1928 1135 domorum

1304 1149 1361 1185 his
1389 1152 1557 1186 domibus
1586 1158 1728 1186 tantum

1304 1200 1371 1237 has
1399 1205 1529 1238 domos

1305 1266 1326 1288 a
1355 1255 1591 1298 domibusffl).

1252 1313 1306 1347 De
1331 1314 1420 1350 Ficu
1443 1316 1523 1350 vide
1548 1328 1678 1361 genera
1690 1316 1750 1359 52).

1251 1373 1315 1408 Est
1339 1382 1373 1408 et
1398 1373 1457 1409 hic
1482 1377 1692 1410 annotanda
1714 1376 1852 1410 Graeca
1875 1378 2053 1422 quaedam
2076 1389 2163 1411 con-

1147 1427 1300 1460 suetudo
1327 1440 1369 1460 ex
1395 1428 1534 1462 casibus
1557 1441 1671 1462 novas
1697 1428 1956 1463 declinationes
1982 1429 2164 1474 pariendi,

1146 1483 1188 1510 ut
1204 1489 1246 1510 ex
1265 1479 1423 1522 genitivo
1445 1478 1608 1525 ἄβακος,
1639 1481 1683 1513 ab
1703 1481 1814 1520 abax,
1839 1481 1878 1514 fit
1899 1481 2029 1515 abacus
2048 1482 2164 1523 abaci,

1148 1540 1191 1562 ex
1216 1530 1420 1564 accusativo
1447 1533 1639 1579 κρατῆρα,
1675 1532 1715 1565 fit
1738 1538 1876 1566 cratera
1905 1539 2085 1575 craterae,
2121 1546 2164 1567 ex

1146 1579 1330 1624 κασσίδα,
1368 1583 1406 1616 fit
1432 1584 1568 1617 cassida
1595 1583 1753 1618 cassidae
1770 1583 1830 1630 5²²).
1885 1584 1930 1618 Et
1952 1584 2075 1619 Latini
2100 1598 2163 1619 va-

1183 1751 1231 1783 49)
1253 1752 1308 1809 Ntec
1332 1754 1366 1775 ab
1387 1757 1420 1775 os
1440 1764 1474 1768 -—
1492 1750 1622 1784 tantum]
1648 1752 1717 1777 haec
1742 1753 1769 1777 in
1794 1753 1880 1778 Editt.
1906 1755 2000 1784 1546„
2027 1762 2051 1779 s.
2067 1761 2091 1779 a.
2112 1756 2163 1780 de-

1217 1792 1269 1810 sun
1286 1805 1291 1810 .

1182 1837 1230 1869 50)
1253 1838 1356 1862 Domus
1376 1850 1410 1854 -
1431 1838 1564 1866 tantum]
1584 1843 1635 1868 pro
1655 1838 1715 1869 his,
1742 1839 1826 1863 Editt.
1849 1840 1939 1871 1546„
1960 1848 1983 1865 S.
1999 1846 2025 1867 a.
2044 1843 2164 1868 hahent:

1218 1874 1322 1896 Domus
1343 1872 1499 1896 declinatur
1519 1873 1641 1897 secunda
1657 1875 1684 1897 et
1700 1876 1800 1904 quarta
1816 1875 2016 1907 declinatione,
2037 1877 2093 1901 Sed
2107 1883 2164 1902 nou

1219 1909 1285 1931 sunt
1304 1908 1410 1938 recepti
1430 1908 1536 1938 pariter
1557 1913 1652 1932 omnes
1673 1915 1756 1933 casus
1776 1910 1922 1940 utriusque
1936 1911 2143 1937 declinationis.

1358 1951 1436 1975 Haec
1457 1951 1564 1976 domus.

1356 1986 1446 2009 Huius
1465 1986 1581 2017 domuS,
1600 1992 1650 2017 pro
1669 1987 1812 2017 aedificio,
1835 1990 1886 2021 ut,
1911 1988 1966 2013 iste
1985 1991 2092 2019 partem
2111 1990 2164 2015 do-

1218 2027 1279 2045 mus
1300 2021 1447 2044 demolitus
1468 2024 1518 2044 est.

1254 2055 1333 2078 Domi
1359 2056 1449 2078 locale
1475 2057 1537 2081 est,
1563 2056 1608 2085 ut,
1634 2056 1715 2085 pater
1741 2058 1785 2080 est
1812 2056 1893 2082 domi.
1940 2058 1987 2082 Sic
2012 2060 2163 2090 usurpatur

1218 2089 1428 2116 adverbialiter.
1464 2089 1606 2114 Interdum
1625 2091 1719 2114 tamen
1738 2093 1766 2114 et
1782 2097 1877 2115 casum
1890 2092 2033 2125 addimus,
2051 2097 2097 2126 ut,
2117 2096 2163 2119 est

1220 2124 1293 2148 domi
1312 2126 1385 2147 tuae.

1253 2159 1324 2182 Huic
1343 2158 1435 2182 domui
1455 2160 1578 2183 tantum.
1604 2160 1672 2183 Nam
1692 2159 1719 2183 in
1738 2161 1861 2185 secunda
1881 2161 2066 2188 declinatione
2084 2164 2163 2189 caret

1220 2193 1332 2223 dativo,
1359 2199 1415 2217 non
1435 2194 1508 2217 enim
1526 2194 1658 2223 dicimus,
1686 2194 1748 2219 huic
1767 2196 1856 2221 domo.

1360 2237 1430 2260 hanc
1451 2237 1560 2261 domum

1362 2277 1377 2295 o
1398 2272 1495 2295 domus

1358 2307 1393 2329 ab
1408 2307 1458 2330 bac
1471 2307 1551 2330 domo
1567 2309 1687 2338 tantunu
1708 2308 1793 2333 caret
1806 2309 1879 2333 enim
1894 2309 2017 2335 ablativo
2032 2311 2059 2335 in
2075 2317 2163 2342 quar-

1221 2342 1250 2365 ta
1269 2341 1474 2371 declinatione,
1493 2347 1581 2372 quare
1599 2349 1656 2366 non
1674 2344 1740 2367 licet
1759 2344 1869 2374 dicere,
1891 2346 1924 2369 ab
1944 2346 1997 2369 hac
2014 2346 2103 2372 domu.

1184 2392 1232 2424 5¹)
1255 2393 1304 2416 has
1324 2392 1437 2423 domoS,
1462 2399 1479 2416 a
1500 2393 1650 2423 domibus]
1676 2395 1760 2419 Editt.
1782 2396 1867 2427 1546„
1890 2403 1912 2420 s.
1928 2402 1968 2421 a.:
1993 2397 2044 2421 has
2065 2398 2162 2423 domos

1220 2429 1247 2451 et
1267 2427 1380 2457 domuS,
1406 2433 1421 2451 o
1441 2428 1537 2452 domus
1557 2430 1681 2461 tantum,
1707 2431 1742 2454 ab
1760 2430 1803 2454 his
1824 2431 1950 2455 domibus
1970 2434 2085 2457 tantum.

1184 2477 1231 2510 52)
1253 2479 1292 2502 De
1312 2478 1379 2502 Ficn
1400 2486 1424 2501 v.
1443 2481 1522 2510 gen]
1550 2487 1599 2511 pro
1620 2481 1677 2513 his,
1703 2482 1790 2507 Editt.
1813 2482 1907 2515 1546.‚
1934 2490 1956 2507 S.
1972 2490 1997 2509 a.
2019 2485 2162 2510 exhibent:

1219 2514 1303 2537 Ficus
1329 2514 1434 2540 arbor,
1464 2515 1640 2540 foemininum
1666 2518 1771 2540 tantum
1800 2518 1859 2547 est,
1887 2519 2003 2542 secundi
2024 2522 2051 2543 et
2071 2518 2163 2549 quarti

1220 2548 1337 2572 ordinis„
1380 2549 1463 2574 Ficus
1490 2550 1616 2579 fructuS,
1642 2552 1794 2576 masculino
1821 2554 1848 2576 et
1876 2553 2025 2577 foeminino
2046 2560 2161 2585 genere,

1219 2583 1247 2607 in
1265 2585 1382 2613 utraque
1395 2584 1581 2609 declinatione
1594 2588 1754 2616 usurpatur.
1791 2587 1897 2611 Aridae
1914 2588 1972 2615 fici,
1993 2589 2159 2612 Macrobius.

1221 2618 1257 2641 Et
1282 2618 1350 2641 ficus
1375 2619 1497 2649 virides,
1529 2622 1680 2645 suetonius
1706 2622 1732 2645 in
1758 2623 1894 2652 Augusto.

1220 2655 1336 2676 utuntur
1356 2660 1406 2682 pro
1425 2655 1532 2678 morbo.

1946 2623 2050 2647 Eodem
2078 2623 2161 2648 modo

1186 2704 1234 2735 53)
1254 2712 1286 2728 ex
1307 2704 1427 2729 κασσίδα
1446 2719 1481 2723 -
1497 2707 1641 2740 cassidae]
1669 2708 1717 2732 Ed.
1739 2715 1762 2734 s.
1776 2715 1818 2735 a.:
1849 2709 1889 2732 Ex
1908 2709 2069 2734 accusativo
2088 2716 2161 2734 κασ-

1223 2738 1304 2767 σίδα,
1328 2741 1357 2764 fit
1375 2742 1494 2766 cassida.
1650 2777 1697 2811 19
1718 2775 1736 2792 se
