2421 3037
220 97 297 136 507

220 185 357 225 caudis,
385 181 588 228 praeditum
609 189 682 211 esse
694 203 703 216 ,
728 182 762 208 et
777 182 937 208 caeteras
953 174 1104 206 virtutes
1120 169 1229 204 habe-

221 251 259 272 re
285 238 382 271 bono
407 241 441 268 et
460 243 592 275 magno
616 228 778 273 principe
799 227 945 271 dignas,
973 231 1229 258 statueremus-

222 302 292 337 qne
329 288 389 322 tali
422 283 627 330 praeditum
658 287 811 321 natura,
849 291 936 324 opes
966 284 1001 310 et
1028 276 1228 321 potentiam

221 354 322 378 suain
344 339 605 372 collocaturum
625 345 719 373 esse,
748 344 823 365 non
842 333 885 364 ad
913 330 1139 368 nocendum,
1169 327 1228 361 sed

222 396 265 428 ad
285 392 437 427 salutem
456 386 609 421 humani
627 384 787 430 generis:
821 383 941 428 potius
959 381 1128 415 duximus
1152 386 1231 412 tan-

222 447 265 480 tis
301 445 517 477 instructum
558 438 695 471 viribus
731 435 937 480 eligendum
973 445 1068 473 esse,
1119 444 1229 478 quam

222 498 332 531 alium
350 493 406 528 his
426 490 636 527 necessariis
654 488 843 534 praesidiis
861 486 1086 521 destitutum.

326 547 405 581 Hoc
436 543 588 579 consilio
616 540 820 576 censuimus
852 539 940 574 boni
966 536 1140 584 principis
1169 546 1231 578 po-

223 601 375 635 tentiam
402 596 598 632 autoritate
622 594 836 627 armandam
853 605 939 627 esse.
994 590 1039 623 Et
1056 587 1231 635 quoniam

222 666 291 687 nos
314 664 391 686 non
414 656 555 684 tantum
583 645 825 686 Germaniae,
867 645 927 678 sed
955 642 1125 676 universo
1152 638 1233 671 orbi

223 714 403 740 terrarum
422 702 609 736 consulere
625 699 816 737 debemus,
845 697 938 730 vires
963 692 1232 738 comparandae

223 764 308 793 sunt
343 757 515 789 adversus
547 751 812 785 valentissimos
839 747 979 787 hostes,
1022 758 1097 779 non
1122 744 1233 776 modo

224 808 463 847 Germaniae,
491 807 551 840 sed
573 804 684 837 totius
703 801 899 836 Christiani
916 798 1088 833 nominis.
1135 795 1234 828 Tan-

224 864 269 897 tis
293 859 544 899 incrementis,
573 863 606 889 et
629 863 702 889 tam
721 854 867 893 subitis,
896 864 1011 885 annos
1029 850 1101 882 iam
1121 850 1234 881 terme

225 921 369 950 centum
389 918 514 946 auctae
530 915 615 944 sunt
631 921 686 941 res
705 907 908 940 Turcarum
921 931 930 944 ,
959 910 997 937 ut
1015 900 1152 935 nemini
1170 900 1234 932 du-
1261 942 1262 945 Ἰ

1260 953 1268 1338 x
1395 947 1536 981 Deinde
1554 945 1714 979 familiae
1733 954 1862 980 natura
1882 960 2093 989 movemur,
2121 959 2214 994 quae
2230 945 2302 980 lm-

1266 1414 1269 1427 l

224 968 326 1002 bium
353 978 427 999 esse
452 962 585 1008 possit,
622 973 682 993 eos
705 952 901 1003 Imperium
930 955 1027 989 orbis
1052 961 1234 987 terrarum

226 1020 293 1055 sibi
313 1016 497 1063 polliceri,
525 1026 600 1047 non
620 1013 730 1044 modo
758 1016 908 1055 propter
934 1008 1067 1041 virium
1095 1003 1235 1048 magni-

227 1072 411 1108 tudinem,
440 1068 502 1102 sed
519 1066 633 1099 multo
655 1064 767 1107 magis
789 1067 938 1107 propter
964 1059 1156 1093 inusitatos
1184 1062 1236 1088 at-

227 1137 297 1172 que
313 1119 545 1156 admirabiles
564 1128 755 1152 successus.
795 1114 841 1147 Et
856 1120 896 1147 ut
912 1113 1122 1147 omittamus
1139 1107 1236 1154 prio-

227 1191 288 1216 ra,
329 1174 495 1220 Selymus
522 1181 638 1214 nuper
663 1181 738 1201 uon
762 1166 897 1200 minori
929 1165 1083 1201 virtute,
1126 1174 1235 1207 quam

227 1229 397 1264 felicitate
415 1225 564 1263 Persas,
593 1228 697 1255 autea
720 1220 894 1259 invictos,
932 1216 1067 1262 ingenti
1099 1212 1236 1259 praelio

228 1278 433 1326 superavit,
460 1283 495 1310 et
513 1288 553 1309 ex
571 1273 746 1309 Armenia
766 1271 880 1305 eiecit.
936 1269 1077 1303 Deinde
1096 1267 1238 1300 duobus

230 1330 461 1378 amplissimis
487 1327 607 1372 regnis
630 1325 734 1371 Syria
762 1330 796 1357 et
814 1324 980 1369 Aegypto
1008 1320 1145 1366 potitus
1175 1324 1238 1351 est.
1265 1341 1268 1351 .

229 1387 275 1421 Et
293 1386 329 1418 in
348 1383 486 1417 oriente
506 1379 653 1425 Imperii
671 1376 817 1411 Turcici
835 1376 987 1409 limitem
1007 1386 1088 1407 euni
1108 1370 1239 1405 consti-

230 1439 318 1479 tuit,
347 1436 408 1483 qui
434 1434 621 1481 quondam
644 1429 802 1464 Romani
831 1428 979 1473 Imperii
1004 1428 1133 1459 suerat.

231 1556 307 1577 non
326 1542 442 1576 solum
462 1537 563 1582 regni
583 1534 836 1580 amplitudine,
865 1533 927 1567 sed
946 1532 1054 1565 etiam
1072 1529 1240 1562 felicitate

232 1605 404 1640 superare
421 1591 600 1624 videatur.
654 1587 746 1622 Nam
767 1592 801 1618 et
819 1591 922 1630 pater
947 1591 982 1617 et
1009 1595 1097 1615 avus
1113 1578 1241 1613 Malio-

233 1654 366 1687 metes,
392 1657 473 1678 cum
491 1641 639 1688 quidem
663 1640 735 1672 dux
753 1644 841 1672 esset
859 1649 953 1670 unus
976 1634 1140 1668 omnium
1168 1632 1242 1665 eius

235 1698 362 1734 aetatis
380 1695 578 1731 acerrimus
601 1698 636 1726 et
661 1690 906 1729 felicissimus,
935 1701 1016 1722 cum
1045 1689 1243 1720 tentassent

234 1752 400 1798 Syriam,
444 1746 598 1791 acceptis
630 1743 770 1789 magnis
795 1740 1022 1776 detrimentis
1047 1739 1131 1772 inde
1160 1743 1244 1771 sunt
1271 1767 1273 1782 ἰ

434 1801 482 1834 At
497 1799 676 1844 Selymus,
702 1794 855 1829 velutin
872 1795 999 1827 eodem
1019 1804 1139 1831 cursu,
1161 1802 1245 1835 pro·
1271 1811 1273 1814 -

233 1802 382 1850 repulsi.

234 1858 357 1901 fligato
376 1853 522 1888 Persico
547 1849 724 1890 exercitu,
751 1848 893 1893 Syriam
913 1853 1022 1892 atque
1038 1845 1243 1890 Aegyptum

235 1921 311 1943 non
329 1907 405 1942 sine
421 1904 598 1939 acerrima
612 1900 845 1936 dimicatione
861 1899 898 1932 in
911 1904 1126 1944 potestatem
1143 1907 1244 1930 suam

235 1959 386 2004 redegit.
456 1957 582 1996 Hunc,
623 1967 704 1988 cum
727 1959 859 1986 natura
884 1951 1021 1996 gloriae
1047 1950 1245 1982 immensae

237 2013 388 2058 cupidus
407 2010 472 2051 sit,
499 2021 574 2043 non
591 2006 746 2040 accessio
763 2006 911 2045 virium,
939 2016 1014 2037 non
1031 2001 1246 2046 magnitudo

238 2075 464 2101 successuum
480 2061 647 2095 incitaret
666 2060 710 2092 ad
728 2071 784 2092 res
803 2058 958 2091 maiores
977 2052 1247 2100 suscipiendas?

237 2117 300 2152 Ille
326 2128 413 2150 vero
437 2115 509 2148 iam
537 2112 722 2147 classicum
753 2110 902 2151 cecinit,
947 2115 981 2143 et
1012 2107 1187 2141 exercitus
1211 2105 1246 2138 in

237 2168 468 2205 Pannoniam
486 2166 596 2200 misit.

343 2221 519 2254 Videmus
551 2224 671 2251 autem
704 2217 778 2249 sato
805 2216 964 2262 quodam
992 2212 1059 2247 hoc
1085 2221 1248 2258 tempore

240 2276 329 2308 duas
365 2270 653 2306 bellicosissimas
698 2268 864 2303 nationes
907 2267 1118 2300 coniunctas
1163 2278 1249 2305 esse,

241 2325 498 2361 Germanicam
525 2329 559 2356 et
587 2320 834 2367 Hispanicain.
895 2320 947 2352 Ac
975 2325 1072 2352 tenet
1097 2318 1251 2352 Carolus

242 2390 411 2423 magnam
429 2376 553 2410 Italiae
571 2381 725 2420 partem.
780 2372 904 2419 Itaque
928 2372 958 2406 si
983 2371 1147 2405 omnium
1167 2383 1250 2415 gen-

241 2431 332 2464 tium
354 2428 512 2463 consiliis
528 2429 600 2461 dux
616 2428 787 2460 adversus
802 2425 941 2460 Turcas
959 2425 1131 2469 legendus
1150 2429 1252 2463 esset,

241 2481 340 2517 haud
359 2481 466 2516 dubie
484 2480 647 2513 omnium
664 2479 757 2513 votis
774 2484 1015 2523 expeteretur,
1034 2483 1069 2510 et
1085 2476 1251 2510 omnium

242 2534 424 2579 suffragiis
438 2532 689 2577 designaretur
706 2530 909 2576 Imperator
927 2529 1091 2564 Carolus.
1129 2528 1252 2574 Quare

244 2594 279 2622 et
295 2600 360 2621 vos
377 2593 412 2620 et
428 2586 620 2631 plerasque
640 2584 727 2617 alias
745 2589 888 2628 gentes,
918 2594 1010 2629 quae
1039 2594 1118 2615 cum
1136 2581 1253 2626 lmpe-

244 2640 300 2673 rio
336 2645 462 2674 nostro
501 2637 671 2671 societate
701 2642 764 2669 aut
795 2635 1002 2669 foederibus
1037 2633 1253 2668 coniunctae

244 2698 328 2727 sunt
341 2719 350 2733 ,
378 2702 567 2736 speramus
585 2688 759 2722 iudicium
779 2693 944 2722 nostrum
969 2699 1113 2721 summo
1132 2685 1252 2721 studio

245 2744 464 2789 probaturos
494 2754 588 2777 esse:
627 2740 840 2786 praesertim
866 2752 945 2773 cum
974 2751 1100 2774 omnes
1128 2737 1254 2772 norint

850 88 976 134 PHIL.
1004 86 1118 120 MEL.
1146 81 1351 118 SCRlPTA
1388 77 1660 113 fflSTOfflCA.

1190 1423 1269 1455 Ac*

230 1497 370 1525 tantam
391 1486 544 1533 gloriam
560 1489 802 1529 consequutus
823 1487 894 1520 est,
923 1487 962 1513 ut
978 1479 1135 1512 maiores
1158 1487 1241 1510 suos
1268 1491 1269 1514 ι

2215 81 2293 119 ⁵00

1256 172 1257 176 ’
1281 166 1454 201 Carolum
1479 165 1654 209 singulari
1680 166 1930 198 moderatione
1963 174 2113 200 naturae
2148 169 2292 213 praedi-

1282 227 1357 253 tum
1386 231 1479 258 esse,
1515 217 1744 263 maximeque
1765 230 1783 249 a
1812 218 1980 262 superbia
1998 244 2006 258 ,
2032 219 2204 259 saevitia,
2232 232 2292 254 cu-

1283 271 1432 317 piditate
1460 269 1615 303 iniustae
1640 269 1903 304 dominationis
1929 268 2139 304 abhorrere.
2191 271 2294 306 Esset

1285 324 1381 357 enim
1407 322 1639 355 formidanda
1666 321 1789 355 liberis
1819 328 1918 355 tanta
1948 323 2133 367 potentia,
2178 330 2295 357 essent

1286 376 1500 409 metuendae
1517 373 1665 418 Imperii
1682 380 1716 406 et
1740 374 1836 408 orbis
1861 380 2041 408 terrarum
2065 386 2192 419 graves
2217 387 2296 408 mu-

1286 428 1440 461 tationes
1453 454 1461 467 ,
1489 426 1559 459 nisi
1577 432 1729 459 naturae
1746 426 1908 459 bonitate
1928 433 1962 460 et
1987 427 2118 460 timore
2136 425 2203 459 Dei
2232 439 2296 471 po-

1287 479 1437 513 tentiam
1463 479 1718 511 moderaturus
1742 477 1938 513 videretur.
1990 479 2100 524 Quod
2120 485 2161 512 ut
2178 490 2296 523 spere-

1287 545 1388 571 mus,
1417 530 1638 575 gravissimis
1658 530 1880 574 argumentis
1909 530 2137 565 adducimur.
2189 529 2297 564 Indo-

1286 585 1337 618 les
1355 583 1451 616 enim
1478 582 1590 627 ipsius
1615 582 1759 627 penitus
1784 582 1889 616 nobis
1918 589 2102 628 perspecta
2130 589 2202 624 est,
2238 595 2298 616 co-

1287 635 1552 681 gnovimusque
1584 647 1665 668 eum
1700 632 1834 668 habere
1861 635 2009 668 infixam
2043 635 2166 668 animo
2197 634 2300 668 miri-

1288 690 1391 721 ficam
1414 687 1657 720 reverentiam
1677 699 1759 730 erga
1785 687 1997 732 religionem
2012 715 2020 727 ,
2049 688 2154 721 fidem
2175 693 2298 732 pacto-

1288 753 1368 774 rum
1403 738 1694 773 constantissime
1732 746 1934 783 praestare,
1977 746 2011 773 et
2039 752 2058 772 a
2087 739 2298 773 crudelitate

1289 805 1400 838 quam
1420 790 1577 824 maxime
1603 788 1813 826 abhorrere.
1872 791 1963 825 Sunt
1984 798 2105 825 autem
2133 791 2299 825 omnium

1288 844 1512 890 reliquarum
1532 842 1706 877 virtutum
1727 843 1904 883 nutrices,
1932 844 2080 889 religio,
2108 844 2241 878 veritas
2265 850 2301 877 et

1291 896 1542 930 mansuetudo.

1290 1000 1431 1045 perium
1459 1000 1530 1032 iam
1558 1011 1673 1032 annos
1698 998 1777 1042 plus
1805 1000 1987 1044 octoginta
2016 1001 2064 1033 ita
2089 999 2226 1040 tenuit,
2261 1005 2303 1033 ut

1291 1053 1455 1085 nondum
1482 1051 1668 1096 poenitere
1698 1052 2062 1086 nosAustriacorum
2094 1051 2301 1097 principum

1291 1105 1432 1138 debeat.
1506 1103 1676 1148 inprimis
1701 1103 1796 1136 enim
1823 1104 1953 1138 enituit
1981 1104 2018 1138 in
2051 1110 2227 1150 utroque,
2263 1104 2301 1136 in

1292 1170 1361 1190 avo
1379 1163 1414 1190 et
1430 1168 1590 1201 proaxo,
1612 1155 1741 1188 eximia
1761 1158 1964 1190 moderatio
1983 1164 2017 1190 et
2033 1156 2179 1197 lenitas,
2209 1167 2302 1202 quae

1293 1210 1440 1255 quidem
1458 1209 1494 1241 in
1506 1207 1758 1241 Maximiliano
1770 1207 1922 1242 Caesare
1938 1221 2013 1242 non
2028 1214 2172 1254 poterat
2187 1207 2304 1252 segni-

1294 1262 1359 1296 ties
1378 1260 1503 1295 videri.
1550 1259 1667 1295 Nemo
1687 1260 1782 1293 enim
1804 1267 1883 1294 erat
1903 1262 1964 1295 illo
1984 1261 2021 1294 in
2043 1260 2154 1294 armis
2172 1260 2304 1294 acrior.

1294 1313 1447 1360 Quoties
1479 1313 1590 1347 armis
1623 1312 1810 1346 dimicavit
1845 1313 1938 1358 ipse!

1295 1366 1408 1411 copiis
1425 1366 1588 1410 ingentes
1612 1365 1705 1399 fudit
1729 1365 1921 1400 exercitus!
1975 1366 2173 1411 Nunquam
2190 1366 2305 1399 fortu-

1295 1432 1364 1452 nae
1389 1418 1644 1452 succumbebat
1669 1417 1744 1451 eius
1769 1417 1924 1452 animus.
1977 1418 2117 1452 Rursus
2134 1417 2172 1450 in
2193 1417 2306 1450 victo-

1297 1473 1370 1511 ria,
1398 1471 1435 1503 in
1454 1477 1536 1515 toga
1564 1469 1774 1503 mitissimus
1793 1476 1882 1504 erat.
1924 1469 1971 1503 Et
1994 1471 2092 1516 quod
2114 1468 2307 1514 singularis

1296 1530 1374 1556 erat
1404 1522 1640 1567 prudentiae,
1684 1522 1881 1567 praecipuo
1909 1523 2029 1557 studio
2057 1523 2226 1563 cavebat,
2261 1533 2307 1555 ne

1297 1575 1483 1608 iracundia
1511 1575 1680 1608 incitatus
1711 1575 1901 1619 praeberet
1932 1575 2158 1610 occasionem
2190 1580 2308 1608 muta-

1297 1627 1457 1661 tionibus
1478 1626 1657 1660 Ecclesiae
1683 1632 1746 1659 aut
1767 1625 1927 1671 Imperii.

1403 1680 1458 1714 Ab
1478 1677 1546 1713 hoc
1562 1684 1780 1725 prognatum
1801 1678 1972 1713 Carolum
1986 1707 1994 1720 ,
2021 1680 2155 1713 referre
2173 1678 2307 1711 avitam

1299 1732 1588 1766 moderationem
1605 1731 1949 1773 animadvertimus,
1975 1738 2010 1765 et
2027 1744 2068 1765 ea
2091 1744 2166 1766 esse
2191 1730 2310 1776 gravi-

1300 1792 1371 1819 tate
1399 1785 1604 1830 praeditum
1632 1784 1784 1825 scimus,
1826 1791 1866 1818 ut
1895 1785 2039 1819 intuens
2063 1785 2101 1817 in
2126 1783 2309 1817 maiorum

1299 1838 1462 1884 exempla
1481 1851 1555 1871 non
1573 1837 1618 1871 sit
1642 1838 1900 1871 commissurus
1914 1864 1923 1877 ‚
1952 1843 1992 1871 ut
2010 1838 2054 1870 ab
2070 1836 2141 1871 illis
2158 1837 2311 1881 degene-

1300 1904 1396 1926 rasse
1415 1892 1576 1930 dicatur,
1605 1896 1643 1923 nt
1659 1889 1796 1923 alienos
1816 1902 1947 1929 mores,
1975 1889 2144 1934 indignos
2161 1887 2312 1921 maiori-

1300 1946 1379 1985 bus,
1395 1943 1634 1982 accersivisse,
1654 1948 1692 1975 ut
1708 1941 1847 1986 primus
1863 1941 2132 1976 laudatissimae
2151 1940 2311 1974 familiae

1273 1989 1276 1998 ¹
1302 2005 1425 2031 notam
1451 1995 1641 2041 superbiae
1669 2001 1703 2027 et
1726 1994 1948 2028 crudelitatis
1971 1993 2140 2028 inussisse
2161 1993 2312 2026 feratur.

1304 2051 1472 2084 Meminit
1496 2050 1603 2082 etiam
1629 2049 1687 2079 avi
1712 2054 1902 2091 praecepta
1930 2049 1974 2080 de
1999 2047 2132 2080 timore
2150 2045 2238 2086 Dei,
2267 2045 2311 2078 de

1276 2133 1277 2137 ,
1302 2116 1388 2137 cura
1414 2103 1570 2137 tuendae
1590 2100 1794 2144 religionis,
1824 2101 1867 2132 de
1886 2099 2095 2133 clementia:
2131 2110 2244 2144 quae,
2272 2103 2314 2131 ut

1304 2159 1424 2195 decet,
1453 2155 1551 2188 x‘elut
1572 2152 1718 2187 oracula
1739 2153 1919 2186 observat.

1409 2209 1652 2255 Quanquam,
1688 2204 1776 2251 quid
1800 2217 1890 2250 opus
1916 2212 1968 2239 est
1986 2204 2093 2248 longa
2120 2200 2313 2236 oratione?

1304 2264 1379 2297 lam
1400 2260 1581 2307 specimen
1598 2258 1798 2292 industriae
1823 2264 1858 2290 et
1882 2257 2056 2291 virtutum
2077 2255 2233 2289 aliarum
2253 2255 2315 2288 de-

1305 2317 1359 2350 dit
1392 2315 1429 2348 in
1462 2311 1650 2358 Hispania.
1720 2311 1799 2343 Avo
1832 2309 1907 2344 eius
1940 2315 2107 2343 materno
2143 2306 2315 2347 extincto,

1307 2368 1428 2413 magni
1448 2371 1568 2399 motus
1586 2364 1624 2398 in
1644 2375 1769 2408 regno,
1799 2369 1834 2396 et
1852 2362 1972 2396 civiles
1990 2360 2192 2396 discordiae
2210 2364 2316 2392 erant

1307 2427 1465 2456 exortae.
1501 2417 1575 2451 Has
1594 2418 1752 2450 adventu
1768 2428 1833 2450 suo
1849 2414 2037 2460 repressit;
2066 2424 2220 2458 cumque
2239 2411 2316 2445 eius

1307 2472 1467 2508 nationis
1501 2469 1646 2515 ingenia
1678 2467 1950 2502 bellicosissima
1977 2466 2069 2506 sint,
2115 2471 2150 2498 et
2174 2470 2317 2498 exteros

1307 2525 1477 2560 dominos
1499 2535 1575 2556 non
1606 2522 1709 2556 facile
1740 2521 1948 2567 patiantur,
1990 2525 2113 2551 tamen
2138 2516 2214 2562 ipse
2239 2526 2316 2549 non

1308 2586 1382 2613 tam
1403 2576 1535 2617 armis,
1565 2587 1674 2621 quam
1699 2573 1862 2613 virtutis,
1890 2583 1930 2605 ac
1955 2569 2149 2616 praecipue
2173 2567 2316 2603 bonita-

1308 2632 1353 2665 tis
1381 2628 1644 2669 admiratione,
1686 2633 1801 2660 totam
1826 2623 2041 2669 Hispaniam
2067 2634 2164 2656 nunc
2187 2621 2237 2654 ita
2260 2631 2317 2653 re-

1309 2684 1399 2717 tinet
1415 2682 1454 2716 in
1472 2681 1611 2722 officio,
1639 2686 1680 2715 ut
1695 2690 1804 2713 nemo
1821 2677 1961 2721 Regum
1979 2687 2140 2721 unquam
2159 2681 2233 2707 tam
2253 2682 2315 2716 pa-

1309 2742 1425 2770 catam
1445 2734 1613 2768 tenuerit.
1667 2732 1790 2778 Quare
1809 2735 1985 2776 quantum
2004 2725 2216 2762 humanitus
2231 2733 2317 2768 pto-

2000 1313 2153 1360 QuOties
2184 1311 2305 1358 parvis
