<?xml version="1.0" encoding="UTF-8"?>
<!DOCTYPE html PUBLIC "-//W3C//DTD XHTML 1.0 Transitional//EN"
    "http://www.w3.org/TR/xhtml1/DTD/xhtml1-transitional.dtd">
<html xmlns="http://www.w3.org/1999/xhtml" xml:lang="en" lang="en">
 <head>
  <title>
</title>
<meta http-equiv="Content-Type" content="text/html;charset=utf-8" />
  <meta name='ocr-system' content='tesseract 3.04.00' />
  <meta name='ocr-capabilities' content='ocr_page ocr_carea ocr_par ocr_line ocrx_word'/>
</head>
<body>
  <div class='ocr_page' id='page_1' title='image "./operaquaesupersu20melauoft/operaquaesupersu20melauoft_0216.png"; bbox 0 0 2421 3037; ppageno 0'>
   <div class='ocr_carea' id='block_1_1' title="bbox 252 112 1113 150">
    <p class='ocr_par' dir='ltr' id='par_1_1' title="bbox 252 112 1113 150">
     <span class='ocr_line' id='line_1_1' title="bbox 252 112 1113 150; baseline -0.003 -1"><span class='ocrx_word' id='word_1_1' title='bbox 252 114 328 150; x_wconf 80' lang='lat'><strong>407</strong></span> <span class='ocrx_word' id='word_1_2' title='bbox 835 112 959 146; x_wconf 81' lang='lat' dir='ltr'><strong>PHIL.</strong></span> <span class='ocrx_word' id='word_1_3' title='bbox 999 113 1113 146; x_wconf 77' lang='lat' dir='ltr'><strong>MEL.</strong></span> 
     </span>
    </p>
   </div>
   <div class='ocr_carea' id='block_1_2' title="bbox 1050 198 1261 233">
    <p class='ocr_par' dir='ltr' id='par_1_2' title="bbox 1050 198 1261 233">
     <span class='ocr_line' id='line_1_2' title="bbox 1050 198 1261 233; baseline -0.005 -2"><span class='ocrx_word' id='word_1_4' title='bbox 1050 199 1121 233; x_wconf 78' lang='lat' dir='ltr'><strong>Res</strong></span> <span class='ocrx_word' id='word_1_5' title='bbox 1155 198 1261 232; x_wconf 85' lang='lat' dir='ltr'><strong>amici</strong></span> 
     </span>
    </p>
   </div>
   <div class='ocr_carea' id='block_1_3' title="bbox 1004 251 1263 296">
    <p class='ocr_par' dir='ltr' id='par_1_3' title="bbox 1004 251 1263 296">
     <span class='ocr_line' id='line_1_3' title="bbox 1004 251 1263 296; baseline -0.004 -11"><span class='ocrx_word' id='word_1_6' title='bbox 1004 251 1111 296; x_wconf 84' lang='lat' dir='ltr'><strong>Quod</strong></span> <span class='ocrx_word' id='word_1_7' title='bbox 1131 251 1263 290; x_wconf 83' lang='lat' dir='ltr'><strong>oderis,</strong></span> 
     </span>
    </p>
   </div>
   <div class='ocr_carea' id='block_1_4' title="bbox 253 198 1264 609">
    <p class='ocr_par' dir='ltr' id='par_1_4' title="bbox 253 198 1264 609">
     <span class='ocr_line' id='line_1_4' title="bbox 253 198 977 246; baseline -0.006 -11"><span class='ocrx_word' id='word_1_8' title='bbox 253 209 287 235; x_wconf 93' lang='lat' dir='ltr'><strong>te</strong></span> <span class='ocrx_word' id='word_1_9' title='bbox 317 202 433 246; x_wconf 89' lang='lat' dir='ltr'><strong>ipsum</strong></span> <span class='ocrx_word' id='word_1_10' title='bbox 461 200 674 245; x_wconf 85' lang='lat' dir='ltr'><strong>praecipites</strong></span> <span class='ocrx_word' id='word_1_11' title='bbox 701 198 737 231; x_wconf 89' lang='lat' dir='ltr'><strong>in</strong></span> <span class='ocrx_word' id='word_1_12' title='bbox 772 199 977 233; x_wconf 82' lang='lat' dir='ltr'>discrimen.</span> 
     </span>
     <span class='ocr_line' id='line_1_5' title="bbox 253 252 956 298; baseline -0.003 -11"><span class='ocrx_word' id='word_1_13' title='bbox 253 253 400 298; x_wconf 80' lang='lat' dir='ltr'><strong>diliges,</strong></span> <span class='ocrx_word' id='word_1_14' title='bbox 428 259 459 285; x_wconf 84' lang='lat' dir='ltr'><strong>et</strong></span> <span class='ocrx_word' id='word_1_15' title='bbox 482 252 629 296; x_wconf 79' lang='lat' dir='ltr'><strong>perinde</strong></span> <span class='ocrx_word' id='word_1_16' title='bbox 647 262 785 291; x_wconf 83' lang='lat' dir='ltr'><strong>serves,</strong></span> <span class='ocrx_word' id='word_1_17' title='bbox 813 264 851 283; x_wconf 86' lang='lat' dir='ltr'><strong>ac</strong></span> <span class='ocrx_word' id='word_1_18' title='bbox 867 257 956 285; x_wconf 79' lang='lat' dir='ltr'><strong>tuas.</strong></span> 
     </span>
     <span class='ocr_line' id='line_1_6' title="bbox 256 302 1261 343; baseline -0.005 -4"><span class='ocrx_word' id='word_1_19' title='bbox 256 305 359 339; x_wconf 81' lang='lat' dir='ltr'><strong>alteri</strong></span> <span class='ocrx_word' id='word_1_20' title='bbox 386 316 458 336; x_wconf 90' lang='lat' dir='ltr'><strong>non</strong></span> <span class='ocrx_word' id='word_1_21' title='bbox 482 303 618 336; x_wconf 82' lang='lat' dir='ltr'><strong>seceris.</strong></span> <span class='ocrx_word' id='word_1_22' title='bbox 688 302 741 336; x_wconf 87' lang='lat' dir='ltr'><strong>Ne</strong></span> <span class='ocrx_word' id='word_1_23' title='bbox 765 303 821 335; x_wconf 90' lang='lat' dir='ltr'><strong>cui</strong></span> <span class='ocrx_word' id='word_1_24' title='bbox 846 303 1046 343; x_wconf 76' lang='lat' dir='ltr'><strong>miniteris,</strong></span> <span class='ocrx_word' id='word_1_25' title='bbox 1088 309 1141 336; x_wconf 87' lang='lat' dir='ltr'><strong>est</strong></span> <span class='ocrx_word' id='word_1_26' title='bbox 1166 303 1261 336; x_wconf 89' lang='lat' dir='ltr'><strong>enim</strong></span> 
     </span>
     <span class='ocr_line' id='line_1_7' title="bbox 255 354 1263 401; baseline -0.004 -11"><span class='ocrx_word' id='word_1_27' title='bbox 255 356 443 390; x_wconf 85' lang='lat' dir='ltr'><strong>muliebre.</strong></span> <span class='ocrx_word' id='word_1_28' title='bbox 498 355 611 388; x_wconf 79' lang='lat' dir='ltr'><strong>Citius</strong></span> <span class='ocrx_word' id='word_1_29' title='bbox 637 355 681 386; x_wconf 88' lang='lat' dir='ltr'><strong>ad</strong></span> <span class='ocrx_word' id='word_1_30' title='bbox 701 354 944 389; x_wconf 86' lang='lat' dir='ltr'><strong>infortunatos</strong></span> <span class='ocrx_word' id='word_1_31' title='bbox 968 355 1125 395; x_wconf 84' lang='lat' dir='ltr'><strong>amicos,</strong></span> <span class='ocrx_word' id='word_1_32' title='bbox 1154 367 1263 401; x_wconf 77' lang='lat' dir='ltr'><strong>quam</strong></span> 
     </span>
     <span class='ocr_line' id='line_1_8' title="bbox 254 406 1264 451; baseline -0.002 -10"><span class='ocrx_word' id='word_1_33' title='bbox 254 410 460 442; x_wconf 82' lang='lat' dir='ltr'><strong>fortunatos</strong></span> <span class='ocrx_word' id='word_1_34' title='bbox 487 406 723 451; x_wconf 90' lang='lat' dir='ltr'><strong>proficiscere.</strong></span> <span class='ocrx_word' id='word_1_35' title='bbox 794 406 906 451; x_wconf 86' lang='lat' dir='ltr'><strong>Lapis</strong></span> <span class='ocrx_word' id='word_1_36' title='bbox 933 408 1010 439; x_wconf 85' lang='lat' dir='ltr'><strong>auri</strong></span> <span class='ocrx_word' id='word_1_37' title='bbox 1039 407 1165 447; x_wconf 84' lang='lat' dir='ltr'><strong>index,</strong></span> <span class='ocrx_word' id='word_1_38' title='bbox 1202 419 1264 440; x_wconf 78' lang='lat' dir='ltr'><strong>au-</strong></span> 
     </span>
     <span class='ocr_line' id='line_1_9' title="bbox 254 456 1050 503; baseline -0.001 -10"><span class='ocrx_word' id='word_1_39' title='bbox 254 472 336 493; x_wconf 84' lang='lat' dir='ltr'><strong>rum</strong></span> <span class='ocrx_word' id='word_1_40' title='bbox 363 457 566 492; x_wconf 88' lang='lat' dir='ltr'><strong>hominum.</strong></span> <span class='ocrx_word' id='word_1_41' title='bbox 620 457 716 490; x_wconf 76' lang='lat' dir='ltr'><strong>Volo</strong></span> <span class='ocrx_word' id='word_1_42' title='bbox 736 456 827 491; x_wconf 89' lang='lat' dir='ltr'><strong>nihil</strong></span> <span class='ocrx_word' id='word_1_43' title='bbox 847 458 1050 503; x_wconf 80' lang='lat' dir='ltr'><strong>pretiosius.</strong></span> 
     </span>
     <span class='ocr_line' id='line_1_10' title="bbox 255 510 797 554; baseline 0 -10"><span class='ocrx_word' id='word_1_44' title='bbox 255 511 434 545; x_wconf 81' lang='lat' dir='ltr'><strong>calumnia</strong></span> <span class='ocrx_word' id='word_1_45' title='bbox 453 511 565 543; x_wconf 85' lang='lat' dir='ltr'><strong>vitam</strong></span> <span class='ocrx_word' id='word_1_46' title='bbox 584 510 797 554; x_wconf 83' lang='lat' dir='ltr'><strong>corrumpit.</strong></span> 
     </span>
     <span class='ocr_line' id='line_1_11' title="bbox 257 562 743 609; baseline -0.006 -12"><span class='ocrx_word' id='word_1_47' title='bbox 257 564 338 609; x_wconf 88' lang='lat' dir='ltr'><strong>quis</strong></span> <span class='ocrx_word' id='word_1_48' title='bbox 355 564 514 607; x_wconf 86' lang='lat' dir='ltr'><strong>prudens</strong></span> <span class='ocrx_word' id='word_1_49' title='bbox 532 575 571 595; x_wconf 84' lang='lat' dir='ltr'><strong>ac</strong></span> <span class='ocrx_word' id='word_1_50' title='bbox 589 562 743 606; x_wconf 84' lang='lat' dir='ltr'><strong>sapiens.</strong></span> 
     </span>
    </p>
   </div>
   <div class='ocr_carea' id='block_1_5' title="bbox 855 511 1263 555">
    <p class='ocr_par' dir='ltr' id='par_1_5' title="bbox 855 511 1263 555">
     <span class='ocr_line' id='line_1_12' title="bbox 855 511 1263 555; baseline -0.002 -12"><span class='ocrx_word' id='word_1_51' title='bbox 855 511 1046 544; x_wconf 78' lang='lat' dir='ltr'><strong>Mendaces</strong></span> <span class='ocrx_word' id='word_1_52' title='bbox 1067 511 1143 543; x_wconf 84' lang='lat' dir='ltr'><strong>odit</strong></span> <span class='ocrx_word' id='word_1_53' title='bbox 1169 511 1263 555; x_wconf 89' lang='lat' dir='ltr'><strong>quis-</strong></span> 
     </span>
    </p>
   </div>
   <div class='ocr_carea' id='block_1_6' title="bbox 258 636 1266 688">
    <p class='ocr_par' dir='ltr' id='par_1_6' title="bbox 258 636 1266 688">
     <span class='ocr_line' id='line_1_13' title="bbox 258 636 1266 688; baseline -0.001 -13"><span class='ocrx_word' id='word_1_54' title='bbox 258 641 470 675; x_wconf 85' lang='lat' dir='ltr'><strong>Eiusdem</strong></span> <span class='ocrx_word' id='word_1_55' title='bbox 502 653 553 674; x_wconf 86' lang='lat' dir='ltr'><strong>ex</strong></span> <span class='ocrx_word' id='word_1_56' title='bbox 582 639 788 673; x_wconf 89' lang='lat' dir='ltr'><strong>Ausonio</strong></span> <span class='ocrx_word' id='word_1_57' title='bbox 818 638 957 688; x_wconf 89' lang='lat' dir='ltr'><strong>[p.118</strong></span> <span class='ocrx_word' id='word_1_58' title='bbox 977 653 1031 685; x_wconf 90' lang='lat' dir='ltr'><strong>sq.</strong></span> <span class='ocrx_word' id='word_1_59' title='bbox 1061 636 1266 686; x_wconf 83' lang='lat' dir='ltr'><strong>Ed.Scal.]‚</strong></span> 
     </span>
    </p>
   </div>
   <div class='ocr_carea' id='block_1_7' title="bbox 543 691 976 736">
    <p class='ocr_par' dir='ltr' id='par_1_7' title="bbox 543 691 976 736">
     <span class='ocr_line' id='line_1_14' title="bbox 543 691 976 736; baseline -0.002 -11"><span class='ocrx_word' id='word_1_60' title='bbox 543 692 704 725; x_wconf 81' lang='lat' dir='ltr'><strong>carmine</strong></span> <span class='ocrx_word' id='word_1_61' title='bbox 726 691 976 736; x_wconf 81' lang='lat' dir='ltr'><strong>Asclepiadeo.</strong></span> 
     </span>
    </p>
   </div>
   <div class='ocr_carea' id='block_1_8' title="bbox 253 759 1172 1119">
    <p class='ocr_par' dir='ltr' id='par_1_8' title="bbox 254 759 1033 899">
     <span class='ocr_line' id='line_1_15' title="bbox 257 759 1033 808; baseline -0.003 -13"><span class='ocrx_word' id='word_1_62' title='bbox 257 762 405 808; x_wconf 88' lang='lat' dir='ltr'><strong>Quanto</strong></span> <span class='ocrx_word' id='word_1_63' title='bbox 424 761 503 805; x_wconf 89' lang='lat' dir='ltr'><strong>plus</strong></span> <span class='ocrx_word' id='word_1_64' title='bbox 523 760 647 800; x_wconf 78' lang='lat' dir='ltr'><strong>liceat,</strong></span> <span class='ocrx_word' id='word_1_65' title='bbox 675 765 749 792; x_wconf 88' lang='lat' dir='ltr'><strong>tam</strong></span> <span class='ocrx_word' id='word_1_66' title='bbox 767 759 879 792; x_wconf 91' lang='lat' dir='ltr'><strong>libeat</strong></span> <span class='ocrx_word' id='word_1_67' title='bbox 900 759 1033 795; x_wconf 90' lang='lat' dir='ltr'><strong>minus.</strong></span> 
     </span>
     <span class='ocr_line' id='line_1_16' title="bbox 254 811 1032 848; baseline -0.004 0"><span class='ocrx_word' id='word_1_68' title='bbox 254 814 439 848; x_wconf 78' lang='lat' dir='ltr'><strong>Fortunae</strong></span> <span class='ocrx_word' id='word_1_69' title='bbox 459 811 595 845; x_wconf 81' lang='lat' dir='ltr'><strong>invidia</strong></span> <span class='ocrx_word' id='word_1_70' title='bbox 614 818 666 845; x_wconf 82' lang='lat' dir='ltr'><strong>est</strong></span> <span class='ocrx_word' id='word_1_71' title='bbox 689 811 892 844; x_wconf 88' lang='lat' dir='ltr'><strong>immeritus</strong></span> <span class='ocrx_word' id='word_1_72' title='bbox 911 812 1032 845; x_wconf 86' lang='lat' dir='ltr'><strong>miser.</strong></span> 
     </span>
     <span class='ocr_line' id='line_1_17' title="bbox 255 863 927 899; baseline -0.003 0"><span class='ocrx_word' id='word_1_73' title='bbox 255 866 380 899; x_wconf 85' lang='lat' dir='ltr'><strong>Foelix</strong></span> <span class='ocrx_word' id='word_1_74' title='bbox 399 864 610 898; x_wconf 86' lang='lat' dir='ltr'><strong>criminibus</strong></span> <span class='ocrx_word' id='word_1_75' title='bbox 627 863 747 896; x_wconf 88' lang='lat' dir='ltr'><strong>nullus</strong></span> <span class='ocrx_word' id='word_1_76' title='bbox 768 863 836 896; x_wconf 88' lang='lat' dir='ltr'><strong>erit</strong></span> <span class='ocrx_word' id='word_1_77' title='bbox 853 863 927 897; x_wconf 85' lang='lat' dir='ltr'><strong>diu.</strong></span> 
     </span>
    </p>

    <p class='ocr_par' dir='ltr' id='par_1_9' title="bbox 256 913 884 963">
     <span class='ocr_line' id='line_1_18' title="bbox 256 913 884 963; baseline -0.005 -12"><span class='ocrx_word' id='word_1_78' title='bbox 256 918 424 963; x_wconf 82' lang='lat' dir='ltr'><strong>Ignoscas</strong></span> <span class='ocrx_word' id='word_1_79' title='bbox 442 917 521 950; x_wconf 89' lang='lat' dir='ltr'><strong>aliis</strong></span> <span class='ocrx_word' id='word_1_80' title='bbox 538 916 650 949; x_wconf 84' lang='lat' dir='ltr'><strong>multa</strong></span> <span class='ocrx_word' id='word_1_81' title='bbox 662 942 672 955; x_wconf 90' lang='lat'><strong>,</strong></span> <span class='ocrx_word' id='word_1_82' title='bbox 699 913 791 947; x_wconf 91' lang='lat' dir='ltr'><strong>nihil</strong></span> <span class='ocrx_word' id='word_1_83' title='bbox 808 914 884 948; x_wconf 82' lang='lat' dir='ltr'><strong>tibi.</strong></span> 
     </span>
    </p>

    <p class='ocr_par' dir='ltr' id='par_1_10' title="bbox 253 965 1172 1063">
     <span class='ocr_line' id='line_1_19' title="bbox 254 965 1172 1015; baseline -0.003 -12"><span class='ocrx_word' id='word_1_84' title='bbox 254 971 377 1004; x_wconf 88' lang='lat' dir='ltr'><strong>Parcit</strong></span> <span class='ocrx_word' id='word_1_85' title='bbox 395 969 546 1015; x_wconf 90' lang='lat' dir='ltr'><strong>quisque</strong></span> <span class='ocrx_word' id='word_1_86' title='bbox 564 967 669 1001; x_wconf 91' lang='lat' dir='ltr'><strong>bonis</strong></span> <span class='ocrx_word' id='word_1_87' title='bbox 681 993 690 1007; x_wconf 88' lang='lat'>‚</span> <span class='ocrx_word' id='word_1_88' title='bbox 718 965 932 1011; x_wconf 74' lang='lat' dir='ltr'><strong>proderess)</strong></span> <span class='ocrx_word' id='word_1_89' title='bbox 951 966 1028 1000; x_wconf 89' lang='lat' dir='ltr'><strong>vult</strong></span> <span class='ocrx_word' id='word_1_90' title='bbox 1044 967 1172 1000; x_wconf 89' lang='lat' dir='ltr'><strong>bonos.</strong></span> 
     </span>
     <span class='ocr_line' id='line_1_20' title="bbox 253 1018 961 1063; baseline -0.004 -8"><span class='ocrx_word' id='word_1_91' title='bbox 253 1022 439 1056; x_wconf 89' lang='lat' dir='ltr'><strong>Maiorum</strong></span> <span class='ocrx_word' id='word_1_92' title='bbox 458 1019 596 1053; x_wconf 89' lang='lat' dir='ltr'><strong>meritis</strong></span> <span class='ocrx_word' id='word_1_93' title='bbox 613 1018 727 1063; x_wconf 85' lang='lat' dir='ltr'><strong>gloria</strong></span> <span class='ocrx_word' id='word_1_94' title='bbox 745 1031 821 1052; x_wconf 88' lang='lat' dir='ltr'><strong>non</strong></span> <span class='ocrx_word' id='word_1_95' title='bbox 839 1019 961 1052; x_wconf 86' lang='lat' dir='ltr'><strong>datur.</strong></span> 
     </span>
    </p>

    <p class='ocr_par' dir='ltr' id='par_1_11' title="bbox 254 1070 1020 1119">
     <span class='ocr_line' id='line_1_21' title="bbox 254 1070 1020 1119; baseline -0.005 -12"><span class='ocrx_word' id='word_1_96' title='bbox 254 1074 391 1119; x_wconf 88' lang='lat' dir='ltr'><strong>Turpis</strong></span> <span class='ocrx_word' id='word_1_97' title='bbox 411 1085 516 1117; x_wconf 84' lang='lat' dir='ltr'><strong>saepe</strong></span> <span class='ocrx_word' id='word_1_98' title='bbox 538 1073 645 1105; x_wconf 86' lang='lat' dir='ltr'><strong>datur</strong></span> <span class='ocrx_word' id='word_1_99' title='bbox 662 1071 778 1104; x_wconf 83' lang='lat' dir='ltr'><strong>forma</strong></span> <span class='ocrx_word' id='word_1_100' title='bbox 801 1070 1020 1104; x_wconf 88' lang='lat' dir='ltr'><strong>minoribus.</strong></span> 
     </span>
    </p>
   </div>
   <div class='ocr_carea' id='block_1_9' title="bbox 458 1146 1078 1184">
    <p class='ocr_par' dir='ltr' id='par_1_12' title="bbox 458 1146 1078 1184">
     <span class='ocr_line' id='line_1_22' title="bbox 458 1146 1078 1184; baseline -0.005 0"><span class='ocrx_word' id='word_1_101' title='bbox 458 1147 677 1184; x_wconf 92' lang='lat' dir='ltr'><strong>Chilonis</strong></span> <span class='ocrx_word' id='word_1_102' title='bbox 705 1146 1078 1181; x_wconf 87' lang='lat' dir='ltr'><strong>Lacedaemonii.</strong></span> 
     </span>
    </p>
   </div>
   <div class='ocr_carea' id='block_1_10' title="bbox 746 1215 1269 1460">
    <p class='ocr_par' dir='ltr' id='par_1_13' title="bbox 746 1215 1268 1314">
     <span class='ocr_line' id='line_1_23' title="bbox 746 1215 1268 1251; baseline -0.004 0"><span class='ocrx_word' id='word_1_103' title='bbox 746 1217 800 1251; x_wconf 88' lang='lat' dir='ltr'><strong>Ne</strong></span> <span class='ocrx_word' id='word_1_104' title='bbox 821 1217 878 1250; x_wconf 92' lang='lat' dir='ltr'><strong>cui</strong></span> <span class='ocrx_word' id='word_1_105' title='bbox 904 1216 1061 1251; x_wconf 77' lang='lat' dir='ltr'><strong>invidias</strong></span> <span class='ocrx_word' id='word_1_106' title='bbox 1084 1215 1268 1249; x_wconf 84' lang='lat' dir='ltr'><strong>mortalia.</strong></span> 
     </span>
     <span class='ocr_line' id='line_1_24' title="bbox 770 1269 1029 1314; baseline -0.004 -12"><span class='ocrx_word' id='word_1_107' title='bbox 770 1269 909 1314; x_wconf 87' lang='lat' dir='ltr'><strong>Turpia</strong></span> <span class='ocrx_word' id='word_1_108' title='bbox 934 1269 1029 1313; x_wconf 85' lang='lat' dir='ltr'><strong>suge.</strong></span> 
     </span>
    </p>

    <p class='ocr_par' dir='ltr' id='par_1_14' title="bbox 790 1321 1269 1460">
     <span class='ocr_line' id='line_1_25' title="bbox 790 1321 1151 1365; baseline 0 -11"><span class='ocrx_word' id='word_1_109' title='bbox 790 1321 1019 1355; x_wconf 87' lang='lat' dir='ltr'><strong>Multitudini</strong></span> <span class='ocrx_word' id='word_1_110' title='bbox 1039 1321 1151 1365; x_wconf 89' lang='lat' dir='ltr'><strong>place.</strong></span> 
     </span>
     <span class='ocr_line' id='line_1_26' title="bbox 1100 1372 1268 1418; baseline -0.018 -11"><span class='ocrx_word' id='word_1_111' title='bbox 1100 1372 1154 1407; x_wconf 88' lang='lat' dir='ltr'><strong>Ne</strong></span> <span class='ocrx_word' id='word_1_112' title='bbox 1179 1372 1268 1418; x_wconf 92' lang='lat' dir='ltr'><strong>quid</strong></span> 
     </span>
     <span class='ocr_line' id='line_1_27' title="bbox 966 1424 1269 1460; baseline -0.01 0"><span class='ocrx_word' id='word_1_113' title='bbox 966 1425 1020 1460; x_wconf 86' lang='lat' dir='ltr'><strong>Ne</strong></span> <span class='ocrx_word' id='word_1_114' title='bbox 1043 1424 1154 1459; x_wconf 84' lang='lat' dir='ltr'><strong>fueris</strong></span> <span class='ocrx_word' id='word_1_115' title='bbox 1183 1436 1269 1457; x_wconf 87' lang='lat' dir='ltr'><strong>one-</strong></span> 
     </span>
    </p>
   </div>
   <div class='ocr_carea' id='block_1_11' title="bbox 255 1217 1047 1514">
    <p class='ocr_par' dir='ltr' id='par_1_15' title="bbox 255 1217 1047 1514">
     <span class='ocr_line' id='line_1_28' title="bbox 360 1217 693 1262; baseline -0.009 -9"><span class='ocrx_word' id='word_1_116' title='bbox 360 1218 475 1254; x_wconf 84' lang='lat' dir='ltr'><strong>Nosce</strong></span> <span class='ocrx_word' id='word_1_117' title='bbox 501 1225 534 1252; x_wconf 89' lang='lat' dir='ltr'><strong>te</strong></span> <span class='ocrx_word' id='word_1_118' title='bbox 562 1217 693 1262; x_wconf 87' lang='lat' dir='ltr'><strong>ipsum.</strong></span> 
     </span>
     <span class='ocr_line' id='line_1_29' title="bbox 256 1271 715 1316; baseline 0 -11"><span class='ocrx_word' id='word_1_119' title='bbox 256 1271 554 1316; x_wconf 80' lang='lat' dir='ltr'><strong>Temperantiam</strong></span> <span class='ocrx_word' id='word_1_120' title='bbox 579 1281 715 1305; x_wconf 85' lang='lat' dir='ltr'><strong>exerce.</strong></span> 
     </span>
     <span class='ocr_line' id='line_1_30' title="bbox 255 1321 736 1369; baseline -0.006 -12"><span class='ocrx_word' id='word_1_121' title='bbox 255 1335 375 1369; x_wconf 89' lang='lat' dir='ltr'><strong>parce.</strong></span> <span class='ocrx_word' id='word_1_122' title='bbox 422 1321 517 1357; x_wconf 88' lang='lat' dir='ltr'><strong>Iuste</strong></span> <span class='ocrx_word' id='word_1_123' title='bbox 538 1334 613 1355; x_wconf 92' lang='lat' dir='ltr'><strong>rem</strong></span> <span class='ocrx_word' id='word_1_124' title='bbox 634 1333 736 1366; x_wconf 81' lang='lat' dir='ltr'><strong>para.</strong></span> 
     </span>
     <span class='ocr_line' id='line_1_31' title="bbox 255 1373 1047 1422; baseline -0.004 -13"><span class='ocrx_word' id='word_1_125' title='bbox 255 1375 392 1422; x_wconf 84' lang='lat' dir='ltr'><strong>pientia</strong></span> <span class='ocrx_word' id='word_1_126' title='bbox 411 1382 524 1410; x_wconf 89' lang='lat' dir='ltr'><strong>utere.</strong></span> <span class='ocrx_word' id='word_1_127' title='bbox 579 1373 745 1407; x_wconf 90' lang='lat' dir='ltr'><strong>Moribus</strong></span> <span class='ocrx_word' id='word_1_128' title='bbox 763 1374 939 1418; x_wconf 86' lang='lat' dir='ltr'><strong>probatus</strong></span> <span class='ocrx_word' id='word_1_129' title='bbox 960 1380 1047 1407; x_wconf 77' lang='lat' dir='ltr'><strong>este.</strong></span> 
     </span>
     <span class='ocr_line' id='line_1_32' title="bbox 257 1426 894 1473; baseline -0.005 -10"><span class='ocrx_word' id='word_1_130' title='bbox 257 1428 459 1473; x_wconf 84' lang='lat' dir='ltr'><strong>suspiceris.</strong></span> <span class='ocrx_word' id='word_1_131' title='bbox 529 1426 659 1460; x_wconf 89' lang='lat' dir='ltr'><strong>Oderis</strong></span> <span class='ocrx_word' id='word_1_132' title='bbox 683 1426 894 1460; x_wconf 80' lang='lat' dir='ltr'><strong>calumnias.</strong></span> 
     </span>
     <span class='ocr_line' id='line_1_33' title="bbox 258 1492 375 1514; baseline 0 0"><span class='ocrx_word' id='word_1_133' title='bbox 258 1492 375 1514; x_wconf 88' lang='lat' dir='ltr'><strong>rosus.</strong></span> 
     </span>
    </p>
   </div>
   <div class='ocr_carea' id='block_1_12' title="bbox 287 1543 1246 1593">
    <p class='ocr_par' dir='ltr' id='par_1_16' title="bbox 287 1543 1246 1593">
     <span class='ocr_line' id='line_1_34' title="bbox 287 1543 1246 1593; baseline -0.003 -11"><span class='ocrx_word' id='word_1_134' title='bbox 287 1547 501 1582; x_wconf 89' lang='lat' dir='ltr'><strong>Eiusdem</strong></span> <span class='ocrx_word' id='word_1_135' title='bbox 532 1559 582 1579; x_wconf 84' lang='lat' dir='ltr'><strong>ex</strong></span> <span class='ocrx_word' id='word_1_136' title='bbox 609 1545 814 1580; x_wconf 89' lang='lat' dir='ltr'><strong>Ausonio</strong></span> <span class='ocrx_word' id='word_1_137' title='bbox 846 1543 901 1593; x_wconf 88' lang='lat' dir='ltr'><strong>[p.</strong></span> <span class='ocrx_word' id='word_1_138' title='bbox 922 1544 1006 1579; x_wconf 84' lang='lat'><strong>119.</strong></span> <span class='ocrx_word' id='word_1_139' title='bbox 1033 1544 1099 1579; x_wconf 87' lang='lat' dir='ltr'><strong>Ed.</strong></span> <span class='ocrx_word' id='word_1_140' title='bbox 1119 1543 1246 1593; x_wconf 87' lang='lat' dir='ltr'><strong>Scal.],</strong></span> 
     </span>
    </p>
   </div>
   <div class='ocr_carea' id='block_1_13' title="bbox 543 1596 993 1632">
    <p class='ocr_par' dir='ltr' id='par_1_17' title="bbox 543 1596 993 1632">
     <span class='ocr_line' id='line_1_35' title="bbox 543 1596 993 1632; baseline -0.002 0"><span class='ocrx_word' id='word_1_141' title='bbox 543 1596 800 1632; x_wconf 88' lang='lat' dir='ltr'><strong>Choriambico</strong></span> <span class='ocrx_word' id='word_1_142' title='bbox 820 1597 993 1631; x_wconf 78' lang='lat' dir='ltr'><strong>carmine.</strong></span> 
     </span>
    </p>
   </div>
   <div class='ocr_carea' id='block_1_14' title="bbox 254 1666 1256 1974">
    <p class='ocr_par' dir='ltr' id='par_1_18' title="bbox 254 1666 1256 1974">
     <span class='ocr_line' id='line_1_36' title="bbox 256 1666 1158 1712; baseline -0.004 -8"><span class='ocrx_word' id='word_1_143' title='bbox 256 1670 352 1707; x_wconf 89' lang='lat' dir='ltr'><strong>Nolo</strong></span> <span class='ocrx_word' id='word_1_144' title='bbox 371 1669 491 1702; x_wconf 91' lang='lat' dir='ltr'><strong>minor</strong></span> <span class='ocrx_word' id='word_1_145' title='bbox 510 1680 565 1701; x_wconf 90' lang='lat' dir='ltr'><strong>me</strong></span> <span class='ocrx_word' id='word_1_146' title='bbox 583 1667 709 1701; x_wconf 88' lang='lat' dir='ltr'><strong>timeat</strong></span> <span class='ocrx_word' id='word_1_147' title='bbox 722 1694 732 1707; x_wconf 92' lang='lat'><strong>,</strong></span> <span class='ocrx_word' id='word_1_148' title='bbox 758 1666 1005 1712; x_wconf 88' lang='lat' dir='ltr'><strong>despiciatque</strong></span> <span class='ocrx_word' id='word_1_149' title='bbox 1027 1666 1158 1700; x_wconf 86' lang='lat' dir='ltr'><strong>maior.</strong></span> 
     </span>
     <span class='ocr_line' id='line_1_37' title="bbox 254 1716 1256 1767; baseline -0.004 -10"><span class='ocrx_word' id='word_1_150' title='bbox 254 1722 346 1757; x_wconf 88' lang='lat' dir='ltr'><strong>Vive</strong></span> <span class='ocrx_word' id='word_1_151' title='bbox 364 1732 503 1755; x_wconf 91' lang='lat' dir='ltr'><strong>memor</strong></span> <span class='ocrx_word' id='word_1_152' title='bbox 523 1719 671 1760; x_wconf 86' lang='lat' dir='ltr'><strong>mortis,</strong></span> <span class='ocrx_word' id='word_1_153' title='bbox 700 1719 897 1752; x_wconf 89' lang='lat' dir='ltr'><strong>immemor</strong></span> <span class='ocrx_word' id='word_1_154' title='bbox 916 1724 955 1752; x_wconf 88' lang='lat' dir='ltr'><strong>ut</strong></span> <span class='ocrx_word' id='word_1_155' title='bbox 971 1718 1019 1753; x_wconf 91' lang='lat' dir='ltr'><strong>sis</strong></span> <span class='ocrx_word' id='word_1_156' title='bbox 1038 1718 1163 1753; x_wconf 86' lang='lat' dir='ltr'><strong>salutis</strong></span> <span class='ocrx_word' id='word_1_157' title='bbox 1174 1716 1202 1737; x_wconf 87' lang='lat'><strong>¹¹</strong></span> <span class='ocrx_word' id='word_1_158' title='bbox 1215 1720 1256 1767; x_wconf 76' lang='lat'><strong>²).</strong></span> 
     </span>
     <span class='ocr_line' id='line_1_38' title="bbox 256 1769 1216 1816; baseline -0.004 -7"><span class='ocrx_word' id='word_1_159' title='bbox 256 1774 391 1809; x_wconf 84' lang='lat' dir='ltr'><strong>Tristia</strong></span> <span class='ocrx_word' id='word_1_160' title='bbox 408 1779 534 1807; x_wconf 88' lang='lat' dir='ltr'><strong>cuncta</strong></span> <span class='ocrx_word' id='word_1_161' title='bbox 554 1783 758 1816; x_wconf 78' lang='lat' dir='ltr'><strong>exuperans</strong></span> <span class='ocrx_word' id='word_1_162' title='bbox 776 1778 838 1805; x_wconf 86' lang='lat' dir='ltr'><strong>aut</strong></span> <span class='ocrx_word' id='word_1_163' title='bbox 857 1770 981 1804; x_wconf 83' lang='lat' dir='ltr'><strong>animo</strong></span> <span class='ocrx_word' id='word_1_164' title='bbox 1002 1777 1065 1804; x_wconf 84' lang='lat' dir='ltr'><strong>aut</strong></span> <span class='ocrx_word' id='word_1_165' title='bbox 1085 1769 1216 1805; x_wconf 81' lang='lat' dir='ltr'><strong>amico.</strong></span> 
     </span>
     <span class='ocr_line' id='line_1_39' title="bbox 257 1823 1202 1871; baseline -0.005 -10"><span class='ocrx_word' id='word_1_166' title='bbox 257 1828 315 1862; x_wconf 91' lang='lat' dir='ltr'><strong>Tu</strong></span> <span class='ocrx_word' id='word_1_167' title='bbox 331 1828 421 1861; x_wconf 90' lang='lat' dir='ltr'><strong>bene</strong></span> <span class='ocrx_word' id='word_1_168' title='bbox 440 1827 469 1860; x_wconf 90' lang='lat' dir='ltr'><strong>si</strong></span> <span class='ocrx_word' id='word_1_169' title='bbox 488 1824 576 1871; x_wconf 89' lang='lat' dir='ltr'><strong>quid</strong></span> <span class='ocrx_word' id='word_1_170' title='bbox 593 1824 704 1858; x_wconf 83' lang='lat' dir='ltr'><strong>facias</strong></span> <span class='ocrx_word' id='word_1_171' title='bbox 716 1850 725 1864; x_wconf 92' lang='lat'><strong>,</strong></span> <span class='ocrx_word' id='word_1_172' title='bbox 752 1836 827 1857; x_wconf 92' lang='lat' dir='ltr'><strong>non</strong></span> <span class='ocrx_word' id='word_1_173' title='bbox 845 1823 1051 1858; x_wconf 86' lang='lat' dir='ltr'><strong>meminisse</strong></span> <span class='ocrx_word' id='word_1_174' title='bbox 1067 1823 1120 1857; x_wconf 85' lang='lat' dir='ltr'><strong>fas</strong></span> <span class='ocrx_word' id='word_1_175' title='bbox 1139 1829 1202 1857; x_wconf 90' lang='lat' dir='ltr'><strong>est.</strong></span> 
     </span>
     <span class='ocr_line' id='line_1_40' title="bbox 258 1874 1216 1922; baseline -0.005 -8"><span class='ocrx_word' id='word_1_176' title='bbox 258 1881 370 1915; x_wconf 80' lang='lat' dir='ltr'><strong>Grata</strong></span> <span class='ocrx_word' id='word_1_177' title='bbox 390 1885 552 1912; x_wconf 88' lang='lat' dir='ltr'><strong>senectus</strong></span> <span class='ocrx_word' id='word_1_178' title='bbox 572 1875 738 1916; x_wconf 83' lang='lat' dir='ltr'><strong>homini,</strong></span> <span class='ocrx_word' id='word_1_179' title='bbox 767 1888 861 1922; x_wconf 85' lang='lat' dir='ltr'><strong>quae</strong></span> <span class='ocrx_word' id='word_1_180' title='bbox 880 1875 1005 1920; x_wconf 79' lang='lat' dir='ltr'><strong>parilis</strong></span> <span class='ocrx_word' id='word_1_181' title='bbox 1024 1874 1216 1909; x_wconf 87' lang='lat' dir='ltr'><strong>iuventuti.</strong></span> 
     </span>
     <span class='ocr_line' id='line_1_41' title="bbox 258 1927 1152 1974; baseline -0.006 -8"><span class='ocrx_word' id='word_1_182' title='bbox 258 1932 319 1967; x_wconf 80' lang='lat' dir='ltr'><strong>Illa</strong></span> <span class='ocrx_word' id='word_1_183' title='bbox 341 1932 507 1965; x_wconf 88' lang='lat' dir='ltr'><strong>iuventus</strong></span> <span class='ocrx_word' id='word_1_184' title='bbox 524 1929 671 1974; x_wconf 80' lang='lat' dir='ltr'><strong>gravior</strong></span> <span class='ocrx_word' id='word_1_185' title='bbox 684 1955 692 1968; x_wconf 80' lang='lat'><strong>‚</strong></span> <span class='ocrx_word' id='word_1_186' title='bbox 723 1940 815 1974; x_wconf 77' lang='lat' dir='ltr'><strong>quae</strong></span> <span class='ocrx_word' id='word_1_187' title='bbox 833 1927 962 1962; x_wconf 84' lang='lat' dir='ltr'><strong>similis</strong></span> <span class='ocrx_word' id='word_1_188' title='bbox 976 1933 1152 1962; x_wconf 76' lang='lat' dir='ltr'><strong>senectae.</strong></span> 
     </span>
    </p>
   </div>
   <div class='ocr_carea' id='block_1_15' title="bbox 501 2002 1035 2040">
    <p class='ocr_par' dir='ltr' id='par_1_19' title="bbox 501 2002 1035 2040">
     <span class='ocr_line' id='line_1_42' title="bbox 501 2002 1035 2040; baseline 0 -1"><span class='ocrx_word' id='word_1_189' title='bbox 501 2004 689 2040; x_wconf 87' lang='lat' dir='ltr'><strong>Solonis</strong></span> <span class='ocrx_word' id='word_1_190' title='bbox 718 2002 1035 2039; x_wconf 82' lang='lat' dir='ltr'><strong>Atheniensis.</strong></span> 
     </span>
    </p>
   </div>
   <div class='ocr_carea' id='block_1_16' title="bbox 368 2074 1271 2111">
    <p class='ocr_par' dir='ltr' id='par_1_20' title="bbox 368 2074 1271 2111">
     <span class='ocr_line' id='line_1_43' title="bbox 368 2074 1271 2111; baseline -0.003 0"><span class='ocrx_word' id='word_1_191' title='bbox 368 2077 485 2111; x_wconf 90' lang='lat' dir='ltr'><strong>Deum</strong></span> <span class='ocrx_word' id='word_1_192' title='bbox 518 2076 605 2109; x_wconf 89' lang='lat' dir='ltr'><strong>cole.</strong></span> <span class='ocrx_word' id='word_1_193' title='bbox 674 2074 849 2108; x_wconf 87' lang='lat' dir='ltr'><strong>Parentes</strong></span> <span class='ocrx_word' id='word_1_194' title='bbox 880 2086 1058 2108; x_wconf 85' lang='lat' dir='ltr'><strong>reverere.</strong></span> <span class='ocrx_word' id='word_1_195' title='bbox 1134 2074 1271 2109; x_wconf 84' lang='lat' dir='ltr'><strong>Amicis</strong></span> 
     </span>
    </p>
   </div>
   <div class='ocr_carea' id='block_1_17' title="bbox 484 2127 819 2163">
    <p class='ocr_par' dir='ltr' id='par_1_21' title="bbox 484 2127 819 2163">
     <span class='ocr_line' id='line_1_44' title="bbox 484 2127 819 2163; baseline -0.012 0"><span class='ocrx_word' id='word_1_196' title='bbox 484 2127 630 2163; x_wconf 79' lang='lat' dir='ltr'><strong>Nemini</strong></span> <span class='ocrx_word' id='word_1_197' title='bbox 646 2127 819 2160; x_wconf 75' lang='lat' dir='ltr'><strong>invideto.</strong></span> 
     </span>
    </p>
   </div>
   <div class='ocr_carea' id='block_1_18' title="bbox 263 2125 1270 2270">
    <p class='ocr_par' dir='ltr' id='par_1_22' title="bbox 263 2125 1270 2270">
     <span class='ocr_line' id='line_1_45' title="bbox 263 2125 1270 2166; baseline -0.003 -1"><span class='ocrx_word' id='word_1_198' title='bbox 263 2142 441 2166; x_wconf 87' lang='lat' dir='ltr'><strong>succurre.</strong></span> <span class='ocrx_word' id='word_1_199' title='bbox 862 2125 1062 2159; x_wconf 78' lang='lat' dir='ltr'><strong>Veritatem</strong></span> <span class='ocrx_word' id='word_1_200' title='bbox 1081 2126 1270 2162; x_wconf 74' lang='lat' dir='ltr'><strong>sustineto.</strong></span> 
     </span>
     <span class='ocr_line' id='line_1_46' title="bbox 264 2178 1270 2225; baseline -0.005 -8"><span class='ocrx_word' id='word_1_201' title='bbox 264 2184 316 2219; x_wconf 86' lang='lat' dir='ltr'><strong>Ne</strong></span> <span class='ocrx_word' id='word_1_202' title='bbox 335 2184 465 2217; x_wconf 84' lang='lat' dir='ltr'><strong>iurato.</strong></span> <span class='ocrx_word' id='word_1_203' title='bbox 511 2180 666 2224; x_wconf 83' lang='lat' dir='ltr'><strong>Legibus</strong></span> <span class='ocrx_word' id='word_1_204' title='bbox 685 2185 824 2223; x_wconf 79' lang='lat' dir='ltr'><strong>pareto.</strong></span> <span class='ocrx_word' id='word_1_205' title='bbox 872 2178 998 2223; x_wconf 85' lang='lat' dir='ltr'><strong>Cogita</strong></span> <span class='ocrx_word' id='word_1_206' title='bbox 1020 2180 1117 2225; x_wconf 92' lang='lat' dir='ltr'><strong>quod</strong></span> <span class='ocrx_word' id='word_1_207' title='bbox 1134 2179 1270 2213; x_wconf 84' lang='lat' dir='ltr'><strong>iustum</strong></span> 
     </span>
     <span class='ocr_line' id='line_1_47' title="bbox 265 2230 1270 2270; baseline -0.005 0"><span class='ocrx_word' id='word_1_208' title='bbox 265 2243 327 2270; x_wconf 88' lang='lat' dir='ltr'><strong>est.</strong></span> <span class='ocrx_word' id='word_1_209' title='bbox 389 2233 601 2268; x_wconf 68' lang='lat' dir='ltr'><strong>Iracundiae</strong></span> <span class='ocrx_word' id='word_1_210' title='bbox 631 2232 832 2265; x_wconf 76' lang='lat' dir='ltr'><strong>moderare.</strong></span> <span class='ocrx_word' id='word_1_211' title='bbox 899 2230 1082 2265; x_wconf 88' lang='lat' dir='ltr'><strong>Virtutem</strong></span> <span class='ocrx_word' id='word_1_212' title='bbox 1107 2231 1270 2266; x_wconf 85' lang='lat' dir='ltr'><strong>laudato.</strong></span> 
     </span>
    </p>
   </div>
   <div class='ocr_carea' id='block_1_19' title="bbox 266 2283 746 2330">
    <p class='ocr_par' dir='ltr' id='par_1_23' title="bbox 266 2283 746 2330">
     <span class='ocr_line' id='line_1_48' title="bbox 266 2283 746 2330; baseline -0.01 -9"><span class='ocrx_word' id='word_1_213' title='bbox 266 2288 382 2322; x_wconf 77' lang='lat' dir='ltr'><strong>Malos</strong></span> <span class='ocrx_word' id='word_1_214' title='bbox 401 2286 485 2320; x_wconf 86' lang='lat' dir='ltr'><strong>odio</strong></span> <span class='ocrx_word' id='word_1_215' title='bbox 503 2283 746 2330; x_wconf 83' lang='lat' dir='ltr'><strong>prosequitur.</strong></span> 
     </span>
    </p>
   </div>
   <div class='ocr_carea' id='block_1_20' title="bbox 292 2359 1255 2409">
    <p class='ocr_par' dir='ltr' id='par_1_24' title="bbox 292 2359 1255 2409">
     <span class='ocr_line' id='line_1_49' title="bbox 292 2359 1255 2409; baseline -0.003 -10"><span class='ocrx_word' id='word_1_216' title='bbox 292 2366 509 2399; x_wconf 81' lang='lat' dir='ltr'><strong>Eiusdem</strong></span> <span class='ocrx_word' id='word_1_217' title='bbox 540 2377 589 2398; x_wconf 86' lang='lat' dir='ltr'><strong>ex</strong></span> <span class='ocrx_word' id='word_1_218' title='bbox 615 2362 825 2397; x_wconf 83' lang='lat' dir='ltr'><strong>Ausonio</strong></span> <span class='ocrx_word' id='word_1_219' title='bbox 855 2359 909 2408; x_wconf 81' lang='lat' dir='ltr'><strong>[p.</strong></span> <span class='ocrx_word' id='word_1_220' title='bbox 929 2359 1016 2395; x_wconf 87' lang='lat'><strong>119.</strong></span> <span class='ocrx_word' id='word_1_221' title='bbox 1041 2359 1108 2394; x_wconf 88' lang='lat' dir='ltr'><strong>Ed.</strong></span> <span class='ocrx_word' id='word_1_222' title='bbox 1127 2359 1255 2409; x_wconf 82' lang='lat' dir='ltr'><strong>Scal.]‚</strong></span> 
     </span>
    </p>
   </div>
   <div class='ocr_carea' id='block_1_21' title="bbox 567 2414 972 2449">
    <p class='ocr_par' dir='ltr' id='par_1_25' title="bbox 567 2414 972 2449">
     <span class='ocr_line' id='line_1_50' title="bbox 567 2414 972 2449; baseline -0.002 0"><span class='ocrx_word' id='word_1_223' title='bbox 567 2414 771 2449; x_wconf 85' lang='lat' dir='ltr'><strong>Trochaico</strong></span> <span class='ocrx_word' id='word_1_224' title='bbox 801 2414 972 2448; x_wconf 80' lang='lat' dir='ltr'><strong>carmine.</strong></span> 
     </span>
    </p>
   </div>
   <div class='ocr_carea' id='block_1_22' title="bbox 268 2485 1273 2634">
    <p class='ocr_par' dir='ltr' id='par_1_26' title="bbox 268 2485 1273 2634">
     <span class='ocr_line' id='line_1_51' title="bbox 268 2485 1245 2527; baseline -0.004 -6"><span class='ocrx_word' id='word_1_225' title='bbox 268 2489 358 2524; x_wconf 85' lang='lat' dir='ltr'><strong>Dico</strong></span> <span class='ocrx_word' id='word_1_226' title='bbox 376 2495 458 2520; x_wconf 82' lang='lat' dir='ltr'><strong>tunc</strong></span> <span class='ocrx_word' id='word_1_227' title='bbox 479 2486 588 2518; x_wconf 80' lang='lat' dir='ltr'><strong>vitam</strong></span> <span class='ocrx_word' id='word_1_228' title='bbox 608 2486 772 2524; x_wconf 75' lang='lat' dir='ltr'><strong>beatam,</strong></span> <span class='ocrx_word' id='word_1_229' title='bbox 800 2485 870 2516; x_wconf 79' lang='lat' dir='ltr'><strong>fata</strong></span> <span class='ocrx_word' id='word_1_230' title='bbox 891 2496 972 2517; x_wconf 90' lang='lat' dir='ltr'><strong>cum</strong></span> <span class='ocrx_word' id='word_1_231' title='bbox 992 2489 1134 2527; x_wconf 82' lang='lat' dir='ltr'><strong>peracta</strong></span> <span class='ocrx_word' id='word_1_232' title='bbox 1151 2490 1245 2517; x_wconf 88' lang='lat' dir='ltr'><strong>sunt.</strong></span> 
     </span>
     <span class='ocr_line' id='line_1_52' title="bbox 268 2535 1273 2584; baseline -0.005 -10"><span class='ocrx_word' id='word_1_233' title='bbox 268 2542 339 2576; x_wconf 71' lang='lat' dir='ltr'><strong>Par</strong></span> <span class='ocrx_word' id='word_1_234' title='bbox 351 2539 428 2584; x_wconf 88' lang='lat' dir='ltr'><strong>pari</strong></span> <span class='ocrx_word' id='word_1_235' title='bbox 448 2538 590 2582; x_wconf 84' lang='lat' dir='ltr'><strong>iugator</strong></span> <span class='ocrx_word' id='word_1_236' title='bbox 607 2537 776 2576; x_wconf 83' lang='lat' dir='ltr'><strong>coniunx,</strong></span> <span class='ocrx_word' id='word_1_237' title='bbox 793 2536 941 2569; x_wconf 84' lang='lat' dir='ltr'><strong>dissidet</strong></span> <span class='ocrx_word' id='word_1_238' title='bbox 959 2536 1056 2581; x_wconf 89' lang='lat' dir='ltr'><strong>quod</strong></span> <span class='ocrx_word' id='word_1_239' title='bbox 1073 2535 1193 2580; x_wconf 80' lang='lat' dir='ltr'><strong>impar</strong></span> <span class='ocrx_word' id='word_1_240' title='bbox 1209 2541 1273 2569; x_wconf 87' lang='lat' dir='ltr'><strong>est.</strong></span> 
     </span>
     <span class='ocr_line' id='line_1_53' title="bbox 268 2587 1168 2634; baseline -0.006 -7"><span class='ocrx_word' id='word_1_241' title='bbox 268 2595 351 2628; x_wconf 71' lang='lat' dir='ltr'><strong>&#39;Non</strong></span> <span class='ocrx_word' id='word_1_242' title='bbox 369 2598 475 2625; x_wconf 83' lang='lat' dir='ltr'><strong>erunt</strong></span> <span class='ocrx_word' id='word_1_243' title='bbox 491 2589 648 2623; x_wconf 90' lang='lat' dir='ltr'><strong>honores</strong></span> <span class='ocrx_word' id='word_1_244' title='bbox 664 2601 817 2634; x_wconf 86' lang='lat' dir='ltr'><strong>usquam</strong></span> <span class='ocrx_word' id='word_1_245' title='bbox 836 2587 978 2621; x_wconf 86' lang='lat' dir='ltr'><strong>fortuiti</strong></span> <span class='ocrx_word' id='word_1_246' title='bbox 995 2587 1168 2622; x_wconf 85' lang='lat' dir='ltr'><strong>muneris.</strong></span> 
     </span>
    </p>
   </div>
   <div class='ocr_carea' id='block_1_23' title="bbox 270 2657 452 2664">
    <p class='ocr_par' dir='ltr' id='par_1_27' title="bbox 270 2657 452 2664">
     <span class='ocr_line' id='line_1_54' title="bbox 270 2657 452 2664; baseline 0 373"><span class='ocrx_word' id='word_1_247' title='bbox 270 2657 452 2664; x_wconf 95' lang='lat' dir='ltr'><strong> </strong></span> 
     </span>
    </p>
   </div>
   <div class='ocr_carea' id='block_1_24' title="bbox 304 2682 1274 2789">
    <p class='ocr_par' dir='ltr' id='par_1_28' title="bbox 304 2682 1274 2789">
     <span class='ocr_line' id='line_1_55' title="bbox 308 2682 1043 2717; baseline -0.008 -6"><span class='ocrx_word' id='word_1_248' title='bbox 308 2689 354 2714; x_wconf 85' lang='lat'><strong>11)</strong></span> <span class='ocrx_word' id='word_1_249' title='bbox 374 2686 506 2717; x_wconf 81' lang='lat' dir='ltr'><strong>prodere]</strong></span> <span class='ocrx_word' id='word_1_250' title='bbox 528 2684 568 2708; x_wconf 82' lang='lat' dir='ltr'><strong>sie</strong></span> <span class='ocrx_word' id='word_1_251' title='bbox 587 2683 636 2707; x_wconf 82' lang='lat' dir='ltr'><strong>Ed.</strong></span> <span class='ocrx_word' id='word_1_252' title='bbox 655 2682 748 2712; x_wconf 84' lang='lat'><strong>1530.;</strong></span> <span class='ocrx_word' id='word_1_253' title='bbox 775 2684 898 2706; x_wconf 62' lang='lat' dir='ltr'><strong>Ausum:</strong></span> <span class='ocrx_word' id='word_1_254' title='bbox 926 2682 1043 2712; x_wconf 82' lang='lat' dir='ltr'><strong>perdere</strong></span> 
     </span>
     <span class='ocr_line' id='line_1_56' title="bbox 304 2723 1274 2757; baseline -0.007 -4"><span class='ocrx_word' id='word_1_255' title='bbox 304 2731 368 2757; x_wconf 71' lang='lat'><strong>11⁵)</strong></span> <span class='ocrx_word' id='word_1_256' title='bbox 389 2730 531 2753; x_wconf 85' lang='lat' dir='ltr'><strong>immemor</strong></span> <span class='ocrx_word' id='word_1_257' title='bbox 551 2740 585 2744; x_wconf 88' lang='lat'>—</span> <span class='ocrx_word' id='word_1_258' title='bbox 605 2725 671 2757; x_wconf 69' lang='lat' dir='ltr'><strong>sat]</strong></span> <span class='ocrx_word' id='word_1_259' title='bbox 692 2727 732 2749; x_wconf 85' lang='lat' dir='ltr'><strong>sic</strong></span> <span class='ocrx_word' id='word_1_260' title='bbox 754 2726 800 2750; x_wconf 78' lang='lat' dir='ltr'><strong>Ed.</strong></span> <span class='ocrx_word' id='word_1_261' title='bbox 823 2725 916 2754; x_wconf 75' lang='lat'><strong>15³0.;</strong></span> <span class='ocrx_word' id='word_1_262' title='bbox 942 2729 1063 2748; x_wconf 61' lang='lat' dir='ltr'><strong>Ausum:</strong></span> <span class='ocrx_word' id='word_1_263' title='bbox 1094 2724 1133 2747; x_wconf 75' lang='lat' dir='ltr'><strong>uti</strong></span> <span class='ocrx_word' id='word_1_264' title='bbox 1153 2723 1194 2746; x_wconf 69' lang='lat' dir='ltr'><strong>sis</strong></span> <span class='ocrx_word' id='word_1_265' title='bbox 1216 2729 1274 2746; x_wconf 73' lang='lat' dir='ltr'><strong>ine-</strong></span> 
     </span>
     <span class='ocr_line' id='line_1_57' title="bbox 340 2763 572 2789; baseline -0.004 -2"><span class='ocrx_word' id='word_1_266' title='bbox 340 2770 398 2788; x_wconf 86' lang='lat' dir='ltr'><strong>mor</strong></span> <span class='ocrx_word' id='word_1_267' title='bbox 417 2767 444 2788; x_wconf 83' lang='lat' dir='ltr'><strong>et</strong></span> <span class='ocrx_word' id='word_1_268' title='bbox 463 2763 572 2789; x_wconf 59' lang='lat' dir='ltr'><strong>salutis.</strong></span> 
     </span>
    </p>
   </div>
   <div class='ocr_carea' id='block_1_25' title="bbox 1151 111 1354 146">
    <p class='ocr_par' dir='ltr' id='par_1_29' title="bbox 1151 111 1354 146">
     <span class='ocr_line' id='line_1_58' title="bbox 1151 111 1354 146; baseline 0 0"><span class='ocrx_word' id='word_1_269' title='bbox 1151 111 1354 146; x_wconf 81' lang='lat' dir='ltr'>SCRIPTA</span> 
     </span>
    </p>
   </div>
   <div class='ocr_carea' id='block_1_26' title="bbox 1288 208 1293 375">
    <p class='ocr_par' dir='ltr' id='par_1_30' title="bbox 1288 208 1293 375">
     <span class='ocr_line' id='line_1_59' title="bbox 1288 208 1293 375; baseline 0 2662"><span class='ocrx_word' id='word_1_270' title='bbox 1288 208 1293 375; x_wconf 95' lang='lat' dir='ltr'><strong> </strong></span> 
     </span>
    </p>
   </div>
   <div class='ocr_carea' id='block_1_27' title="bbox 1107 459 1293 492">
    <p class='ocr_par' dir='ltr' id='par_1_31' title="bbox 1107 459 1293 492">
     <span class='ocr_line' id='line_1_60' title="bbox 1107 459 1293 492; baseline -0.005 -1"><span class='ocrx_word' id='word_1_271' title='bbox 1107 459 1264 492; x_wconf 84' lang='lat' dir='ltr'><strong>Mendax</strong></span> <span class='ocrx_word' id='word_1_272' title='bbox 1292 482 1293 486; x_wconf 64' lang='lat'>,</span> 
     </span>
    </p>
   </div>
   <div class='ocr_carea' id='block_1_28' title="bbox 1090 1267 1269 1312">
    <p class='ocr_par' dir='ltr' id='par_1_32' title="bbox 1090 1267 1269 1312">
     <span class='ocr_line' id='line_1_61' title="bbox 1090 1267 1269 1312; baseline -0.011 -11"><span class='ocrx_word' id='word_1_273' title='bbox 1090 1267 1269 1312; x_wconf 75' lang='lat' dir='ltr'><strong>Temperi</strong></span> 
     </span>
    </p>
   </div>
   <div class='ocr_carea' id='block_1_29' title="bbox 1205 1319 1299 1366">
    <p class='ocr_par' dir='ltr' id='par_1_33' title="bbox 1205 1319 1299 1366">
     <span class='ocr_line' id='line_1_62' title="bbox 1205 1319 1299 1366; baseline -0.021 -12"><span class='ocrx_word' id='word_1_274' title='bbox 1205 1319 1269 1354; x_wconf 86' lang='lat' dir='ltr'><strong>Sa·</strong></span> <span class='ocrx_word' id='word_1_275' title='bbox 1295 1331 1299 1366; x_wconf 51' lang='lat' dir='ltr'><strong>q</strong></span> 
     </span>
    </p>
   </div>
   <div class='ocr_carea' id='block_1_30' title="bbox 1394 112 2322 156">
    <p class='ocr_par' dir='ltr' id='par_1_34' title="bbox 1394 112 2322 156">
     <span class='ocr_line' id='line_1_63' title="bbox 1394 112 2322 156; baseline 0.011 -10"><span class='ocrx_word' id='word_1_276' title='bbox 1394 112 1734 150; x_wconf 87' lang='lat' dir='ltr'><strong>PHILOLOGICA.</strong></span> <span class='ocrx_word' id='word_1_277' title='bbox 2249 121 2322 156; x_wconf 88' lang='grc'><strong>408</strong></span> 
     </span>
    </p>
   </div>
   <div class='ocr_carea' id='block_1_31' title="bbox 1318 200 2324 458">
    <p class='ocr_par' dir='ltr' id='par_1_35' title="bbox 1318 200 2324 290">
     <span class='ocr_line' id='line_1_64' title="bbox 1318 200 2324 249; baseline 0.006 -15"><span class='ocrx_word' id='word_1_278' title='bbox 1318 200 1419 234; x_wconf 80' lang='lat' dir='ltr'><strong>Clam</strong></span> <span class='ocrx_word' id='word_1_279' title='bbox 1447 213 1622 245; x_wconf 75' lang='lat' dir='ltr'><strong>coarguas</strong></span> <span class='ocrx_word' id='word_1_280' title='bbox 1649 203 1915 249; x_wconf 86' lang='lat' dir='ltr'><strong>propinquum,</strong></span> <span class='ocrx_word' id='word_1_281' title='bbox 1953 207 2015 238; x_wconf 84' lang='lat' dir='ltr'><strong>sed</strong></span> <span class='ocrx_word' id='word_1_282' title='bbox 2049 208 2167 249; x_wconf 80' lang='lat' dir='ltr'><strong>palam</strong></span> <span class='ocrx_word' id='word_1_283' title='bbox 2202 209 2324 242; x_wconf 85' lang='lat' dir='ltr'><strong>lauda-</strong></span> 
     </span>
     <span class='ocr_line' id='line_1_65' title="bbox 1955 257 2061 290; baseline 0.009 -1"><span class='ocrx_word' id='word_1_284' title='bbox 1955 257 2061 290; x_wconf 90' lang='lat' dir='ltr'><strong>veris.</strong></span> 
     </span>
    </p>

    <p class='ocr_par' dir='ltr' id='par_1_36' title="bbox 1318 303 2273 354">
     <span class='ocr_line' id='line_1_66' title="bbox 1318 303 2273 354; baseline 0.008 -17"><span class='ocrx_word' id='word_1_285' title='bbox 1318 303 1510 339; x_wconf 82' lang='lat' dir='ltr'><strong>Pulchrius</strong></span> <span class='ocrx_word' id='word_1_286' title='bbox 1528 306 1643 339; x_wconf 87' lang='lat' dir='ltr'><strong>multo</strong></span> <span class='ocrx_word' id='word_1_287' title='bbox 1661 309 1805 350; x_wconf 82' lang='lat' dir='ltr'><strong>parari,</strong></span> <span class='ocrx_word' id='word_1_288' title='bbox 1834 322 1941 354; x_wconf 80' lang='lat' dir='ltr'><strong>quam</strong></span> <span class='ocrx_word' id='word_1_289' title='bbox 1961 309 2076 342; x_wconf 83' lang='lat' dir='ltr'><strong>creari</strong></span> <span class='ocrx_word' id='word_1_290' title='bbox 2100 309 2273 345; x_wconf 79' lang='lat' dir='ltr'><strong>nobilem.</strong></span> 
     </span>
    </p>

    <p class='ocr_par' dir='ltr' id='par_1_37' title="bbox 1319 356 2289 406">
     <span class='ocr_line' id='line_1_67' title="bbox 1319 356 2289 406; baseline 0.006 -17"><span class='ocrx_word' id='word_1_291' title='bbox 1319 356 1424 390; x_wconf 80' lang='lat' dir='ltr'><strong>Certa</strong></span> <span class='ocrx_word' id='word_1_292' title='bbox 1446 358 1473 390; x_wconf 92' lang='lat' dir='ltr'><strong>si</strong></span> <span class='ocrx_word' id='word_1_293' title='bbox 1493 359 1634 390; x_wconf 85' lang='lat' dir='ltr'><strong>decreta</strong></span> <span class='ocrx_word' id='word_1_294' title='bbox 1654 371 1732 393; x_wconf 93' lang='lat' dir='ltr'><strong>sors</strong></span> <span class='ocrx_word' id='word_1_295' title='bbox 1750 366 1822 400; x_wconf 86' lang='lat' dir='ltr'><strong>est,</strong></span> <span class='ocrx_word' id='word_1_296' title='bbox 1851 361 1937 406; x_wconf 86' lang='lat' dir='ltr'><strong>quid</strong></span> <span class='ocrx_word' id='word_1_297' title='bbox 1955 373 2084 394; x_wconf 87' lang='lat' dir='ltr'><strong>cavere</strong></span> <span class='ocrx_word' id='word_1_298' title='bbox 2101 361 2289 406; x_wconf 78' lang='lat' dir='ltr'><strong>proderit?</strong></span> 
     </span>
    </p>

    <p class='ocr_par' dir='ltr' id='par_1_38' title="bbox 1319 408 2300 458">
     <span class='ocr_line' id='line_1_68' title="bbox 1319 408 2300 458; baseline 0.005 -16"><span class='ocrx_word' id='word_1_299' title='bbox 1319 408 1402 442; x_wconf 87' lang='lat' dir='ltr'><strong>Sive</strong></span> <span class='ocrx_word' id='word_1_300' title='bbox 1420 416 1503 443; x_wconf 89' lang='lat' dir='ltr'><strong>sunt</strong></span> <span class='ocrx_word' id='word_1_301' title='bbox 1522 409 1657 443; x_wconf 85' lang='lat' dir='ltr'><strong>incerta</strong></span> <span class='ocrx_word' id='word_1_302' title='bbox 1677 418 1802 445; x_wconf 87' lang='lat' dir='ltr'><strong>cuncta</strong></span> <span class='ocrx_word' id='word_1_303' title='bbox 1815 439 1824 452; x_wconf 93' lang='lat'><strong>,</strong></span> <span class='ocrx_word' id='word_1_304' title='bbox 1851 412 1938 458; x_wconf 88' lang='lat' dir='ltr'><strong>quid</strong></span> <span class='ocrx_word' id='word_1_305' title='bbox 1957 413 2086 447; x_wconf 88' lang='lat' dir='ltr'><strong>timere</strong></span> <span class='ocrx_word' id='word_1_306' title='bbox 2105 412 2300 447; x_wconf 79' lang='lat' dir='ltr'><strong>convenit?</strong></span> 
     </span>
    </p>
   </div>
   <div class='ocr_carea' id='block_1_32' title="bbox 1605 482 2038 533">
    <p class='ocr_par' dir='ltr' id='par_1_39' title="bbox 1605 482 2038 533">
     <span class='ocr_line' id='line_1_69' title="bbox 1605 482 2038 533; baseline 0.009 -4"><span class='ocrx_word' id='word_1_307' title='bbox 1605 482 1821 530; x_wconf 74' lang='lat' dir='ltr'><strong>Thaletis¹</strong></span> <span class='ocrx_word' id='word_1_308' title='bbox 1848 497 2038 533; x_wconf 75' lang='lat' dir='ltr'><strong>Milesii.</strong></span> 
     </span>
    </p>
   </div>
   <div class='ocr_carea' id='block_1_33' title="bbox 1319 564 2330 818">
    <p class='ocr_par' dir='ltr' id='par_1_40' title="bbox 1319 564 2330 818">
     <span class='ocr_line' id='line_1_70' title="bbox 1426 564 2328 612; baseline 0.004 -14"><span class='ocrx_word' id='word_1_309' title='bbox 1426 565 1632 611; x_wconf 86' lang='lat' dir='ltr'><strong>Principem</strong></span> <span class='ocrx_word' id='word_1_310' title='bbox 1648 564 1803 600; x_wconf 88' lang='lat' dir='ltr'><strong>honora.</strong></span> <span class='ocrx_word' id='word_1_311' title='bbox 1848 567 1995 601; x_wconf 87' lang='lat' dir='ltr'><strong>Amicos</strong></span> <span class='ocrx_word' id='word_1_312' title='bbox 2011 570 2177 612; x_wconf 87' lang='lat' dir='ltr'><strong>probat0.</strong></span> <span class='ocrx_word' id='word_1_313' title='bbox 2222 569 2328 603; x_wconf 87' lang='lat' dir='ltr'><strong>Simi-</strong></span> 
     </span>
     <span class='ocr_line' id='line_1_71' title="bbox 1320 618 2330 665; baseline 0.005 -16"><span class='ocrx_word' id='word_1_314' title='bbox 1320 618 1362 651; x_wconf 90' lang='lat' dir='ltr'><strong>lis</strong></span> <span class='ocrx_word' id='word_1_315' title='bbox 1376 618 1428 651; x_wconf 81' lang='lat' dir='ltr'><strong>tui</strong></span> <span class='ocrx_word' id='word_1_316' title='bbox 1448 618 1506 652; x_wconf 89' lang='lat' dir='ltr'><strong>sis.</strong></span> <span class='ocrx_word' id='word_1_317' title='bbox 1557 618 1702 653; x_wconf 87' lang='lat' dir='ltr'><strong>Nemini</strong></span> <span class='ocrx_word' id='word_1_318' title='bbox 1722 619 1939 663; x_wconf 83' lang='lat' dir='ltr'><strong>promittito.</strong></span> <span class='ocrx_word' id='word_1_319' title='bbox 1987 620 2097 665; x_wconf 85' lang='lat' dir='ltr'><strong>Quod</strong></span> <span class='ocrx_word' id='word_1_320' title='bbox 2115 622 2215 655; x_wconf 88' lang='lat' dir='ltr'><strong>adest</strong></span> <span class='ocrx_word' id='word_1_321' title='bbox 2240 622 2330 655; x_wconf 88' lang='lat' dir='ltr'><strong>boni</strong></span> 
     </span>
     <span class='ocr_line' id='line_1_72' title="bbox 1321 669 2329 709; baseline 0.007 -7"><span class='ocrx_word' id='word_1_322' title='bbox 1321 669 1511 703; x_wconf 74' lang='lat' dir='ltr'><strong>consulito.</strong></span> <span class='ocrx_word' id='word_1_323' title='bbox 1565 671 1598 703; x_wconf 90' lang='lat' dir='ltr'>A</span> <span class='ocrx_word' id='word_1_324' title='bbox 1622 671 1718 705; x_wconf 89' lang='lat' dir='ltr'><strong>vitiis</strong></span> <span class='ocrx_word' id='word_1_325' title='bbox 1741 671 1932 706; x_wconf 84' lang='lat' dir='ltr'><strong>abstineto.</strong></span> <span class='ocrx_word' id='word_1_326' title='bbox 1990 671 2155 706; x_wconf 87' lang='lat' dir='ltr'><strong>Gloriam</strong></span> <span class='ocrx_word' id='word_1_327' title='bbox 2181 680 2329 709; x_wconf 81' lang='lat' dir='ltr'><strong>sectare.</strong></span> 
     </span>
     <span class='ocr_line' id='line_1_73' title="bbox 1319 721 2328 769; baseline 0.006 -15"><span class='ocrx_word' id='word_1_328' title='bbox 1319 721 1425 754; x_wconf 86' lang='lat' dir='ltr'><strong>Vitae</strong></span> <span class='ocrx_word' id='word_1_329' title='bbox 1446 734 1568 755; x_wconf 85' lang='lat' dir='ltr'><strong>curam</strong></span> <span class='ocrx_word' id='word_1_330' title='bbox 1590 735 1665 767; x_wconf 76' lang='lat' dir='ltr'><strong>age.</strong></span> <span class='ocrx_word' id='word_1_331' title='bbox 1721 723 1851 757; x_wconf 82' lang='lat' dir='ltr'><strong>Pacem</strong></span> <span class='ocrx_word' id='word_1_332' title='bbox 1872 725 1994 769; x_wconf 86' lang='lat' dir='ltr'><strong>dilige.</strong></span> <span class='ocrx_word' id='word_1_333' title='bbox 2047 724 2234 760; x_wconf 75' lang='lat' dir='ltr'><strong>Laudatus</strong></span> <span class='ocrx_word' id='word_1_334' title='bbox 2253 732 2328 760; x_wconf 82' lang='lat' dir='ltr'><strong>esto</strong></span> 
     </span>
     <span class='ocr_line' id='line_1_74' title="bbox 1322 765 2214 818; baseline 0.008 -12"><span class='ocrx_word' id='word_1_335' title='bbox 1322 774 1417 818; x_wconf 86' lang='lat' dir='ltr'><strong>apud</strong></span> <span class='ocrx_word' id='word_1_336' title='bbox 1437 786 1574 809; x_wconf 89' lang='lat' dir='ltr'><strong>omnes.</strong></span> <span class='ocrx_word' id='word_1_337' title='bbox 1627 765 1870 809; x_wconf 56' lang='lat' dir='ltr'><strong>Susum-oriem</strong></span> <span class='ocrx_word' id='word_1_338' title='bbox 1890 789 1932 810; x_wconf 82' lang='lat' dir='ltr'><strong>ex</strong></span> <span class='ocrx_word' id='word_1_339' title='bbox 1947 777 2097 812; x_wconf 88' lang='lat' dir='ltr'><strong>aedibus</strong></span> <span class='ocrx_word' id='word_1_340' title='bbox 2114 778 2214 813; x_wconf 84' lang='lat' dir='ltr'><strong>eiice.</strong></span> 
     </span>
    </p>
   </div>
   <div class='ocr_carea' id='block_1_34' title="bbox 1457 850 2192 903">
    <p class='ocr_par' dir='ltr' id='par_1_41' title="bbox 1457 850 2192 903">
     <span class='ocr_line' id='line_1_75' title="bbox 1457 850 2192 903; baseline 0.007 -19"><span class='ocrx_word' id='word_1_341' title='bbox 1457 850 1521 885; x_wconf 87' lang='lat' dir='ltr'><strong>Ex</strong></span> <span class='ocrx_word' id='word_1_342' title='bbox 1548 852 1754 886; x_wconf 87' lang='lat' dir='ltr'><strong>Ausonio</strong></span> <span class='ocrx_word' id='word_1_343' title='bbox 1784 852 1838 901; x_wconf 88' lang='lat' dir='ltr'><strong>[p.</strong></span> <span class='ocrx_word' id='word_1_344' title='bbox 1858 854 1945 890; x_wconf 75' lang='lat'><strong>120.</strong></span> <span class='ocrx_word' id='word_1_345' title='bbox 1972 854 2041 889; x_wconf 85' lang='lat' dir='ltr'><strong>Ed.</strong></span> <span class='ocrx_word' id='word_1_346' title='bbox 2059 853 2192 903; x_wconf 82' lang='lat' dir='ltr'><strong>Scal.]‚</strong></span> 
     </span>
    </p>
   </div>
   <div class='ocr_carea' id='block_1_35' title="bbox 1607 905 2044 941">
    <p class='ocr_par' dir='ltr' id='par_1_42' title="bbox 1607 905 2044 941">
     <span class='ocr_line' id='line_1_76' title="bbox 1607 905 2044 941; baseline 0.009 -5"><span class='ocrx_word' id='word_1_347' title='bbox 1607 905 1767 938; x_wconf 77' lang='lat' dir='ltr'><strong>carmine</strong></span> <span class='ocrx_word' id='word_1_348' title='bbox 1796 906 2044 941; x_wconf 76' lang='lat' dir='ltr'><strong>pentametro.</strong></span> 
     </span>
    </p>
   </div>
   <div class='ocr_carea' id='block_1_36' title="bbox 1321 973 2234 1275">
    <p class='ocr_par' dir='ltr' id='par_1_43' title="bbox 1322 973 2087 1018">
     <span class='ocr_line' id='line_1_77' title="bbox 1322 973 2087 1018; baseline 0.005 -12"><span class='ocrx_word' id='word_1_349' title='bbox 1322 973 1446 1018; x_wconf 89' lang='lat' dir='ltr'><strong>Turpe</strong></span> <span class='ocrx_word' id='word_1_350' title='bbox 1464 973 1551 1018; x_wconf 90' lang='lat' dir='ltr'><strong>quid</strong></span> <span class='ocrx_word' id='word_1_351' title='bbox 1567 985 1719 1007; x_wconf 87' lang='lat' dir='ltr'><strong>ausurus</strong></span> <span class='ocrx_word' id='word_1_352' title='bbox 1738 981 1772 1007; x_wconf 85' lang='lat' dir='ltr'><strong>te</strong></span> <span class='ocrx_word' id='word_1_353' title='bbox 1788 975 1865 1008; x_wconf 91' lang='lat' dir='ltr'><strong>sine</strong></span> <span class='ocrx_word' id='word_1_354' title='bbox 1883 981 1972 1010; x_wconf 87' lang='lat' dir='ltr'><strong>teste</strong></span> <span class='ocrx_word' id='word_1_355' title='bbox 1987 975 2087 1010; x_wconf 92' lang='lat' dir='ltr'><strong>time.</strong></span> 
     </span>
    </p>

    <p class='ocr_par' dir='ltr' id='par_1_44' title="bbox 1321 1024 2108 1122">
     <span class='ocr_line' id='line_1_78' title="bbox 1321 1024 2108 1070; baseline 0.006 -13"><span class='ocrx_word' id='word_1_356' title='bbox 1321 1024 1403 1057; x_wconf 85' lang='lat' dir='ltr'><strong>Vita</strong></span> <span class='ocrx_word' id='word_1_357' title='bbox 1424 1025 1538 1069; x_wconf 87' lang='lat' dir='ltr'><strong>perit,</strong></span> <span class='ocrx_word' id='word_1_358' title='bbox 1566 1026 1694 1060; x_wconf 86' lang='lat' dir='ltr'><strong>mortis</strong></span> <span class='ocrx_word' id='word_1_359' title='bbox 1711 1026 1826 1070; x_wconf 82' lang='lat' dir='ltr'><strong>gloria</strong></span> <span class='ocrx_word' id='word_1_360' title='bbox 1845 1039 1919 1060; x_wconf 91' lang='lat' dir='ltr'><strong>non</strong></span> <span class='ocrx_word' id='word_1_361' title='bbox 1939 1028 2108 1062; x_wconf 84' lang='lat' dir='ltr'><strong>moritur.</strong></span> 
     </span>
     <span class='ocr_line' id='line_1_79' title="bbox 1323 1077 2080 1122; baseline 0.005 -13"><span class='ocrx_word' id='word_1_362' title='bbox 1323 1077 1431 1122; x_wconf 86' lang='lat' dir='ltr'><strong>Quod</strong></span> <span class='ocrx_word' id='word_1_363' title='bbox 1449 1078 1610 1111; x_wconf 81' lang='lat' dir='ltr'><strong>facturus</strong></span> <span class='ocrx_word' id='word_1_364' title='bbox 1627 1078 1716 1118; x_wconf 89' lang='lat' dir='ltr'><strong>eris,</strong></span> <span class='ocrx_word' id='word_1_365' title='bbox 1746 1078 1864 1111; x_wconf 86' lang='lat' dir='ltr'><strong>dicere</strong></span> <span class='ocrx_word' id='word_1_366' title='bbox 1882 1080 2080 1114; x_wconf 88' lang='lat' dir='ltr'><strong>sustuleris.</strong></span> 
     </span>
    </p>

    <p class='ocr_par' dir='ltr' id='par_1_45' title="bbox 1324 1129 2224 1225">
     <span class='ocr_line' id='line_1_80' title="bbox 1324 1129 2224 1179; baseline 0.006 -17"><span class='ocrx_word' id='word_1_367' title='bbox 1324 1129 1421 1163; x_wconf 79' lang='lat' dir='ltr'><strong>Crux</strong></span> <span class='ocrx_word' id='word_1_368' title='bbox 1437 1136 1507 1170; x_wconf 85' lang='lat' dir='ltr'><strong>est,</strong></span> <span class='ocrx_word' id='word_1_369' title='bbox 1535 1129 1563 1163; x_wconf 90' lang='lat' dir='ltr'><strong>si</strong></span> <span class='ocrx_word' id='word_1_370' title='bbox 1582 1136 1742 1170; x_wconf 88' lang='lat' dir='ltr'><strong>metuas,</strong></span> <span class='ocrx_word' id='word_1_371' title='bbox 1770 1131 1915 1164; x_wconf 86' lang='lat' dir='ltr'><strong>vincere</strong></span> <span class='ocrx_word' id='word_1_372' title='bbox 1933 1133 2032 1177; x_wconf 90' lang='lat' dir='ltr'><strong>quod</strong></span> <span class='ocrx_word' id='word_1_373' title='bbox 2053 1144 2224 1179; x_wconf 80' lang='lat' dir='ltr'><strong>nequeas.</strong></span> 
     </span>
     <span class='ocr_line' id='line_1_81' title="bbox 1324 1181 2092 1225; baseline 0.004 -10"><span class='ocrx_word' id='word_1_374' title='bbox 1324 1181 1414 1215; x_wconf 89' lang='lat' dir='ltr'><strong>Cum</strong></span> <span class='ocrx_word' id='word_1_375' title='bbox 1433 1194 1516 1214; x_wconf 89' lang='lat' dir='ltr'><strong>vere</strong></span> <span class='ocrx_word' id='word_1_376' title='bbox 1536 1182 1725 1225; x_wconf 81' lang='lat' dir='ltr'><strong>obiurgas,</strong></span> <span class='ocrx_word' id='word_1_377' title='bbox 1752 1182 1800 1216; x_wconf 92' lang='lat' dir='ltr'><strong>sic</strong></span> <span class='ocrx_word' id='word_1_378' title='bbox 1816 1183 1962 1216; x_wconf 88' lang='lat' dir='ltr'><strong>inimice</strong></span> <span class='ocrx_word' id='word_1_379' title='bbox 1979 1184 2092 1218; x_wconf 85' lang='lat' dir='ltr'><strong>vivas.</strong></span> 
     </span>
    </p>

    <p class='ocr_par' dir='ltr' id='par_1_46' title="bbox 1323 1233 2234 1275">
     <span class='ocr_line' id='line_1_82' title="bbox 1323 1233 2234 1275; baseline 0.002 -7"><span class='ocrx_word' id='word_1_380' title='bbox 1323 1233 1383 1268; x_wconf 86' lang='lat' dir='ltr'><strong>Nil</strong></span> <span class='ocrx_word' id='word_1_381' title='bbox 1401 1233 1554 1267; x_wconf 89' lang='lat' dir='ltr'><strong>nimium</strong></span> <span class='ocrx_word' id='word_1_382' title='bbox 1567 1261 1576 1274; x_wconf 90' lang='lat'><strong>,</strong></span> <span class='ocrx_word' id='word_1_383' title='bbox 1603 1234 1689 1268; x_wconf 87' lang='lat' dir='ltr'><strong>satis</strong></span> <span class='ocrx_word' id='word_1_384' title='bbox 1708 1240 1760 1268; x_wconf 88' lang='lat' dir='ltr'><strong>est</strong></span> <span class='ocrx_word' id='word_1_385' title='bbox 1771 1261 1780 1275; x_wconf 92' lang='lat'>‚</span> <span class='ocrx_word' id='word_1_386' title='bbox 1808 1246 1853 1267; x_wconf 91' lang='lat' dir='ltr'><strong>ne</strong></span> <span class='ocrx_word' id='word_1_387' title='bbox 1869 1235 1916 1268; x_wconf 91' lang='lat' dir='ltr'><strong>sit</strong></span> <span class='ocrx_word' id='word_1_388' title='bbox 1931 1242 1966 1268; x_wconf 90' lang='lat' dir='ltr'><strong>et</strong></span> <span class='ocrx_word' id='word_1_389' title='bbox 1982 1233 2052 1269; x_wconf 89' lang='lat' dir='ltr'><strong>hoc</strong></span> <span class='ocrx_word' id='word_1_390' title='bbox 2066 1236 2234 1271; x_wconf 90' lang='lat' dir='ltr'><strong>nimium.</strong></span> 
     </span>
    </p>
   </div>
   <div class='ocr_carea' id='block_1_37' title="bbox 1636 1319 2020 1357">
    <p class='ocr_par' dir='ltr' id='par_1_47' title="bbox 1636 1319 2020 1357">
     <span class='ocr_line' id='line_1_83' title="bbox 1636 1319 2020 1357; baseline 0.003 -4"><span class='ocrx_word' id='word_1_391' title='bbox 1636 1319 1758 1357; x_wconf 79' lang='lat' dir='ltr'><strong>Puer</strong></span> <span class='ocrx_word' id='word_1_392' title='bbox 1786 1326 2020 1355; x_wconf 86' lang='lat' dir='ltr'><strong>evocator.</strong></span> 
     </span>
    </p>
   </div>
   <div class='ocr_carea' id='block_1_38' title="bbox 1323 1389 2330 2479">
    <p class='ocr_par' dir='ltr' id='par_1_48' title="bbox 1323 1389 2330 2479">
     <span class='ocr_line' id='line_1_84' title="bbox 1323 1389 2330 1436; baseline 0.003 -13"><span class='ocrx_word' id='word_1_393' title='bbox 1323 1389 1501 1423; x_wconf 89' lang='lat' dir='ltr'><strong>Lucidum</strong></span> <span class='ocrx_word' id='word_1_394' title='bbox 1520 1389 1625 1422; x_wconf 90' lang='lat' dir='ltr'><strong>iubar</strong></span> <span class='ocrx_word' id='word_1_395' title='bbox 1642 1390 1875 1424; x_wconf 89' lang='lat' dir='ltr'><strong>tenebrosum</strong></span> <span class='ocrx_word' id='word_1_396' title='bbox 1894 1402 1960 1434; x_wconf 91' lang='lat' dir='ltr'><strong>per</strong></span> <span class='ocrx_word' id='word_1_397' title='bbox 1977 1390 2102 1423; x_wconf 90' lang='lat' dir='ltr'><strong>orbem</strong></span> <span class='ocrx_word' id='word_1_398' title='bbox 2114 1417 2123 1430; x_wconf 92' lang='lat'><em>‚</em></span> <span class='ocrx_word' id='word_1_399' title='bbox 2150 1391 2330 1436; x_wconf 77' lang='lat' dir='ltr'><strong>lampadis</strong></span> 
     </span>
     <span class='ocr_line' id='line_1_85' title="bbox 1323 1440 2208 1486; baseline 0.001 -11"><span class='ocrx_word' id='word_1_400' title='bbox 1323 1440 1515 1475; x_wconf 81' lang='lat' dir='ltr'><strong>Phoebeae</strong></span> <span class='ocrx_word' id='word_1_401' title='bbox 1532 1441 1686 1481; x_wconf 88' lang='lat' dir='ltr'><strong>relucet,</strong></span> <span class='ocrx_word' id='word_1_402' title='bbox 1715 1448 1749 1475; x_wconf 91' lang='lat' dir='ltr'><strong>et</strong></span> <span class='ocrx_word' id='word_1_403' title='bbox 1769 1454 1860 1486; x_wconf 86' lang='lat' dir='ltr'><strong>vago</strong></span> <span class='ocrx_word' id='word_1_404' title='bbox 1881 1441 1982 1475; x_wconf 88' lang='lat' dir='ltr'><strong>coelo</strong></span> <span class='ocrx_word' id='word_1_405' title='bbox 1998 1454 2103 1476; x_wconf 90' lang='lat' dir='ltr'><strong>suum</strong></span> <span class='ocrx_word' id='word_1_406' title='bbox 2122 1441 2208 1476; x_wconf 76' lang='lat' dir='ltr'><strong>iacit</strong></span> 
     </span>
     <span class='ocr_line' id='line_1_86' title="bbox 1323 1493 2265 1538; baseline 0.002 -11"><span class='ocrx_word' id='word_1_407' title='bbox 1323 1493 1461 1538; x_wconf 82' lang='lat' dir='ltr'><strong>Fulgur</strong></span> <span class='ocrx_word' id='word_1_408' title='bbox 1473 1520 1482 1533; x_wconf 80' lang='lat'><strong>‚</strong></span> <span class='ocrx_word' id='word_1_409' title='bbox 1509 1493 1592 1526; x_wconf 83' lang='lat' dir='ltr'><strong>luna</strong></span> <span class='ocrx_word' id='word_1_410' title='bbox 1616 1500 1717 1538; x_wconf 90' lang='lat' dir='ltr'><strong>parte</strong></span> <span class='ocrx_word' id='word_1_411' title='bbox 1735 1495 1885 1528; x_wconf 88' lang='lat' dir='ltr'><strong>adversa</strong></span> <span class='ocrx_word' id='word_1_412' title='bbox 1906 1493 1988 1527; x_wconf 87' lang='lat' dir='ltr'><strong>exili</strong></span> <span class='ocrx_word' id='word_1_413' title='bbox 2006 1494 2098 1527; x_wconf 85' lang='lat' dir='ltr'><strong>nitet</strong></span> <span class='ocrx_word' id='word_1_414' title='bbox 2114 1494 2265 1530; x_wconf 89' lang='lat' dir='ltr'><strong>lumine.</strong></span> 
     </span>
     <span class='ocr_line' id='line_1_87' title="bbox 1324 1545 2200 1580; baseline 0 0"><span class='ocrx_word' id='word_1_415' title='bbox 1324 1546 1398 1580; x_wconf 87' lang='lat' dir='ltr'><strong>Sub</strong></span> <span class='ocrx_word' id='word_1_416' title='bbox 1416 1545 1478 1578; x_wconf 83' lang='lat' dir='ltr'><strong>alti</strong></span> <span class='ocrx_word' id='word_1_417' title='bbox 1498 1545 1608 1579; x_wconf 89' lang='lat' dir='ltr'><strong>maris</strong></span> <span class='ocrx_word' id='word_1_418' title='bbox 1626 1546 1839 1580; x_wconf 88' lang='lat' dir='ltr'><strong>sonantibus</strong></span> <span class='ocrx_word' id='word_1_419' title='bbox 1855 1546 2021 1579; x_wconf 85' lang='lat' dir='ltr'><strong>fluctibus</strong></span> <span class='ocrx_word' id='word_1_420' title='bbox 2038 1546 2200 1580; x_wconf 83' lang='lat' dir='ltr'><strong>stellulae</strong></span> 
     </span>
     <span class='ocr_line' id='line_1_88' title="bbox 1324 1597 2306 1643; baseline 0.001 -11"><span class='ocrx_word' id='word_1_421' title='bbox 1324 1598 1502 1632; x_wconf 87' lang='lat' dir='ltr'><strong>Sudorem</strong></span> <span class='ocrx_word' id='word_1_422' title='bbox 1519 1597 1666 1638; x_wconf 88' lang='lat' dir='ltr'><strong>eluunt,</strong></span> <span class='ocrx_word' id='word_1_423' title='bbox 1693 1604 1726 1630; x_wconf 89' lang='lat' dir='ltr'><strong>et</strong></span> <span class='ocrx_word' id='word_1_424' title='bbox 1744 1610 1779 1631; x_wconf 88' lang='lat' dir='ltr'><strong>se</strong></span> <span class='ocrx_word' id='word_1_425' title='bbox 1796 1598 1939 1631; x_wconf 89' lang='lat' dir='ltr'><strong>futurae</strong></span> <span class='ocrx_word' id='word_1_426' title='bbox 1957 1597 2055 1631; x_wconf 86' lang='lat' dir='ltr'><strong>nocti</strong></span> <span class='ocrx_word' id='word_1_427' title='bbox 2073 1605 2306 1643; x_wconf 84' lang='lat' dir='ltr'><strong>praeparant.</strong></span> 
     </span>
     <span class='ocr_line' id='line_1_89' title="bbox 1324 1649 2202 1695; baseline 0 -11"><span class='ocrx_word' id='word_1_428' title='bbox 1324 1649 1435 1684; x_wconf 87' lang='lat' dir='ltr'><strong>Pueri</strong></span> <span class='ocrx_word' id='word_1_429' title='bbox 1454 1650 1589 1693; x_wconf 81' lang='lat' dir='ltr'><strong>surgite</strong></span> <span class='ocrx_word' id='word_1_430' title='bbox 1603 1677 1612 1690; x_wconf 90' lang='lat'><strong>,</strong></span> <span class='ocrx_word' id='word_1_431' title='bbox 1641 1662 1661 1683; x_wconf 93' lang='lat' dir='ltr'><strong>o</strong></span> <span class='ocrx_word' id='word_1_432' title='bbox 1680 1650 1801 1695; x_wconf 83' lang='lat' dir='ltr'><strong>pueri,</strong></span> <span class='ocrx_word' id='word_1_433' title='bbox 1830 1650 1903 1684; x_wconf 91' lang='lat' dir='ltr'><strong>diei</strong></span> <span class='ocrx_word' id='word_1_434' title='bbox 1919 1649 2076 1684; x_wconf 89' lang='lat' dir='ltr'><strong>volucris</strong></span> <span class='ocrx_word' id='word_1_435' title='bbox 2094 1650 2202 1685; x_wconf 82' lang='lat' dir='ltr'><strong>canit.</strong></span> 
     </span>
     <span class='ocr_line' id='line_1_90' title="bbox 1325 1702 2328 1747; baseline 0 -11"><span class='ocrx_word' id='word_1_436' title='bbox 1325 1702 1527 1736; x_wconf 84' lang='lat' dir='ltr'><strong>Convenite</strong></span> <span class='ocrx_word' id='word_1_437' title='bbox 1558 1702 1686 1735; x_wconf 87' lang='lat' dir='ltr'><strong>crebri.</strong></span> <span class='ocrx_word' id='word_1_438' title='bbox 1755 1702 1840 1736; x_wconf 91' lang='lat' dir='ltr'><strong>Non</strong></span> <span class='ocrx_word' id='word_1_439' title='bbox 1863 1702 1964 1747; x_wconf 89' lang='lat' dir='ltr'><strong>prius</strong></span> <span class='ocrx_word' id='word_1_440' title='bbox 1996 1705 2042 1736; x_wconf 84' lang='lat' dir='ltr'><strong>ad</strong></span> <span class='ocrx_word' id='word_1_441' title='bbox 2071 1703 2328 1736; x_wconf 75' lang='lat' dir='ltr'><strong>demandatum</strong></span> 
     </span>
     <span class='ocr_line' id='line_1_91' title="bbox 1958 1767 2050 1799; baseline 0.022 -12"><span class='ocrx_word' id='word_1_442' title='bbox 1958 1767 2050 1799; x_wconf 88' lang='lat' dir='ltr'><strong>opus</strong></span> 
     </span>
     <span class='ocr_line' id='line_1_92' title="bbox 1323 1804 2242 1852; baseline 0 -12"><span class='ocrx_word' id='word_1_443' title='bbox 1323 1806 1545 1841; x_wconf 89' lang='lat' dir='ltr'><strong>Accedemus</strong></span> <span class='ocrx_word' id='word_1_444' title='bbox 1558 1833 1567 1847; x_wconf 90' lang='lat'>‚</span> <span class='ocrx_word' id='word_1_445' title='bbox 1596 1804 1751 1852; x_wconf 89' lang='lat' dir='ltr'><strong>hymnos</strong></span> <span class='ocrx_word' id='word_1_446' title='bbox 1768 1813 1876 1852; x_wconf 87' lang='lat' dir='ltr'><strong>atque</strong></span> <span class='ocrx_word' id='word_1_447' title='bbox 1892 1807 2048 1841; x_wconf 83' lang='lat' dir='ltr'><strong>balbulis</strong></span> <span class='ocrx_word' id='word_1_448' title='bbox 2063 1805 2242 1840; x_wconf 86' lang='lat' dir='ltr'><strong>labellulis</strong></span> 
     </span>
     <span class='ocr_line' id='line_1_93' title="bbox 1323 1858 2219 1902; baseline -0.003 -9"><span class='ocrx_word' id='word_1_449' title='bbox 1323 1858 1471 1893; x_wconf 88' lang='lat' dir='ltr'><strong>Potenti</strong></span> <span class='ocrx_word' id='word_1_450' title='bbox 1489 1859 1584 1902; x_wconf 89' lang='lat' dir='ltr'><strong>patri</strong></span> <span class='ocrx_word' id='word_1_451' title='bbox 1600 1859 1886 1899; x_wconf 84' lang='lat' dir='ltr'><strong>cantaverimus,</strong></span> <span class='ocrx_word' id='word_1_452' title='bbox 1913 1871 2047 1902; x_wconf 85' lang='lat' dir='ltr'><strong>magno</strong></span> <span class='ocrx_word' id='word_1_453' title='bbox 2066 1858 2219 1891; x_wconf 88' lang='lat' dir='ltr'><strong>numini.</strong></span> 
     </span>
     <span class='ocr_line' id='line_1_94' title="bbox 1324 1909 2287 1956; baseline -0.003 -10"><span class='ocrx_word' id='word_1_454' title='bbox 1324 1911 1406 1946; x_wconf 83' lang='lat' dir='ltr'><strong>Oda</strong></span> <span class='ocrx_word' id='word_1_455' title='bbox 1425 1924 1504 1944; x_wconf 92' lang='lat' dir='ltr'><strong>cum</strong></span> <span class='ocrx_word' id='word_1_456' title='bbox 1523 1923 1621 1943; x_wconf 91' lang='lat' dir='ltr'><strong>novo</strong></span> <span class='ocrx_word' id='word_1_457' title='bbox 1639 1910 1853 1955; x_wconf 80' lang='lat' dir='ltr'><strong>splendore,</strong></span> <span class='ocrx_word' id='word_1_458' title='bbox 1882 1922 2038 1956; x_wconf 91' lang='lat' dir='ltr'><strong>cumque</strong></span> <span class='ocrx_word' id='word_1_459' title='bbox 2053 1910 2139 1944; x_wconf 86' lang='lat' dir='ltr'><strong>solis</strong></span> <span class='ocrx_word' id='word_1_460' title='bbox 2157 1909 2287 1950; x_wconf 86' lang='lat' dir='ltr'><strong>sidere,</strong></span> 
     </span>
     <span class='ocr_line' id='line_1_95' title="bbox 1324 1962 2281 2006; baseline -0.003 -9"><span class='ocrx_word' id='word_1_461' title='bbox 1324 1963 1364 1997; x_wconf 92' lang='lat' dir='ltr'><strong>ln</strong></span> <span class='ocrx_word' id='word_1_462' title='bbox 1381 1969 1520 1997; x_wconf 88' lang='lat' dir='ltr'><strong>mentes</strong></span> <span class='ocrx_word' id='word_1_463' title='bbox 1536 1962 1685 1996; x_wconf 77' lang='lat' dir='ltr'><strong>tenellas</strong></span> <span class='ocrx_word' id='word_1_464' title='bbox 1702 1962 1853 1995; x_wconf 76' lang='lat' dir='ltr'><strong>irradiet</strong></span> <span class='ocrx_word' id='word_1_465' title='bbox 1872 1968 1973 1995; x_wconf 83' lang='lat' dir='ltr'><strong>tuum</strong></span> <span class='ocrx_word' id='word_1_466' title='bbox 1992 1963 2115 1996; x_wconf 89' lang='lat' dir='ltr'><strong>lumen</strong></span> <span class='ocrx_word' id='word_1_467' title='bbox 2128 1988 2138 2002; x_wconf 92' lang='lat'>‚</span> <span class='ocrx_word' id='word_1_468' title='bbox 2165 1968 2281 2006; x_wconf 89' lang='lat' dir='ltr'><strong>pater,</strong></span> 
     </span>
     <span class='ocr_line' id='line_1_96' title="bbox 1324 2014 2202 2059; baseline -0.002 -9"><span class='ocrx_word' id='word_1_469' title='bbox 1324 2015 1372 2050; x_wconf 83' lang='lat' dir='ltr'><strong>Et</strong></span> <span class='ocrx_word' id='word_1_470' title='bbox 1391 2015 1580 2059; x_wconf 87' lang='lat' dir='ltr'><strong>caliginem</strong></span> <span class='ocrx_word' id='word_1_471' title='bbox 1602 2015 1701 2059; x_wconf 84' lang='lat' dir='ltr'><strong>suget</strong></span> <span class='ocrx_word' id='word_1_472' title='bbox 1719 2015 1780 2048; x_wconf 82' lang='lat' dir='ltr'><strong>lux</strong></span> <span class='ocrx_word' id='word_1_473' title='bbox 1799 2026 1882 2047; x_wconf 78' lang='lat' dir='ltr'><strong>vera</strong></span> <span class='ocrx_word' id='word_1_474' title='bbox 1901 2014 2017 2048; x_wconf 88' lang='lat' dir='ltr'><strong>nostri</strong></span> <span class='ocrx_word' id='word_1_475' title='bbox 2035 2014 2202 2059; x_wconf 83' lang='lat' dir='ltr'><strong>pectoris.</strong></span> 
     </span>
     <span class='ocr_line' id='line_1_97' title="bbox 1324 2067 2190 2111; baseline -0.005 -9"><span class='ocrx_word' id='word_1_476' title='bbox 1324 2068 1452 2102; x_wconf 89' lang='lat' dir='ltr'><strong>Donec</strong></span> <span class='ocrx_word' id='word_1_477' title='bbox 1466 2068 1562 2101; x_wconf 90' lang='lat' dir='ltr'><strong>mole</strong></span> <span class='ocrx_word' id='word_1_478' title='bbox 1584 2067 1669 2101; x_wconf 89' lang='lat' dir='ltr'><strong>solis</strong></span> <span class='ocrx_word' id='word_1_479' title='bbox 1685 2067 1784 2111; x_wconf 85' lang='lat' dir='ltr'><strong>ignes</strong></span> <span class='ocrx_word' id='word_1_480' title='bbox 1801 2073 2043 2111; x_wconf 86' lang='lat' dir='ltr'><strong>conteguntur</strong></span> <span class='ocrx_word' id='word_1_481' title='bbox 2060 2073 2190 2106; x_wconf 84' lang='lat' dir='ltr'><strong>terrea,</strong></span> 
     </span>
     <span class='ocr_line' id='line_1_98' title="bbox 1325 2117 2286 2163; baseline -0.004 -8"><span class='ocrx_word' id='word_1_482' title='bbox 1325 2121 1445 2155; x_wconf 85' lang='lat' dir='ltr'><strong>Tabet</strong></span> <span class='ocrx_word' id='word_1_483' title='bbox 1460 2121 1617 2154; x_wconf 89' lang='lat' dir='ltr'><strong>mundus</strong></span> <span class='ocrx_word' id='word_1_484' title='bbox 1634 2125 1669 2152; x_wconf 90' lang='lat' dir='ltr'><strong>et</strong></span> <span class='ocrx_word' id='word_1_485' title='bbox 1689 2125 1833 2163; x_wconf 83' lang='lat' dir='ltr'><strong>aspectu</strong></span> <span class='ocrx_word' id='word_1_486' title='bbox 1852 2125 1977 2153; x_wconf 87' lang='lat' dir='ltr'><strong>cuncta</strong></span> <span class='ocrx_word' id='word_1_487' title='bbox 1999 2117 2152 2152; x_wconf 87' lang='lat' dir='ltr'><strong>terribili</strong></span> <span class='ocrx_word' id='word_1_488' title='bbox 2168 2117 2286 2152; x_wconf 83' lang='lat' dir='ltr'><strong>silent.</strong></span> 
     </span>
     <span class='ocr_line' id='line_1_99' title="bbox 1324 2169 2223 2210; baseline -0.004 -3"><span class='ocrx_word' id='word_1_489' title='bbox 1324 2172 1437 2207; x_wconf 86' lang='lat' dir='ltr'><strong>Verbi</strong></span> <span class='ocrx_word' id='word_1_490' title='bbox 1454 2174 1539 2206; x_wconf 91' lang='lat' dir='ltr'><strong>dum</strong></span> <span class='ocrx_word' id='word_1_491' title='bbox 1558 2171 1649 2206; x_wconf 85' lang='lat' dir='ltr'><strong>sacri</strong></span> <span class='ocrx_word' id='word_1_492' title='bbox 1669 2171 1756 2205; x_wconf 80' lang='lat' dir='ltr'><strong>latet</strong></span> <span class='ocrx_word' id='word_1_493' title='bbox 1773 2171 1918 2205; x_wconf 83' lang='lat' dir='ltr'><strong>lucerna</strong></span> <span class='ocrx_word' id='word_1_494' title='bbox 1943 2171 2142 2205; x_wconf 85' lang='lat' dir='ltr'><strong>scintillans</strong></span> <span class='ocrx_word' id='word_1_495' title='bbox 2156 2169 2223 2210; x_wconf 86' lang='lat' dir='ltr'><strong>tui,</strong></span> 
     </span>
     <span class='ocr_line' id='line_1_100' title="bbox 1326 2220 2296 2268; baseline -0.005 -8"><span class='ocrx_word' id='word_1_496' title='bbox 1326 2226 1436 2263; x_wconf 85' lang='lat' dir='ltr'><strong>Tetra</strong></span> <span class='ocrx_word' id='word_1_497' title='bbox 1456 2231 1577 2259; x_wconf 79' lang='lat' dir='ltr'><strong>vastus</strong></span> <span class='ocrx_word' id='word_1_498' title='bbox 1596 2230 1748 2268; x_wconf 87' lang='lat' dir='ltr'><strong>occupat</strong></span> <span class='ocrx_word' id='word_1_499' title='bbox 1764 2220 1922 2257; x_wconf 79' lang='lat' dir='ltr'><strong>mentem</strong></span> <span class='ocrx_word' id='word_1_500' title='bbox 1939 2221 2073 2257; x_wconf 88' lang='lat' dir='ltr'><strong>horror</strong></span> <span class='ocrx_word' id='word_1_501' title='bbox 2087 2222 2296 2257; x_wconf 88' lang='lat' dir='ltr'><strong>solitudine.</strong></span> 
     </span>
     <span class='ocr_line' id='line_1_101' title="bbox 1326 2274 2291 2319; baseline -0.007 -6"><span class='ocrx_word' id='word_1_502' title='bbox 1326 2278 1395 2313; x_wconf 91' lang='lat' dir='ltr'><strong>Sed</strong></span> <span class='ocrx_word' id='word_1_503' title='bbox 1414 2291 1495 2312; x_wconf 91' lang='lat' dir='ltr'><strong>cum</strong></span> <span class='ocrx_word' id='word_1_504' title='bbox 1514 2276 1653 2311; x_wconf 79' lang='lat' dir='ltr'><strong>luciferi</strong></span> <span class='ocrx_word' id='word_1_505' title='bbox 1671 2277 1829 2309; x_wconf 85' lang='lat' dir='ltr'><strong>candens</strong></span> <span class='ocrx_word' id='word_1_506' title='bbox 1845 2276 1989 2309; x_wconf 81' lang='lat' dir='ltr'><strong>flamma</strong></span> <span class='ocrx_word' id='word_1_507' title='bbox 2002 2303 2011 2316; x_wconf 93' lang='lat'><strong>,</strong></span> <span class='ocrx_word' id='word_1_508' title='bbox 2039 2275 2124 2310; x_wconf 90' lang='lat' dir='ltr'><strong>solis</strong></span> <span class='ocrx_word' id='word_1_509' title='bbox 2143 2274 2291 2319; x_wconf 88' lang='lat' dir='ltr'><strong>praevia</strong></span> 
     </span>
     <span class='ocr_line' id='line_1_102' title="bbox 1325 2327 2248 2373; baseline -0.007 -7"><span class='ocrx_word' id='word_1_510' title='bbox 1325 2331 1470 2367; x_wconf 86' lang='lat' dir='ltr'><strong>Novum</strong></span> <span class='ocrx_word' id='word_1_511' title='bbox 1492 2330 1673 2363; x_wconf 78' lang='lat' dir='ltr'><strong>nuntiavit</strong></span> <span class='ocrx_word' id='word_1_512' title='bbox 1691 2329 1863 2373; x_wconf 83' lang='lat' dir='ltr'><strong>gaudium</strong></span> <span class='ocrx_word' id='word_1_513' title='bbox 1876 2355 1886 2369; x_wconf 88' lang='lat'><strong>,</strong></span> <span class='ocrx_word' id='word_1_514' title='bbox 1913 2329 2095 2362; x_wconf 83' lang='lat' dir='ltr'><strong>laetantur</strong></span> <span class='ocrx_word' id='word_1_515' title='bbox 2111 2327 2248 2360; x_wconf 88' lang='lat' dir='ltr'><strong>omnia.</strong></span> 
     </span>
     <span class='ocr_line' id='line_1_103' title="bbox 1327 2379 2275 2418; baseline -0.007 -1"><span class='ocrx_word' id='word_1_516' title='bbox 1327 2383 1417 2418; x_wconf 90' lang='lat' dir='ltr'><strong>Cum</strong></span> <span class='ocrx_word' id='word_1_517' title='bbox 1436 2389 1537 2416; x_wconf 88' lang='lat' dir='ltr'><strong>tuum</strong></span> <span class='ocrx_word' id='word_1_518' title='bbox 1557 2382 1699 2416; x_wconf 85' lang='lat' dir='ltr'><strong>salubre</strong></span> <span class='ocrx_word' id='word_1_519' title='bbox 1718 2382 1849 2414; x_wconf 81' lang='lat' dir='ltr'><strong>effulsit</strong></span> <span class='ocrx_word' id='word_1_520' title='bbox 1869 2381 1956 2414; x_wconf 82' lang='lat' dir='ltr'><strong>atris</strong></span> <span class='ocrx_word' id='word_1_521' title='bbox 1972 2380 2090 2413; x_wconf 88' lang='lat' dir='ltr'><strong>cordis</strong></span> <span class='ocrx_word' id='word_1_522' title='bbox 2105 2379 2275 2418; x_wconf 71' lang='lat' dir='ltr'><strong>nubibus,</strong></span> 
     </span>
     <span class='ocr_line' id='line_1_104' title="bbox 1326 2431 2242 2479; baseline -0.004 -10"><span class='ocrx_word' id='word_1_523' title='bbox 1326 2435 1468 2469; x_wconf 89' lang='lat' dir='ltr'><strong>Lumen</strong></span> <span class='ocrx_word' id='word_1_524' title='bbox 1483 2441 1608 2479; x_wconf 88' lang='lat' dir='ltr'><strong>pectus</strong></span> <span class='ocrx_word' id='word_1_525' title='bbox 1624 2434 1759 2467; x_wconf 83' lang='lat' dir='ltr'><strong>exultat</strong></span> <span class='ocrx_word' id='word_1_526' title='bbox 1779 2433 1935 2467; x_wconf 88' lang='lat' dir='ltr'><strong>tenebris</strong></span> <span class='ocrx_word' id='word_1_527' title='bbox 1948 2432 2106 2467; x_wconf 77' lang='lat' dir='ltr'><strong>solutum</strong></span> <span class='ocrx_word' id='word_1_528' title='bbox 2124 2431 2242 2465; x_wconf 80' lang='lat' dir='ltr'><strong>malis.</strong></span> 
     </span>
    </p>
   </div>
   <div class='ocr_carea' id='block_1_39' title="bbox 1603 2512 2059 2546">
    <p class='ocr_par' dir='ltr' id='par_1_49' title="bbox 1603 2512 2059 2546">
     <span class='ocr_line' id='line_1_105' title="bbox 1603 2512 2059 2546; baseline -0.004 0"><span class='ocrx_word' id='word_1_529' title='bbox 1603 2512 1721 2546; x_wconf 92' lang='lat' dir='ltr'><strong>Puer</strong></span> <span class='ocrx_word' id='word_1_530' title='bbox 1748 2522 2059 2545; x_wconf 86' lang='lat' dir='ltr'><strong>mazonomos.</strong></span> 
     </span>
    </p>
   </div>
   <div class='ocr_carea' id='block_1_40' title="bbox 1327 2578 2305 2784">
    <p class='ocr_par' dir='ltr' id='par_1_50' title="bbox 1327 2578 2305 2681">
     <span class='ocr_line' id='line_1_106' title="bbox 1327 2578 2305 2628; baseline -0.007 -10"><span class='ocrx_word' id='word_1_531' title='bbox 1327 2583 1572 2628; x_wconf 88' lang='lat' dir='ltr'><strong>Omnipotens</strong></span> <span class='ocrx_word' id='word_1_532' title='bbox 1591 2582 1754 2627; x_wconf 82' lang='lat' dir='ltr'><strong>genitor,</strong></span> <span class='ocrx_word' id='word_1_533' title='bbox 1783 2580 1909 2614; x_wconf 89' lang='lat' dir='ltr'><strong>mundi</strong></span> <span class='ocrx_word' id='word_1_534' title='bbox 1926 2578 2172 2626; x_wconf 89' lang='lat' dir='ltr'><strong>quadruplicis</strong></span> <span class='ocrx_word' id='word_1_535' title='bbox 2188 2584 2305 2618; x_wconf 82' lang='lat' dir='ltr'><strong>autor,</strong></span> 
     </span>
     <span class='ocr_line' id='line_1_107' title="bbox 1382 2633 2228 2681; baseline -0.006 -12"><span class='ocrx_word' id='word_1_536' title='bbox 1382 2635 1513 2676; x_wconf 88' lang='lat' dir='ltr'><strong>Cuius,</strong></span> <span class='ocrx_word' id='word_1_537' title='bbox 1539 2636 1636 2681; x_wconf 91' lang='lat' dir='ltr'><strong>quod</strong></span> <span class='ocrx_word' id='word_1_538' title='bbox 1654 2634 1756 2674; x_wconf 87' lang='lat' dir='ltr'><strong>secit,</strong></span> <span class='ocrx_word' id='word_1_539' title='bbox 1783 2633 1943 2666; x_wconf 78' lang='lat' dir='ltr'><strong>continet</strong></span> <span class='ocrx_word' id='word_1_540' title='bbox 1961 2644 2069 2665; x_wconf 91' lang='lat' dir='ltr'><strong>omne</strong></span> <span class='ocrx_word' id='word_1_541' title='bbox 2087 2643 2228 2671; x_wconf 87' lang='lat' dir='ltr'><strong>manus,</strong></span> 
     </span>
    </p>

    <p class='ocr_par' dir='ltr' id='par_1_51' title="bbox 1329 2683 2244 2784">
     <span class='ocr_line' id='line_1_108' title="bbox 1329 2683 2244 2735; baseline -0.007 -14"><span class='ocrx_word' id='word_1_542' title='bbox 1329 2688 1401 2735; x_wconf 88' lang='lat' dir='ltr'><strong>Qui</strong></span> <span class='ocrx_word' id='word_1_543' title='bbox 1421 2688 1551 2732; x_wconf 85' lang='lat' dir='ltr'><strong>pictam</strong></span> <span class='ocrx_word' id='word_1_544' title='bbox 1573 2687 1668 2720; x_wconf 84' lang='lat' dir='ltr'><strong>aeria</strong></span> <span class='ocrx_word' id='word_1_545' title='bbox 1687 2686 1801 2730; x_wconf 84' lang='lat' dir='ltr'><strong>pascis</strong></span> <span class='ocrx_word' id='word_1_546' title='bbox 1820 2685 1885 2718; x_wconf 86' lang='lat' dir='ltr'><strong>sub</strong></span> <span class='ocrx_word' id='word_1_547' title='bbox 1904 2685 2019 2724; x_wconf 87' lang='lat' dir='ltr'><strong>nube,</strong></span> <span class='ocrx_word' id='word_1_548' title='bbox 2048 2683 2244 2717; x_wconf 84' lang='lat' dir='ltr'><strong>volucrem.</strong></span> 
     </span>
     <span class='ocr_line' id='line_1_109' title="bbox 1381 2739 2237 2784; baseline -0.007 -10"><span class='ocrx_word' id='word_1_549' title='bbox 1381 2740 1596 2784; x_wconf 80' lang='lat' dir='ltr'><strong>Suppeditas</strong></span> <span class='ocrx_word' id='word_1_550' title='bbox 1614 2739 1745 2778; x_wconf 82' lang='lat' dir='ltr'><strong>victus,</strong></span> <span class='ocrx_word' id='word_1_551' title='bbox 1770 2743 1934 2780; x_wconf 88' lang='lat' dir='ltr'><strong>tempore</strong></span> <span class='ocrx_word' id='word_1_552' title='bbox 1950 2748 2116 2782; x_wconf 87' lang='lat' dir='ltr'><strong>quoque,</strong></span> <span class='ocrx_word' id='word_1_553' title='bbox 2143 2746 2237 2769; x_wconf 81' lang='lat' dir='ltr'><strong>suos-</strong></span> 
     </span>
    </p>
   </div>
  </div>
 </body>
</html>
