2389 3037
83 134 135 169 77

262 221 306 253 ad
327 232 434 266 quam
455 226 580 263 suapte
598 225 727 252 natura
753 219 907 252 ducitur.
969 218 1088 251 Suave

87 273 196 317 igitur
214 272 400 316 Musarum
421 277 663 310 carmenwst,
693 271 866 316 quoniam
892 269 990 309 fluit,
1019 267 1089 302 hoc

86 331 158 364 est,
184 336 246 357 sua
266 324 376 368 ipsius
393 329 522 367 sponte
541 323 715 368 sequitur.
776 322 955 355 Homerus
980 327 1086 364 poeta

83 375 302 410 Nestorem
293 376 466 418 insignem
487 381 668 407 oratorem
683 374 939 418 descripturus,
956 373 1088 417 inquit,

84 426 142 475 [ll.
152 426 178 467 Ι,
189 425 299 474 249]
321 429 389 461 τοῦ
404 439 468 461 και
485 424 558 460 ἀπὸ
574 423 745 474 γλώσσης
760 425 905 471 ιιέλιτος
920 422 1088 472 γλυκίων

83 477 162 525 ῥέεν
180 491 221 513 αῖ
216 476 291 524 ’δή.
329 478 438 512 Cuius
455 479 499 511 ab
518 490 579 511 ore
598 478 677 511 fluit
693 490 782 517 vox,
810 477 915 510 melle
934 475 1087 534 liquenti

85 530 236 564 dulcior.

86 587 310 626 repugnante
344 581 510 615 Minerva
523 609 533 622 ,
575 587 614 614 ut
646 593 724 614 eum
760 579 913 613 Horatio
944 579 1087 624 loquar,

86 634 206 667 obeas.
256 633 352 667 Tum
370 646 456 667 vero
474 633 659 666 indefesse.
703 632 795 666 Nam
812 631 899 677 quid
921 632 1085 664 omniurn

85 686 182 731 quod
200 691 235 718 et
252 685 372 719 minus
389 686 578 718 molestum
597 684 661 724 sit,
689 691 722 717 et
742 685 1004 717 contendamus
1031 695 1087 716 ar—

85 736 248 781 dentius,
276 749 384 782 quam
403 737 438 769 id
456 737 555 770 cuius
574 736 704 769 insevit
721 736 825 769 nobis
841 747 1003 768 amorem
1023 747 1086 767 na-

86 795 180 822 tura.

186 837 299 885 ἡδύς,
328 836 470 884 ἡδίων,
496 836 658 885 ἥδιστος.
716 839 772 872 Sic
800 834 960 887 γλυκύς,
994 840 1086 886 γλυ-

82 888 197 932 κίων,
243 888 453 938 γλύκιστος.
534 890 738 924 Declinatio
771 891 809 923 in
842 889 1086 929 Heteroclitis,

83 941 200 975 Motio
217 942 254 974 in
273 942 388 986 capite
406 942 565 975 nominis
581 949 691 986 patet.

176 991 278 1028 ’Άδω
308 1005 419 1034 cane,
455 990 553 1039 αὐδή
583 1006 748 1034 carmen,
784 1000 818 1026 et
840 993 992 1037 prolatis
1016 992 1086 1038 syl-

83 1044 173 1079 labis
191 1041 323 1091 ἇοιδή,
351 1057 368 1078 e
389 1057 482 1091 quo,
510 1045 623 1079 reciso
648 1059 691 1086 α,
727 1046 764 1078 fit
789 1043 869 1092 ᾠδή
897 1057 962 1089 pro
988 1040 1085 1090 οἶδή.

82 1096 176 1130 Hinc
192 1103 245 1131 est
269 1097 552 1142 compositorum
581 1110 695 1142 prope
721 1097 832 1130 nimia
861 1097 986 1141 copia,
1012 1109 1086 1131 κω-

81 1146 210 1196 μῳδία
226 1161 372 1182 carmen
389 1149 458 1182 ioci
477 1149 674 1183 convivalis
688 1176 697 1189 ,
722 1146 920 1196 τραγῳδία
939 1160 1085 1181 carmen

82 1201 256 1245 tragicum
275 1207 340 1235 etc.
394 1200 543 1234 Declina
562 1199 660 1246 αὐδή
676 1201 767 1235 sicut
783 1203 923 1245 μοῦσα.

87 234 143 254 ma
162 227 234 260 est,

182 1258 292 1304 Ῥέω,
319 1261 491 1300 verbum,
519 1260 604 1292 fluo.

180 1308 420 1356 Ἀκάματον,
454 1311 671 1344 adiectivum
691 1311 854 1343 adverbii
874 1311 987 1344 vicem
1005 1311 1085 1343 fun-

82 1375 187 1408 gens,
229 1375 303 1395 non
326 1363 525 1403 laboriose,
564 1363 757 1402 indefesse,
795 1363 839 1395 ab
867 1375 890 1397 α
916 1362 1085 1407 privandi

81 1421 181 1454 nota,
208 1421 241 1447 et
257 1410 393 1459 κάμνω
410 1415 550 1453 laboro,
579 1415 764 1459 quomodo
785 1426 803 1446 a
824 1411 998 1460 κάματον
1013 1415 1085 1447 for-

81 1472 217 1499 matum
237 1466 300 1506 sit,
328 1466 421 1499 infra
446 1467 489 1499 de
516 1466 719 1499 verbalibus
742 1465 848 1510 leges.
904 1465 1085 1500 Homerus

80 1516 277 1563 ἅκάματον
295 1520 371 1564 πῦρ
389 1530 456 1562 pro
474 1516 679 1551 vehementi
701 1518 780 1562 igne
799 1517 890 1551 dixit
911 1530 951 1551 ac
975 1530 1083 1562 supra

80 1571 229 1603 modum
262 1569 518 1603 effervescenti.
585 1570 677 1604 Sunt
714 1576 749 1602 et
779 1569 869 1602 aliae
906 1572 1082 1615 quaedam

81 1621 299 1666 particulae,
342 1622 471 1667 quibus
498 1623 595 1667 quod
624 1622 712 1654 citra
736 1622 899 1654 laborem
926 1622 984 1662 fit,
1025 1623 1084 1655 ‹le-

80 1673 288 1713 scribimus,
317 1679 356 1706 ut
374 1671 576 1721 ἆνιδρωῖί,
609 1674 696 1706 citra
716 1675 898 1707 sudorem.

176 1731 237 1767 'En
255 1731 467 1777 στομάτων.
500 1732 543 1767 τὸ
562 1732 704 1778 στόμα,
740 1732 949 1777 στόματος,
988 1733 1082 1768 Neu-

86 1791 180 1818 trum
201 1784 349 1829 quintae
368 1784 618 1818 declinationis
637 1784 867 1829 simplicium.

180 1833 303 1870 τῶνδε
325 1836 599 1870 demonstrativi
625 1836 853 1880 pronominis
877 1836 1084 1880 significan-

78 1887 127 1921 tia
152 1893 223 1927 est,
264 1887 397 1932 quippe
422 1888 643 1932 compositus
670 1888 840 1922 articulus
864 1888 1082 1932 praepositi-

78 1951 162 1980 vu8,
186 1936 270 1980 ὅδε,
299 1936 386 1984 ἥδε,
413 1936 512 1975 τόδε.

177 2005 255 2053 (Vs.
274 2005 353 2053 40.)
389 2008 486 2053 Γελᾷ
507 2004 552 2042 δέ
564 2021 602 2042 τε
627 2005 787 2053 δώματα
818 2009 973 2053 templa,
1011 2006 1083 2043 διδ-

70 2071 146 2104 μα,
185 2057 361 2103 δώματος
386 2057 655 2099 exhilarantur,
695 2062 786 2107 γελᾷ
823 2072 995 2104 praesens
1031 2067 1083 2093 est

72 2111 190 2144 neutri
217 2111 318 2143 verbi
343 2107 486 2159 γελάω,
528 2111 650 2150 rideo,
695 2113 839 2145 numeri
874 2112 1081 2156 singularis.

73 2162 197 2196 Solent
221 2163 317 2195 enim
348 2162 497 2204 Graeci,
532 2163 730 2197 Ammonio
756 2171 906 2204 autore,
943 2165 1081 2198 neutris

16 2237 32 2244 ..
72 2214 235 2258 pluribus
253 2215 339 2247 dare
357 2215 550 2258 singularia
573 2216 749 2260 apposita.

173 2280 250 2325 (Vs.
266 2280 345 2324 41.)
376 2281 495 2326 Ζηνός
511 2295 528 2315 a
547 2281 660 2327 Ζεύς,
690 2289 728 2315 ut
747 2295 871 2327 supra.

171 2330 409 2380 ἐριγδούποιο
424 2335 601 2373 tonantis,
630 2336 674 2367 ab
696 2334 750 2380 ἔρι
777 2336 937 2379 augendi
967 2335 1075 2379 parti-

69 2384 144 2418 cula
173 2385 424 2429 componitur,
453 2392 487 2418 et
512 2384 651 2425 δοῦπος
673 2386 823 2420 sonitus.
893 2387 984 2422 Nam
1009 2387 1076 2420 sul-

66 2436 206 2470 minum
227 2443 332 2470 antor
349 2435 483 2481 Iupiter
501 2444 561 2471 est.
618 2436 837 2484 ἑρίδουπος,
861 2452 886 2487 γ
915 2439 1075 2483 interpo-

66 2488 166 2521 nitur
205 2489 358 2531 augendi
393 2489 566 2533 temporis
595 2490 722 2533 gratia.
779 2488 798 2524 ὁ
831 2489 1077 2539 ἐρίγδουπος,

65 2541 134 2574 τοῦ
152 2539 379 2587 ἐριγδούπου
401 2539 463 2575 καὶ
485 2539 720 2588 ἐριγδούποιο
743 2541 882 2583 Ionice,
926 2555 997 2589 quo
1018 2556 1075 2587 ge-

67 2591 182 2634 n3=itivo
201 2591 259 2626 hic
276 2592 452 2626 Hesiodus
469 2595 592 2627 utitur.
645 2592 710 2625 Hic
729 2595 945 2629 observabis
964 2595 1073 2639 parti-

66 2641 162 2676 milas
196 2645 268 2677 sola
305 2645 566 2688 compositione
598 2652 807 2688 usurpatas,
850 2646 929 2690 ἐρι,
969 2644 1015 2689 ζα
1044 2653 1077 2679 et

65 2693 198 2728 similes
218 2693 415 2743 ἐριθάλλης
434 2698 628 2731 admodum
647 2696 796 2738 florens,
822 2695 966 2740 ζάθεος
986 2699 1077 2731 ‹livi-

65 2757 131 2780 nus
149 2753 214 2780 etc.

611 131 734 166 XCIV.
789 129 1119 166 GRAMMATICA
1153 129 1351 167 GRAECA
1384 129 1614 166 INTEGRA.

292 530 451 563 Tantum
473 531 600 570 refert,
629 531 726 575 quod
751 535 894 562 acturus
917 527 984 567 sis,
1011 539 1087 560 non
1112 543 1113 546 ¹

2097 133 2146 168 78

1247 217 1368 262 θεᾶν,
1396 230 1413 249 a
1434 217 1527 262 θεοί,
1555 230 1621 262 pro
1639 218 1763 262 θεῶν,
1792 218 1970 262 genitivus
1997 220 2145 263 pluralis

1143 276 1213 309 est,
1241 269 1322 301 xide
1341 271 1482 314 μοῦσα.

1245 318 1308 354 ὀπί
1327 321 1423 352 acuit
1440 321 1619 360 ultimam,
1649 328 1700 355 est
1716 322 1810 355 enim
1831 322 1999 368 obliquus
2017 334 2145 355 mono-

1113 382 1116 386 *
1142 372 1269 416 syllabi
1289 371 1382 404 acuti
1404 371 1477 417 ὄψ,
1507 385 1586 405 vox.
1647 370 1837 406 Declina
1816 387 1838 419 η
1857 372 1928 421 ὄψ,
1961 376 2025 420 τῆς
2043 372 2144 417 ὀπός,

1140 426 1186 469 τῆ
1205 421 1289 463 ὀπί,
1316 420 1386 468 τὴν
1403 422 1476 457 ὄπα
1493 425 1716 458 accusativus
1736 427 1960 469 penacuitur.
2013 425 2043 459 N
2049 438 2105 457 am
2127 438 2144 458 e

1141 475 1262 518 regula
1280 474 1508 518 excipiuntur
1525 476 1715 509 accusativi
1736 489 1859 510 omnes
1878 483 1912 509 et
1927 477 2146 510 nominativi

1142 526 1264 559 (ludes
1283 532 1316 558 et
1334 526 1425 569 plur
1420 526 1690 573 Ὶ105,ι]ῐχείρ,
1716 527 1859 575 χειρός,
1883 526 2000 574 χειρί,
2024 529 2145 573 χεῖρα.

1141 578 1190 611 sic
1211 578 1252 610 de
1273 577 1471 619 similibus,
1500 574 1530 612 ὦ
1550 578 1622 625 ὂψ,
1648 577 1695 614 τὰ
1713 579 1797 624 ὅπε,
1826 581 1911 614 ταῖν
1935 578 2063 623 ὀποῒν,
2092 592 2145 613 re-

1142 630 1238 675 liqu¹1
1258 641 1314 674 pr
1306 635 1418 663 1est1t
1437 642 1481 662 an
1487 630 1615 674 alogia.

1245 679 1447 726 λειριοέσσῃ
1469 682 1684 715 ἱιάῐεεῐίνιιιη
1712 683 1951 716 foemininum
1976 689 2143 715 movetur

1141 730 1160 767 ὁ
1179 731 1341 778 λειριόεις
1357 733 1489 767 florens
1502 760 1509 773 ,
1538 735 1606 768 τοῦ
1630 731 1847 780 λειριόεντος
1871 735 2018 780 quintae
2038 734 2145 767 decli-

1140 790 1214 818 nat.
1233 784 1351 828 simpl.
1394 782 1417 830 ἡ
1435 782 1658 831 λειριόεσσα,
1694 788 1757 832 τῆς
1783 784 2003 832 λειριοέσσης
2021 798 2144 820 secun-

1110 837 1114 840 ”
1141 837 1218 870 dae.
1255 832 1297 869 τὸ
1319 834 1492 881 λειριόεν,
1519 839 1588 872 τοῦ
1604 834 1824 884 λειριόεντος
1839 838 1998 883 quintae.

1243 886 1339 931 Ergo
1367 885 1430 922 ὀπὶ
1459 887 1662 934 λειριοέσσῃ
1687 887 1936 935 σκιδναμένῃ,
1965 901 2050 921 voce
2077 888 2140 921 sso—

1141 938 1233 972 renti
1252 938 1385 978 fracta,
1415 940 1527 973 dativi
1547 948 1631 975 sunt
1648 942 1704 974 vel
1727 941 1815 974 sexti
1834 953 1953 980 casus,
1982 939 2142 987 λειριόεις

1141 990 1453 1024 denominativum
1487 993 1627 1036 copiam
1659 993 1859 1038 significare
1886 992 2048 1031 videtur,
2083 998 2145 1024 aut

1140 1042 1433 1082 similitudinem,
1463 1044 1633 1085 floridus,
1664 1058 1681 1077 a
1709 1043 1865 1092 λείριον,
1895 1057 1967 1090 quo
1994 1044 2142 1076 nomine

1141 1094 1286 1139 proprie
1306 1094 1462 1128 Narcissi
1482 1095 1607 1129 florem
1631 1096 1824 1141 significari
1842 1097 1954 1130 aiunt.

1243 1163 1320 1208 (Vs.
1346 1162 1425 1209 42.)
1465 1162 1718 1211 σκιδναμένῃ,
1755 1165 1928 1210 dispersa.
1989 1164 2142 1198 Dativus

1141 1222 1201 1249 est.
1258 1215 1427 1248 Movetur
1445 1213 1711 1261 σκιδνάμενος,
1742 1230 1804 1262 νη,
1833 1229 1914 1252 νον.
1970 1216 2063 1250 Nota
2088 1222 2140 1249 est

1140 1267 1266 1300 declin.
1285 1280 1303 1298 a
1325 1268 1433 1300 verbo
1452 1265 1658 1313 σκίδναμαι
1677 1281 1846 1313 spargor,
1872 1275 1912 1302 ut
1931 1268 2039 1301 infra.

1243 1318 1324 1364 ἠχεῖ
1335 1325 1459 1359 sonat,
1484 1320 1528 1351 ab
1547 1318 1645 1365 ἠχώ,
1672 1321 1775 1353 tertia
1796 1332 1952 1365 persona
1977 1331 2143 1364 praesen-

1139 1370 1201 1408 tis;
1231 1367 1314 1402 binc
1333 1368 1431 1415 ἠχώ,
1461 1368 1569 1410 echo,
1599 1372 1800 1405 derivatum
1822 1378 1884 1405 est.

1240 1420 1367 1467 Κάρη,
1404 1423 1627 1468 frequentius
1652 1430 1704 1456 est
1729 1423 1845 1470 κάρα,
1890 1429 2016 1467 caput3
2060 1433 2143 1465 pro-

1139 1473 1272 1506 miscue
1307 1474 1527 1513 declinatur,
1568 1472 1589 1519 ἡ
1616 1472 1733 1521 κάρα,
1779 1477 1843 1520 τῆς
1862 1473 1999 1521 κάρας,
2040 1479 2074 1506 et
2099 1471 2142 1507 τὸ

1138 1523 1255 1569 κάρα,
1281 1527 1349 1559 τοῦ
1367 1521 1530 1570 κάραῑος
1548 1539 1565 1557 a
1587 1523 1775 1571 κάρανον,
1810 1533 1844 1559 et
1860 1524 1903 1560 τὸ
1921 1522 2040 1571 κάρη,
2074 1526 2142 1559 τοῦ

1138 1575 1345 1621 καρίατος,
1374 1583 1407 1609 et
1425 1574 1446 1622 ἡ
1463 1574 1579 1623 κάρη,
1610 1579 1671 1622 τῆς
1687 1576 1813 1623 κάρης.
1879 1574 2139 1610 Callimachus:

1132 1626 1282 1674 Ἄρτεμι
1300 1626 1368 1672 σήν
1383 1641 1421 1662 τε
1437 1627 1558 1676 καρι)ν
1578 1628 1731 1673 ὤμοσα,
1760 1628 1827 1664 σόν
1841 1642 1879 1663 τε
1897 1627 1999 1674 βίον.

1109 1688 1113 1732 j
1243 1676 1450 1725 Νιᾳόενῑος
1478 1694 1495 1712 a
1523 1678 1684 1727 νιφόεις,
1723 1693 1826 1714 move
1854 1681 1944 1714 sicut
1966 1678 2140 1727 λειριόεις,

1109 1741 1113 1748 ¹
1139 1731 1294 1763 nivalem
1323 1732 1508 1775 siguificat.
1579 1732 1635 1765 Sic
1664 1733 1861 1778 Olympum
1894 1731 2142 1776 cognominat,

1139 1783 1212 1816 sive
1240 1784 1336 1828 quod
1363 1783 1462 1816 nives
1486 1784 1671 1823 demittat,
1710 1785 1785 1818 sive
1811 1785 1908 1829 quod
1933 1797 1951 1817 e
1976 1783 2073 1816 tenui
2101 1795 2142 1814 ac

1139 1834 1275 1866 nivium
1295 1834 1402 1868 simili
1422 1835 1571 1868 materia
1590 1836 1654 1874 sit,
1683 1834 1777 1874 ὅλως
1803 1832 1972 1881 λαμπρός
1996 1834 2141 1873 scilicet,

1139 1898 1230 1930 quae
1259 1885 1509 1929 interpretatio
1539 1887 1727 1920 videbatur
1757 1887 2006 1931 adiungenda,
2043 1886 2140 1931 quod

1109 1933 1112 1938 ’
1138 1937 1304 1981 ambigua
1328 1938 1371 1971 sit
1391 1938 1603 1982 significatio
1624 1941 1692 1974 τοῦ
1709 1936 1923 1986 νιφόεντος,
1949 1943 2040 1970 utet
2060 1937 2140 1969 reli-

1109 1991 1111 1999 '
1138 2002 1292 2035 quorum
1313 1987 1418 2023 buius
1439 1992 1576 2023 formae
1597 1991 1631 2023 in
1653 2004 1713 2030 εις.

1240 2058 1316 2104 (Vs,
1334 2058 1414 2105 43.)
1442 2057 1529 2094 Ᾰίδὶ
1549 2058 1745 2105 ἄμβροτον
1760 2057 1879 2093 ὄσσαν
1895 2056 2016 2093 ἱεῖσαι.
2065 2057 2140 2090 Hae

1137 2111 1341 2143 immortale
1366 2124 1512 2143 carmen
1542 2113 1696 2144 edentes.
1760 2110 1863 2143 Unae
1885 2109 2140 2142 inmortalita-

1136 2169 1204 2195 tem
1232 2162 1357 2208 Musae
1385 2163 1532 2206 pariunt
1562 2161 1768 2195 bominibus
1796 2161 1836 2196 ἐκ
1859 2159 1934 2210 γὰρ
1955 2157 2138 2206 μουσάων

1133 2214 1235 2253 κλέος
1265 2214 1484 2260 ἄμβροτον,
1533 2221 1570 2247 ut
1593 2212 1809 2247 Theocritus
1841 2214 1913 2253 ait,
1958 2211 1981 2247 ἅ
2011 2213 2140 2257 privat,

1132 2262 1269 2313 βροτός
1288 2266 1461 2299 mortalis.

1235 2315 1319 2359 ἱείς,
1349 2316 1463 2358 ἱεῖσα,
1498 2316 1556 2351 ίέν
1578 2316 1806 2362 participium
1836 2316 1880 2348 ab
1904 2314 2006 2361 ἵημι,
2039 2322 2078 2348 ut
2103 2315 2138 2346 in

1134 2369 1251 2403 verbis
1270 2382 1405 2402 cernes.

1209 2437 1287 2482 (Vs.
1300 2436 1378 2484 44.)
1402 2437 1508 2472 θεῶν
1527 2437 1635 2486 γένος
1652 2435 1812 2481 αἰδοῖον,
1830 2439 1980 2482 πρῶτον
1994 2434 2136 2471 κλείουο

1131 2500 1190 2525 σιν
1212 2488 1332 2535 ἀοιδῇ.
1388 2489 1547 2523 Scande:
1587 2491 1691 2524 θεῶν
1715 2488 1823 2537 γένος
1849 2489 1885 2521 in
1911 2488 2040 2532 dactyli
2069 2499 2134 2519 nu-

1131 2554 1269 2574 fflesssffl
1296 2542 1460 2579 redacto,
1507 2542 1612 2576 θεῶν
1637 2544 1725 2581 duas
1751 2541 1906 2585 syllabas
1940 2552 2010 2572 una
2038 2551 2134 2569 com-

1132 2594 1186 2637 pl(
1191 2600 1296 2632 ctcie
1313 2600 1351 2626 ut
1370 2594 1465 2637 apud
1482 2593 1679 2626 Homerum
1699 2591 1758 2640 [ll.
1777 2591 1801 2631 Ι,
1823 2589 1886 2638 1.],
1905 2592 2017 2635 ιιῆνιν
2037 2586 2135 2623 ἄειδε

1102 2661 1105 2685 ¹
1130 2643 1204 2679 θεὰ
1224 2643 1460 2691 Πηληιάδεω,
1497 2658 1561 2689 pro
1581 2642 1801 2690 Πηληϊάδω,
1829 2643 1976 2687 perinde
1995 2652 2034 2672 ἰε
2051 2640 2135 2673 elisi

1130 2697 1255 2731 vocali.
1312 2698 1403 2732 Nam
1441 2699 1525 2740 long
1515 2711 1545 2728 ra
1574 2698 1719 2729 lu--excm
1746 2694 1921 2738 concipit,
1958 2698 1991 2725 ‹t
2011 2690 2136 2725 Hesio-

1127 2750 1212 2789 dus,
1247 2750 1324 2795 ῥεῖα
1348 2747 1419 2794 μὲν
1451 2725 1527 2797 γὰρ
1549 2745 1692 2795 βριάει,
1729 2746 1830 2792 quasi
1856 2747 1951 2789 leg1s
1974 2756 2027 2791 ρει
2051 2755 2135 2788 μιν,
