2389 3037
83 109 159 144 313
746 101 869 138 XCVI.
931 98 1263 136 GRAMMATICA
1298 96 1492 134 LATINA.
2080 97 2155 133 314

136 193 242 227 Tollo
402 191 529 227 sustuli
576 190 756 224 sublatum
774 189 828 234 ⁸),
858 185 1066 237 ἀνα’μαλον
1592 184 1708 231 QUO.

135 245 255 280 Psallo
406 243 532 290 psalli,
561 243 638 277 sine
663 241 807 287 supino.
1198 245 1344 292 Linquo
1506 245 1597 291 liqui
1757 244 1880 279 lictum

536 320 623 355 ΜΟ·
1197 298 1324 344 Coquo
1508 297 1587 330 coxi
1757 303 1910 331 coctum.

185 382 385 417 Praeterita
413 382 584 416 desinunt
606 381 643 415 in
672 381 710 415 ui
735 381 824 414 duas
851 380 1026 426 syllabas,
1062 379 1092 412 si
1612 365 1694 400 RO-

82 435 218 469 vocalis
235 441 317 469 ante
334 447 394 468 mo
411 435 530 469 brevis
547 434 584 467 in
602 431 762 467 themate
779 433 906 472 fuerit,
940 431 979 464 in
999 430 1090 464 itum
1249 426 1450 460 Praeterita
1486 426 1655 460 desinunt
1689 427 1724 459 in
1757 427 1792 458 vi
1822 438 1932 459 unam
1969 425 2157 470 syllabam,

83 487 210 532 supina
229 487 331 522 fiunt,
1147 478 1275 523 supina
1301 478 1338 511 in
1363 485 1461 518 tum,
1497 490 1582 511 nam
1609 479 1643 510 vi
1672 478 1882 523 simpliciter
1906 475 1993 512 κατ’
2020 475 2157 512 ἀναλο-

134 547 251 582 Gemo
409 546 531 591 gemui
688 544 875 589 gemitum,
1145 529 1236 580 γίαν
1254 531 1291 563 in
1311 537 1387 564 tum
1407 530 1543 564 mutari
1560 531 1662 564 solet.

510 613 541 648 E
591 614 598 621 .
657 627 662 632 ι
1199 582 1297 616 Tero
1480 582 1567 616 trivi
1726 582 1853 616 tritum

446 675 454 682 ,
546 626 662 658 xmpe'
1030 670 1038 677 ,
1198 635 1346 680 Quaero
1480 634 1643 681 quaesivi
1725 633 1929 680 quaesitum

131 676 225 711 Emo
385 688 456 709 emi
613 680 796 719 emptum,
825 678 860 706 et
877 677 1091 716 compos1ta.
1198 687 1286 721 Sero
1481 687 1556 720 sevi
1723 692 1840 720 satum
1857 712 1866 725 ³
1919 696 1994 717 non
2050 683 2158 723 serui,

133 728 290 762 Redimo
383 727 520 761 redemi
612 727 842 770 redemptum

133 781 268 815 Premo
382 778 496 824 pressi
610 790 788 823 pressum.

189 841 278 875 Cum
296 839 403 885 longa
425 839 560 874 vocalis
578 839 615 872 in
633 837 791 873 themate
806 836 989 883 praecedit
1009 834 1092 868 ulti-

82 906 181 928 mam
206 892 404 939 syllabam,
448 893 643 938 praeterita
669 893 706 925 in
734 891 788 936 psi
815 892 925 930 fiunt,
961 887 1090 932 supina

81 947 120 980 in
143 952 259 990 ptum·
1146 948 1229 981 ficat
1250 947 1445 988 admisceo,
1474 948 1684 993 interponO,
1712 953 1752 981 ut
1769 945 1936 979 Tibullus
1954 942 2000 992 [I,
2015 941 2158 990 1,88.]:

135 997 247 1032 sumo
468 996 605 1041 sumpsi
711 1000 895 1039 sumptum
1147 999 1194 1033 Et
1211 1000 1307 1035 rixas
1324 1000 1517 1034 inseruisse
1540 1000 1652 1034 iuvat.
1716 999 1773 1033 Sic
1801 998 1970 1032 dicimus:
2008 995 2160 1029 Homeri

1147 751 1258 784 quam
1285 751 1410 773 vocem
1438 746 1560 772 tamen
1581 739 1759 784 quaedam
1779 737 1980 782 composita
1998 736 2158 769 retinue-

133 1049 249 1084 COmO
469 1049 608 1093 compsi
709 1053 894 1092 comptum
1148 1053 1309 1097 poemati
1328 1053 1475 1099 quidam
1495 1050 1601 1086 nothi
1619 1064 1743 1086 versus
1769 1050 1895 1085 inserti
1920 1055 2015 1084 sunt.
2069 1047 2159 1081 Pro-

1146 798 1251 831 runt,
1279 798 1490 836 usurpatam
1514 791 1622 824 etiam
1641 790 1679 823 in
1697 790 1851 834 simplici
1879 789 1989 822 verbo
2015 800 2033 820 a
2058 794 2158 821 vetu—

1147 843 1316 878 stissimo.

1198 894 1322 930 Insero
1456 895 1593 929 inserui
1727 894 1922 932 insertum,
1951 905 2032 925 cum
2051 891 2160 935 signi-

135 1101 193 1136 8ἷο
209 1108 244 1135 et
260 1102 367 1135 demo
467 1101 607 1146 dempsi
708 1101 908 1144 demptum·
1148 1103 1300 1150 pheticis
1319 1105 1420 1139 libris
1436 1102 1644 1150 apocrypha
1666 1104 1845 1150 quaedam
1865 1103 1998 1146 scripta
2024 1101 2159 1135 inserta

1149 1165 1243 1192 sunt.
1280 1157 1461 1191 Dicuntur
1481 1165 1601 1191 autem
1614 1184 1624 1197 ,
1652 1164 1689 1190 ut
1707 1154 1776 1190 hoc
1794 1155 1911 1189 obiter
1931 1165 2160 1193 moneamus,

1150 1208 1381 1255 apocrypha,
1411 1210 1571 1250 occulta,
1601 1221 1696 1248 non,
1724 1215 1764 1242 ut
1788 1208 1897 1252 vulgo
1926 1212 2078 1252 putant,
2106 1205 2160 1238 in-

1150 1262 1237 1295 certi
1264 1262 1422 1302 autoris,
1450 1275 1512 1296 seu
1540 1259 1752 1305 ἀδέσποτα,
1786 1261 1848 1294 sed
1876 1260 1974 1306 quod
2000 1257 2070 1292 illis
2094 1270 2161 1303 pu-

1148 1314 1239 1348 blice
1255 1314 1290 1347 in
1309 1314 1453 1359 templis
1472 1327 1547 1347 non
1568 1314 1696 1347 licebat
1713 1313 1778 1347 uti.
1828 1312 1922 1347 Nam
1941 1311 1979 1344 in
1996 1310 2158 1344 docenda

549 1187 631 1223 ΝΟ.

186 1249 390 1283 Praeterita
420 1249 591 1282 desinunt
623 1248 661 1280 in
696 1247 731 1279 vi
762 1257 871 1280 unam
905 1243 1094 1290 syllabam,

83 1301 212 1346 supina
238 1301 275 1334 in
302 1307 393 1335 turn.

135 1361 266 1419 sfel'no
295 1412 299 1414 Y
427 1359 541 1418 ΕῘΓξΝῙ
699 1363 864 1416 ὃξῐθωῐῐῑ·
1149 1366 1324 1411 religione
1341 1366 1374 1411 ⁹)
1403 1367 1578 1400 nolebant
1606 1364 1797 1399 admisceri
1822 1362 1984 1398 humana
2014 1362 2160 1407 scripta.

134 1413 223 1472 S¹J¹⁰
424 1424 494 1470 ⁵¹V}
700 1416 809 1468 SJfflm
1148 1417 1274 1465 Itaque
1307 1419 1590 1452 commentarios
1614 1416 1807 1451 hominum
1835 1428 1911 1449 non
1936 1415 2160 1460 recipiebant

133 1463 230 1498 Lmo
422 1464 494 1497 ῙΕἯ
699 1462 802 1495 htum
816 1486 825 1500 ⁷
1149 1471 1187 1504 in
1207 1472 1363 1516 templa,
1391 1483 1457 1504 nec
1474 1470 1707 1505 autoritatem
1726 1470 1871 1502 illorum
1892 1468 2012 1501 valere
2036 1467 2160 1501 volue-

83 1526 180 1572 apud
190 1523 405 1558 Terentium
424 1522 548 1558 relevi.
584 1521 733 1555 Veteres
752 1521 859 1555 etiam
877 1519 943 1553 lini
959 1519 1094 1559 dixere,

83 1585 119 1612 et
135 1590 154 1611 a
171 1577 298 1617 linire,
326 1577 426 1623 quod
441 1574 643 1620 reperimus
668 1574 705 1607 in
732 1573 854 1607 multis
879 1573 967 1606 locis
989 1583 1094 1606 usur-

81 1637 210 1676 patum
228 1642 302 1663 esse
322 1641 389 1674 pro
407 1629 541 1668 linere,
570 1626 686 1660 linivi.

1149 1530 1254 1563 runt,
1283 1530 1316 1556 et
1335 1523 1515 1557 iusserunt
1532 1519 1741 1568 apocrypha
1760 1534 1857 1561 esse,
1887 1521 1923 1554 id
1948 1527 2018 1560 est,
2046 1519 2159 1553 laten-

1148 1576 1196 1610 tia
1211 1603 1220 1616 ,
1247 1588 1322 1609 non
1345 1576 1508 1620 publica,
1535 1588 1611 1609 non
1628 1581 1771 1619 recepta
1793 1573 1938 1617 scripta.

1252 1635 1376 1671 Insero
1394 1636 1507 1671 insevi
1525 1637 1687 1676 insitum,
1705 1649 1786 1669 cum
1804 1635 1982 1680 significat
1996 1632 2159 1678 impffen,

1150 1686 1387 1738 ἐμφυτεύειν.

1254 1741 1415 1775 Consero
1431 1741 1598 1775 conserui
1612 1747 1831 1780 consertum,
1849 1751 1915 1784 pro
1931 1739 2159 1772 commisceO.

1254 1793 1416 1827 Consero
1446 1794 1593 1827 consevi
1622 1792 1800 1826 consitum
1813 1819 1822 1831 ‚
1857 1792 2000 1825 beseen.

1254 1845 1309 1879 Ab
1333 1847 1462 1880 obsero
1486 1845 1642 1879 obsitum
1670 1851 1777 1879 extat.

188 1690 220 1724 A
248 1702 356 1723 cerno
381 1696 520 1723 veteres
544 1687 642 1721 crevi
665 1699 732 1731 pro
760 1686 833 1719 vidi
857 1690 1094 1730 usurparunt,

84 1742 119 1775 id
137 1753 235 1775 nunc
253 1741 423 1785 repudiat
437 1752 534 1774 usus.

511 1807 663 1853 Excipe:

191 1869 293 1904 Cano
312 1869 445 1910 cecini,
474 1869 570 1903 unde
589 1867 790 1913 composita
811 1868 1048 1912 degenerant:

1202 1906 1351 1940 Caetera
1388 1907 1589 1952 composita
1624 1918 1699 1940 non
1731 1903 1868 1939 habent
1900 1904 2032 1949 duplex
2055 1914 2158 1948 prae-

135 1930 288 1964 Succino
314 1930 496 1970 succinui,
550 1928 688 1963 Occino
718 1928 871 1962 occinui.
1207 1959 1214 1966 ,

1148 1965 1315 1993 teritum:

134 1981 182 2016 Et
197 1995 297 2027 pono
457 1981 565 2028 posui
724 1980 883 2026 positum

135 2034 279 2068 Temno
460 2034 591 2079 tempsi
728 2039 908 2077 temptum

135 2086 255 2132 Gigno
462 2086 570 2131 genui
728 2085 903 2129 genitum.

1200 2019 1337 2054 Desero
1497 2019 1640 2054 deserui
1784 2019 1965 2052 desertum

1200 2071 1317 2105 Exero
1499 2071 1621 2105 exerui
1788 2076 1948 2104 exertum
1974 2074 2130 2101 tantum.

1236 2149 1389 2183 Ovidius
1410 2148 1434 2184 l.
1463 2149 1654 2184 Fastorum
1687 2148 1775 2197 [VSS.
1798 2145 2072 2194 297—308.]:

1219 2209 1350 2234 Foeliees
1371 2209 1498 2241 animae,
1527 2210 1625 2240 quihus
1644 2210 1710 2234 haec
1731 2215 1902 2241 cognoscere
1924 2208 2058 2240 primum,

1288 2253 1373 2284 Inque
1393 2254 1489 2277 domos
1508 2259 1627 2284 superas
1649 2253 1787 2278 scandere
1808 2259 1875 2277 cura
1895 2253 1954 2276 fuit.

551 2170 628 2206 ΡΟ.

187 2231 277 2266 Cum
310 2232 321 2265 l
357 2238 419 2265 aut
454 2244 472 2265 r
504 2233 617 2266 anteit
647 2238 867 2277 postremam
903 2232 1092 2278 syllabam,

82 2284 279 2328 praeterita
298 2284 389 2318 fiunt
406 2284 444 2317 in
461 2285 537 2329 psi,
565 2285 692 2330 supina
712 2284 749 2317 in
770 2291 884 2329 ptum.

1218 2295 1358 2320 Credibile
1378 2298 1421 2319 est
1442 2296 1522 2325 iiloS,
1548 2296 1655 2326 pariter
1675 2296 1806 2327 vitiisque
1827 2295 1949 2325 iocisque

136 2344 256 2390 Carpo
416 2345 535 2389 carpsi
694 2352 856 2390 carptum
1119 2300 1123 2393 Ι
1288 2340 1383 2364 Altius
1403 2339 1529 2363 humanis
1550 2340 1695 2364 exeruisse
1715 2341 1806 2370 caput.

134 2396 186 2430 Re
217 2409 237 2430 0
416 2409 453 2430 re
483 2397 511 2430 Si
695 2409 733 2430 re
763 2404 800 2431 tu
813 2411 836 2430 ,n
1218 2384 1278 2407 Non
1298 2384 1395 2407 venus
1416 2385 1441 2407 et
1461 2383 1554 2408 vinum
1574 2384 1703 2408 sublimia
1725 2384 1841 2414 pectora
1860 2382 1963 2413 fregit.

192 2409 212 2441 Ρ
457 2409 479 2442 Ρ
737 2410 758 2442 Ρ
805 2412 812 2430 ¹
843 2423 851 2432 ·
1291 2426 1453 2451 orficiumve
1473 2428 1543 2452 fori.
1564 2428 1715 2451 militiaeve
1735 2428 1822 2451 labor.

509 2466 660 2511 Excipe:
1219 2470 1274 2494 Nec
1292 2470 1365 2493 lex-is
1383 2471 1512 2495 ambitio.
1542 2472 1710 2501 perfusaque
1730 2471 1822 2501 gioria
1841 2470 1920 2494 suco.

134 2526 229 2560 Rum
261 2540 281 2560 0
440 2540 481 2561 ru
512 2527 521 2559 i
680 2539 722 2561 ru
752 2534 826 2560 tum
1287 2514 1508 2545 Magnarumque
1529 2516 1617 2539 sames
1640 2515 1805 2539 sollicitavit
1825 2520 1914 2544 opum.

136 2578 173 2610 qt
234 2539 256 2571 p
487 2540 507 2571 p
565 2579 572 2585 ,
727 2540 748 2572 p
783 2579 790 2585 ,
1217 2557 1374 2581 Admovere
1394 2558 1482 2581 oculis
1503 2559 1638 2582 distantia
1658 2559 1752 2582 sidera
1772 2557 1894 2584 nostris,

135 2600 149 2611 ³
176 2590 264 2622 repo
437 2586 572 2624 Strepffl
681 2585 883 2623 Strepstum·
1288 2602 1463 2632 Aetheraqine
1484 2602 1594 2633 ingenio
1616 2609 1791 2633 supposuere
1812 2608 1871 2625 suo.

119 2713 152 2741 8)
171 2713 274 2736 sustuli
293 2714 446 2744 sublatum]
467 2714 506 2738 sic
521 2714 570 2739 Ed.
587 2721 610 2739 s.
625 2720 666 2744 a.;
687 2713 871 2745 Editt.1526.,
888 2715 975 2745 1529„
997 2714 1089 2741 1546.:
1181 2711 1211 2742 9)
1233 2711 1258 2734 in
1279 2711 1403 2735 docenda
1423 2713 1490 2740 ret]
1505 2712 1544 2736 sic
1560 2713 1641 2737 Εαῑει,
1659 2713 1746 2741 15⁴6„
1768 2720 1790 2737 s.
1808 2718 1849 2737 a,:
1871 2711 1953 2735 Editt.
1970 2709 2056 2735 1526„
2077 2708 2153 2733 1529.

156 2748 206 2771 tuli
226 2748 312 2772 latum
1218 2746 1341 2772 docenda
1361 2747 1386 2770 in
1408 2747 1544 2778 reiigione
