2389 3037
24 1782 28 1785 i
79 1761 233 1800 netque,
277 1762 317 1788 ut
348 1755 422 1788 filio
447 1757 515 1790 sibi
539 1757 688 1793 insidias
711 1761 863 1793 struenti
888 1762 1008 1796 frenos
1033 1763 1086 1796 in-
1111 1766 1114 1799 ἑ

95 120 172 157 589
279 119 323 155 V.
379 120 639 155 HISTORIAE
669 121 914 167 QUAEDAM
944 123 1222 160 RECITATAE
1251 126 1402 162 INTER
1430 128 1666 166 PUBLICAS
1695 131 1977 172 LECTIONES.
2089 139 2165 176 590

95 210 186 241 bene
205 208 408 240 notandum
428 213 499 247 est,
525 206 591 240 hac
616 208 692 252 ipsa
717 208 774 242 die
802 221 923 244 eversa
952 218 985 244 et
1010 223 1105 244 com-
1159 215 1291 255 tentia,
1320 222 1359 248 ut
1381 215 1532 249 afflictae
1552 219 1677 253 matris
1697 220 1936 256 conscientiae
1963 226 2165 260 consulere-

94 261 198 293 busta
220 266 272 292 est
286 258 560 304 Hierosolyma,
589 271 659 305 qua
682 267 766 294 nata
786 268 837 295 est
854 261 993 302 Maria,
1021 263 1044 297 i.
1067 276 1097 297 e.
1128 257 1130 298 ἶ
1158 272 1227 300 tur.
1281 267 1458 300 Probavit
1473 270 1687 303 sententiam
1707 270 1959 318 theologorum
1971 275 2164 313 Lutherus.

92 310 251 346 Ecclesia
279 310 429 345 cessavit
454 317 489 343 et
511 311 616 345 desiit
635 318 735 346 vetus
753 312 925 348 Ecclesia.
979 313 1103 348 Sustu-
1158 316 1270 350 Porta
1289 319 1384 351 enim
1406 320 1543 363 gratiae
1561 328 1594 354 et
1610 323 1847 360 absolutionis
1872 338 2058 374 nunquam
2084 342 2163 375 pec-

92 362 136 396 lit
159 375 237 396 eam
264 369 382 396 autem
409 361 526 403 Deus,
570 375 615 396 ne
648 364 787 398 videret
816 365 1101 410 ingravescentia
1156 369 1338 404 catorihus
1356 370 1475 404 clausa
1493 384 1567 406 esse
1585 374 1700 409 debet.

93 414 187 447 mala
206 413 230 448 i.
247 426 276 448 e.
301 412 466 448 haereses
490 421 524 448 et
548 415 793 458 eversionem,
829 429 908 450 cum
932 418 1017 452 satis
1044 431 1101 452 su·
1610 458 1641 465 η
1685 459 1692 466 ,

92 477 230 511 perque
251 462 497 499 calamitatum
520 464 709 509 habuerit,
737 468 861 502 videns
879 468 991 502 filium
1014 482 1101 514 pen·
1280 454 1546 492 CCXXXXVH·
1589 457 1611 488 x
1631 461 1741 504 ¹g¹¹²¹
1756 467 1796 494 te
1825 469 1866 495 et
1895 472 2036 500 ‘’⁸¹¹2'‘

91 518 235 550 dentem
254 517 293 549 in
311 529 434 557 cruce,
462 530 528 552 nec
548 520 654 552 credo
680 520 790 553 ullam
815 520 1009 554 mulierum
1036 534 1100 567 po·
1125 521 1127 558 J
1262 524 1321 558 14.
1349 523 1431 558 Iulii
1455 526 1563 559 Anno
1591 526 1703 562 1534.
1748 530 1851 565 vitus
1875 530 2091 568 Theodorus
2120 548 2161 569 ex

92 568 200 602 tuisse
228 574 347 603 tantos
370 570 515 604 dolores
547 571 735 605 sustinere.
806 571 956 606 Constat
990 573 1100 617 igitur
1124 576 1127 586 ³
1153 574 1392 621 Norimberga
1412 574 1637 612 horrendum
1655 592 1775 614 casum
1793 583 1953 628 scripsit,
1982 587 2080 631 quod
2096 585 2161 620 ho-

90 620 272 653 maximae
295 621 519 656 fortitudinis
545 622 652 656 fuisse
671 622 839 658 Mariam.
892 623 1018 658 Deleta
1047 633 1100 660 est
1153 634 1253 662 nesta
1279 635 1447 662 matrona
1474 642 1493 662 a
1521 628 1734 666 scholastico
1763 634 2011 680 impraegnata
2040 639 2160 673 fuerit.

89 670 344 717 Hierosolyma
372 680 453 718 post
472 680 597 707 natum
617 672 800 709 Christum
822 675 890 714 73;
927 683 1012 710 sunt
1035 690 1098 712 au-
1124 703 1125 706 =
1153 679 1318 714 Tandem
1338 693 1418 714 cum
1438 682 1482 714 ad
1506 682 1725 727 baptismum
1754 685 1872 721 infans
1896 690 2035 723 delatus
2058 697 2160 731 esset,

89 729 160 757 tem
180 724 268 757 anni
288 725 333 758 ab
350 725 446 758 exitu
463 726 590 769 populi
605 724 716 760 Israel
735 739 777 760 ex
792 728 956 773 Aegypto
983 741 1095 776 usque
1152 734 1320 767 sacerdos
1337 739 1478 777 patrem
1496 734 1586 768 scire
1604 735 1736 774 voluit;
1766 750 1845 771 cum
1865 752 1939 773 non
1956 741 2160 776 indicarent

88 775 135 808 ad
160 772 256 809 hanc
284 782 482 810 extremam
507 778 732 812 eversionem
755 778 1094 826 Hierosolymorum
1122 787 1124 820 ξ
1150 790 1313 828 patrem,
1342 797 1432 829 puer
1450 786 1599 820 domum
1625 787 1764 823 delatus
1790 796 1842 824 est
1865 792 1940 825 sine
1966 794 2159 838 baptismo,

91 825 202 863 1582.
236 826 312 861 Nos
328 827 400 860 iam
421 840 440 861 a
459 834 623 874 tempore
638 830 824 865 restitutae
840 832 963 866 salutis
983 831 1095 867 1559.
1122 859 1123 867 ,
1151 835 1270 869 Mater
1288 837 1461 870 infantem
1481 851 1565 871 mox
1581 839 1729 881 occidit,
1766 847 1801 874 et
1825 843 1955 877 deinde
1981 857 2016 878 se
2042 845 2157 890 ipsam

86 877 240 912 Restant
264 880 370 924 pauci
395 880 482 913 anni
506 882 551 914 ad
577 881 628 918 82
653 895 817 923 annumr
839 883 898 917 vix
924 883 995 925 24,
1023 897 1094 931 quo
1121 871 1124 910 l
1150 888 1354 932 suspendit;
1382 887 1615 925 scholasticus
1630 898 1733 936 pater
1751 892 1850 927 illinc
1875 908 1910 929 se
1936 896 2055 941 ipsum
2075 910 2159 930 con-

87 936 254 975 tempore
281 932 409 975 procul
437 932 548 966 dubio
581 934 764 969 mirabiles
797 936 1018 971 mutationes
1049 938 1095 970 ad
1121 942 1123 970 ἶ
1148 940 1252 974 fodit.
1307 940 1482 975 Sacerdos
1502 950 1695 989 postquam
1714 942 1783 978 hoc
1799 947 1957 988 audivit,
1985 961 2022 982 se
2039 949 2156 993 ipsum

87 981 270 1026 singulare
289 982 427 1029 aliquid
451 984 635 1025 evenient,
671 993 732 1020 aut
758 998 833 1019 non
857 988 966 1021 stabit
989 1001 1094 1022 mun-
1121 978 1124 1036 l
1149 993 1348 1036 suspendit.
1383 992 1616 1028 Horrendurn
1635 993 1731 1030 hunc
1747 1009 1867 1031 casum
1880 997 2060 1035 Lutherus
2076 1013 2156 1034 cum

86 1033 165 1067 dus.
219 1033 358 1068 Multae
377 1036 473 1068 enim
492 1043 575 1070 sunt
592 1038 819 1071 coniecturae
838 1050 880 1072 ex
898 1040 1093 1074 collatione
1120 1039 1123 1074 1
1149 1042 1309 1088 singultu
1328 1045 1544 1089 deploravit.
1596 1047 1692 1092 Ergo
1716 1061 1860 1084 oremus
1889 1057 1922 1084 et
1949 1051 2156 1096 vigilemns;

86 1091 315 1130 temporum,
359 1099 515 1132 quorum
548 1095 643 1122 certa
674 1096 725 1123 est
757 1089 957 1125 similitudo
984 1105 1094 1138 quae·
1120 1085 1123 1121 l
1148 1093 1326 1130 Diabolus
1352 1108 1427 1129 non
1451 1097 1598 1132 dormit.
1651 1099 1777 1134 Monet
1803 1101 1911 1145 igitur
1934 1101 2021 1137 haec
2045 1102 2156 1139 histo—

85 1137 183 1171 dam.
236 1135 334 1172 Deus
353 1138 448 1172 adsit
462 1139 586 1179 nobis;
615 1141 676 1186 qui
703 1142 825 1175 vivent
849 1155 892 1176 eo
916 1150 1094 1189 tempore,
1120 1140 1124 1169 ἶ
1148 1146 1222 1187 ria,
1252 1154 1291 1181 ut
1309 1149 1512 1183 sacerdotes
1533 1151 1689 1194 cogitent
1709 1165 1745 1186 se
1765 1166 1837 1188 esse
1854 1155 2052 1197 ministros,
2080 1169 2154 1190 non

85 1190 326 1234 experientur.
1120 1220 1122 1243 3
1148 1199 1317 1233 dominos
1336 1208 1645 1236 sacramentorum
1653 1228 1662 1237 .

155 1272 406 1308 CCXXXXVI.
446 1274 511 1308 De
539 1275 716 1311 incesto
746 1280 1015 1315 concubitu.
1211 1281 1492 1320 CCXXXXVIII.
1531 1285 1594 1319 De
1623 1286 1802 1321 Graeco
1831 1292 2089 1326 sacerdote.

187 1340 417 1387 Erphordiae
445 1344 564 1388 puella
591 1347 769 1391 quaedam
797 1360 838 1380 ex
863 1346 1015 1382 honesta
1040 1351 1092 1382 fa·
1116 1362 1121 1422 J
1250 1351 1425 1388 Sacerdos
1441 1354 1590 1400 quidam
1602 1355 1761 1391 Graecus
1780 1359 2062 1401 venitRomam,
2091 1361 2153 1395 ubi

82 1392 181 1426 milia
219 1400 253 1427 et
280 1394 411 1438 pudica
447 1395 595 1429 servivit
630 1398 772 1431 mulieri
808 1399 910 1432 diviti
949 1400 1091 1435 viduae.
1116 1425 1120 1451 ξ
1146 1415 1226 1436 cum
1244 1402 1394 1439 honoris
1410 1406 1523 1450 gratia
1548 1407 1664 1452 ipsum
1691 1410 1916 1455 appellarent
1940 1412 2150 1446 dominum:

79 1443 168 1479 Eius
183 1445 277 1480 filius
292 1445 499 1481 adolescens
517 1454 642 1492 captus
657 1449 772 1483 forma
793 1457 828 1484 et
844 1463 968 1485 amore
987 1453 1091 1497 puel·
1115 1457 1119 1494 ζ
1144 1453 1322 1496 Domine,
1371 1458 1540 1498 domine,
1584 1461 1763 1505 quaesivit
1798 1463 1872 1507 ipse
1886 1490 1895 1502 ,
1944 1476 2024 1497 cum
2062 1471 2151 1498 esset

80 1496 136 1530 lae
153 1497 361 1531 sollicitavit
377 1510 456 1531 eam
476 1500 520 1532 de
537 1501 742 1535 concubitu.
796 1501 987 1547 Indignum
1004 1505 1090 1538 faci·
1115 1501 1118 1550 l
1144 1506 1291 1550 ignarus
1306 1507 1451 1553 linguae
1469 1510 1602 1544 latinae
1614 1538 1623 1552 ,
1652 1514 1739 1558 quid
1753 1514 1970 1558 significaret
1991 1517 2151 1551 domine.

80 1559 149 1582 nus
173 1549 390 1588 adversans,
417 1551 536 1594 puella
561 1564 578 1584 a
607 1564 642 1585 se
666 1554 798 1597 repulit
825 1555 1087 1590 adolescentem
1114 1554 1117 1600 Ι
1144 1557 1234 1592 Cum
1260 1559 1292 1592 ei
1319 1559 1500 1602 dicerent,
1535 1565 1633 1608 quod
1659 1565 1753 1598 idem
1779 1566 2016 1611 significaret,
2051 1571 2150 1614 quod

79 1600 279 1639 furiosum3
307 1601 463 1646 denique
481 1615 559 1636 cum
578 1604 740 1648 quotidie
767 1606 878 1649 magis
902 1608 1088 1654 magisque
1113 1604 1117 1634 ἶ
1143 1610 1290 1645 Graecis
1306 1611 1430 1658 κύριε,
1457 1616 1660 1659 respondit:
1690 1615 1760 1653 οὐκ
1778 1617 1897 1653 ἐθέλω
1912 1620 2078 1660 domine,
2104 1618 2149 1655 οὐ

80 1651 250 1693 instaret,
292 1652 410 1697 puella
444 1653 496 1686 rei
527 1654 742 1699 indignitate
773 1664 807 1690 et
834 1670 898 1691 suo
926 1660 1086 1703 periculo
1112 1674 1115 1708 3
1140 1659 1216 1708 γὰρ
1235 1660 1304 1710 slya*
1324 1661 1492 1708 δόμεναι.
1546 1666 1603 1700 Sic
1620 1668 1738 1703 bonus
1760 1670 1819 1703 ille
1837 1668 1970 1712 homo,
1998 1684 2077 1705 cum
2097 1684 2148 1706 es-

79 1709 200 1743 mota,
228 1704 336 1737 matri
355 1704 590 1739 adolescentis
606 1718 681 1739 rem
700 1709 827 1741 ordine
843 1717 980 1749 narrat,
1010 1724 1087 1744 mo-
1111 1711 1115 1744 ἶ
1141 1719 1193 1746 set
1209 1726 1368 1758 pauper,
1397 1723 1581 1752 aversatus
1600 1726 1651 1754 est
1670 1733 1820 1765 magnos
1838 1722 1974 1757 titulos.

79 1806 188 1841 iiciat.
244 1806 381 1848 Mater,
410 1819 448 1840 re
465 1809 682 1850 deliberata,
707 1811 787 1844 iniit
805 1812 984 1846 rationein
1002 1827 1084 1847 cum
1111 1834 1113 1836 ·
1225 1779 1475 1835 CCXRXXIX·
1515 1802 1547 1834 R
1559 1816 1575 1836 θ
1587 1804 1654 1848 gis
1684 1806 1840 1839 Gallia
1853 1820 1871 1840 Ε
1900 1807 1955 1840 3¹¹¹
1967 1821 1984 1840 ³
1997 1820 2061 1853 ἕο·

78 1858 216 1902 puella,
245 1859 415 1905 iubetque
433 1872 511 1893 eam
530 1860 566 1893 in
590 1861 653 1894 filii
680 1874 840 1896 amorem
867 1866 1084 1907 consentire,
1110 1866 1111 1869 ¹
1242 1866 1283 1900 ln
1294 1868 1424 1910 Gallia,
1450 1873 1651 1915 prandente
1671 1874 1969 1919 regeFrancisco,
1997 1877 2143 1923 quidam

78 1916 114 1944 et
135 1916 269 1943 certam
297 1909 425 1944 horam
454 1913 588 1953 noctis,
629 1926 699 1960 qua
727 1917 919 1949 convenire
946 1924 981 1950 et
1006 1930 1082 1951 rem
1108 1955 1109 1960 ¹
1138 1924 1209 1951 tres
1244 1917 1365 1954 thecas
1404 1922 1440 1954 in
1477 1925 1671 1958 coenaculo
1707 1935 1926 1971 posuerunt,
1969 1936 2143 1976 tanquam

75 1962 248 2006 perficere
273 1962 490 1997 tutissimum
516 1964 719 2007 videretur,
764 1968 1000 2007 constituere;
1046 1982 1082 2003 se
1108 1982 1109 2011 ]
1137 1970 1251 2003 acturi
1273 1971 1454 2014 fabulam,
1490 1982 1613 2019 postea
1639 1989 1763 2012 rursus
1787 1980 1915 2024 egressi
1936 1988 2039 2021 sunt,
2067 1988 2145 2014 tan-

76 2013 173 2047 enim
190 2026 233 2048 eo
250 2016 327 2060 ipso
345 2020 510 2061 tempore
535 2016 635 2051 istius
658 2019 798 2062 puellae
822 2019 951 2054 lectum
979 2033 1082 2054 occu-
1106 2015 1109 2039 ¹¹
1137 2033 1245 2067 quam
1277 2035 1312 2056 se
1344 2028 1596 2070 praeparaturi
1629 2030 1673 2061 ad
1709 2031 1900 2066 actionem.
1978 2031 2142 2079 Cumque

75 2071 266 2109 paturam,
316 2064 455 2113 hacque
495 2069 636 2102 ratione
672 2070 784 2103 filium
822 2084 1081 2116 repressuram.
1106 2084 1108 2124 ζ
1135 2073 1242 2118 longa
1268 2087 1370 2109 mora
1395 2077 1669 2121 intercessisset,
1698 2094 1762 2115 nec
1787 2082 1836 2116 illi
1860 2084 2021 2118 redirent
2039 2084 2140 2131 (quia

76 2115 275 2152 Consilium
302 2119 431 2162 probat
456 2120 596 2164 puella,
637 2121 718 2155 iniit
747 2135 826 2156 cum
855 2125 1080 2159 adolescente
1106 2126 1107 2161 J
1136 2126 1256 2159 statim
1275 2128 1490 2173 aufugerant
1507 2138 1541 2164 et
1565 2132 1781 2167 abdiderant
1807 2136 1920 2182 sese),
1956 2136 2058 2170 iussit
2080 2149 2142 2170 rex

74 2175 234 2212 pactum.
287 2168 320 2204 Is
350 2168 437 2203 hora
464 2171 579 2205 noctis
605 2174 797 2208 constituta
828 2178 929 2210 adest
957 2184 1080 2221 petens
1135 2178 1275 2222 aperire
1295 2176 1434 2222 thecas,
1463 2182 1594 2228 quibus
1613 2186 1746 2230 apertis
1767 2186 1855 2220 vidit
1880 2187 1916 2220 in
1945 2188 2063 2233 prima
2086 2201 2140 2221 re-

74 2220 303 2255 concubitum
324 2222 478 2266 puellae.
532 2223 667 2265 Mater,
696 2238 787 2271 quae
809 2234 912 2260 antea
939 2229 1079 2263 furores
1135 2241 1213 2274 gem
1244 2232 1426 2266 sedentem
1460 2233 1555 2268 inter
1586 2242 1723 2278 scorta',
1760 2251 1800 2271 ae
1833 2239 1983 2284 largiter
2011 2240 2139 2274 biben-

73 2271 137 2305 filii
156 2272 298 2306 frenare
318 2280 352 2306 et
369 2271 536 2307 cohibere
562 2275 784 2317 instituerat,
813 2279 904 2312 victa
930 2280 1079 2314 libidine
1134 2287 1224 2320 tem;
1268 2282 1304 2316 in
1337 2285 1448 2318 altera
1472 2286 1711 2331 flagellantem
1741 2288 1922 2324 Christum
1952 2291 2138 2336 alligatum

74 2330 109 2357 et
127 2324 297 2358 instinctu
312 2325 479 2366 Diaboli,
506 2339 609 2360 suum
628 2340 758 2373 corpus
776 2330 849 2363 filio
876 2333 1078 2377 proposuit.
1133 2334 1177 2366 ad
1201 2334 1426 2375 columnam;
1473 2337 1510 2370 in
1542 2340 1645 2373 tertia
1680 2341 1901 2387 equitantem
1935 2356 2044 2388 super
2075 2356 2139 2388 po-

72 2373 241 2411 Nascitur
259 2388 300 2411 ex
318 2377 452 2412 incesto
478 2379 670 2413 concubitu
690 2380 851 2422 femella,
885 2396 993 2429 quam
1021 2397 1079 2418 ex·
1103 2380 1105 2395 ¹
1132 2385 1270 2428 pulum.
1329 2386 1379 2421 lta
1406 2390 1644 2434 significatum
1672 2400 1742 2433 est,
1778 2395 1896 2439 primo
1918 2395 2050 2440 negligi
2075 2408 2138 2440 gu-

72 2428 228 2472 positam
249 2436 284 2462 et
301 2430 346 2462 ab
361 2430 432 2463 alio
451 2431 637 2463 educatam
659 2438 775 2466 mater
798 2436 942 2469 tandem
969 2438 1014 2470 ad
1040 2450 1077 2471 se
1102 2435 1104 2457 ἕ
1130 2436 1381 2473 bernationem
1407 2441 1542 2486 regiam
1571 2456 1589 2476 a
1610 2457 1691 2489 rege
1719 2445 1897 2490 otios0⁸⁶)
1917 2453 1951 2480 et
1970 2448 2136 2492 volupta-

72 2479 212 2524 recipit.
267 2479 362 2515 Idem
383 2482 475 2517 filius
493 2482 655 2517 omnium
676 2482 804 2518 harum
832 2499 951 2521 rerum
978 2488 1076 2533 igna-
1102 2479 1104 2534 ζ
1130 2488 1224 2523 tibus
1254 2491 1389 2527 dedito.
1460 2493 1599 2528 Deinde
1625 2497 1772 2530 saevitia
1807 2504 1841 2531 et
1873 2499 2065 2533 crudelitas
2099 2499 2133 2531 in

73 2543 154 2571 rus,
203 2530 294 2566 hanc
325 2546 446 2568 amare
479 2534 601 2579 incipit
634 2536 802 2582 ducitque
839 2538 876 2570 in
912 2552 1075 2575 uxorem.
1101 2536 1103 2552 ¹
1131 2540 1208 2584 pios
1243 2549 1365 2576 notata
1403 2552 1466 2579 est.
1541 2546 1666 2581 Tertio
1703 2549 1959 2594 expilationes,
2005 2550 2134 2595 quibus

72 2581 190 2616 Mater
206 2584 314 2618 dubia
334 2592 367 2619 et
387 2586 422 2618 in
441 2600 556 2630 agone
574 2588 700 2622 mortis
718 2589 874 2624 sentiens
892 2593 1075 2625 conscien-
1099 2587 1103 2623 l
1129 2593 1262 2626 subditi
1289 2593 1551 2631 exhauriuntur
1570 2606 1602 2632 et
1627 2601 1727 2645 quasi
1751 2602 2026 2641 conculcantur,
2051 2608 2131 2635 sunt

74 2634 144 2667 tiae
169 2648 328 2670 morsum
344 2664 352 2677 ‚
381 2646 521 2681 peccata
549 2640 750 2673 confitetur.
806 2641 876 2676 Res
895 2644 938 2676 ad
964 2645 1074 2678 collo·
1100 2651 1102 2677 ἰ
1129 2651 1302 2679 ostensae.

73 2686 196 2730 quium
214 2685 465 2732 theologorum
488 2692 658 2726 defertur.
714 2692 803 2726 Cum
827 2694 888 2727 diu
913 2697 1073 2741 disputa·
1099 2691 1103 2723 l

72 2744 188 2779 retur,
217 2747 254 2773 ut
279 2741 312 2772 in
337 2753 418 2775 casu
437 2742 626 2783 inusitato,
656 2747 799 2777 tandem
826 2746 894 2778 lata
921 2755 970 2782 est
994 2761 1070 2782 sen·
1162 2766 1212 2797 ει)
1235 2766 1339 2795 otioso]
1361 2767 1442 2793 cod„
1471 2769 1560 2793 ner-iso
