2389 3037
78 149 129 185 75
604 144 727 180 XCIV.
781 142 1114 179 GRAMMATICA

80 218 131 271 40
159 234 295 274 suave,
322 245 397 267 non
419 231 630 290 difficulter,
659 232 816 276 gaudent
841 242 926 264 vero
951 229 1084 274 templa

496 290 615 328 patrla

156 336 254 370 Iovis
271 337 450 377 tonantis,
478 337 627 368 dearum
648 347 734 368 voce
752 333 883 367 virenti

158 388 270 422 Tacta
282 415 291 429 ‚
319 389 464 422 insonat
482 394 515 420 et
531 393 655 420 vertex
671 386 801 420 nivalis
818 385 968 431 Olympi

158 440 298 474 Domus
321 439 597 473 immortalium.
659 437 760 483 Ipsae
786 449 873 470 vero
896 438 1085 470 immorta-

503 491 572 524 lem
591 503 716 523 vocem
735 491 879 524 edentes

81 542 133 578 44
156 542 318 576 Deorum
353 555 463 588 genus
498 542 720 582 venerabile,
761 541 919 586 primum
951 545 1086 572 canunt
1110 547 1113 559 ¹

499 594 669 628 carmine.

81 645 132 683 52
159 646 285 680 Musae
302 645 539 692 Olympiades
555 646 650 679 filiae
666 643 760 678 Iovis
777 640 963 688 Aegiochi.

158 697 230 732 Eas
244 697 282 731 in
302 697 420 732 Pieria
440 697 612 732 Saturnio
632 696 744 730 edidit
760 696 855 740 patri
874 693 1068 728 commixta
1109 702 1113 758 Ι

156 749 415 795 Mnemosyne,
442 749 582 783 animos
599 746 802 783 Eleutheris
820 747 1027 780 demulcens
1109 760 1116 1105 ἱ

82 800 133 836 55
160 801 356 835 Oblivione
378 802 579 841 malorum,
607 813 648 834 ac
671 800 944 846 tranquillitatis
970 797 1085 830 anxiis

500 853 605 886 curis.

81 904 131 939 60
159 904 257 938 Haec
285 916 372 938 vero
399 904 511 938 edidit
538 917 670 937 novem
704 903 840 949 puellas
877 902 1086 941 concordes,

501 957 634 1002 quibus
657 968 802 990 carmen

492 1015 639 1052 pectore
666 1008 801 1042 laetum
828 1006 996 1039 ardorem
1023 1003 1087 1038 ha-

498 1060 668 1094 bentibus

81 1111 133 1147 64
159 1109 262 1145 quta
278 1111 373 1156 ipsas
384 1111 532 1146 Gratiae
547 1124 586 1144 ac
600 1111 816 1146 desiderium
834 1110 934 1144 sedes
952 1106 1088 1142 habent

83 1161 199 1199 651n
234 1163 394 1204 floridis,
435 1163 628 1196 amabilem
664 1176 750 1197 vero
785 1174 850 1207 per
888 1174 926 1194 os
960 1172 1085 1193 vocem

81 1007 128 1043 61
160 1007 277 1042 Curae
311 1014 383 1048 est,
424 1007 463 1040 in

497 1216 643 1248 edentes

158 1266 386 1307 Mulcentur,
425 1267 662 1311 omniumque
693 1266 787 1309 leges
815 1277 855 1297 ac
884 1275 1003 1297 mores
1033 1263 1086 1295 in-

505 1318 618 1363 clytos

81 1369 132 1403 67
158 1367 424 1404 Immortalium
467 1370 682 1409 concinunt,
729 1367 921 1401 amabilem
960 1379 1085 1399 vocem

499 1422 645 1454 edentes

81 1471 131 1507 76
158 1472 299 1507 Novem
316 1472 457 1517 puellae
479 1485 496 1506 e
515 1484 649 1517 magno
666 1470 749 1505 Iove
768 1477 878 1511 satae,

158 1523 331 1570 Cleioque
372 1523 603 1570 Euterpeque
641 1522 844 1568 Thaliaque
885 1521 1087 1566 Melpome-

500 1589 618 1622 neque

158 1626 472 1674 Terpsichoreque
494 1627 679 1674 Eratoque
703 1627 970 1672 Polymniaque
995 1625 1087 1659 Ura-

499 1680 633 1726 niaque

82 1730 132 1765 79
159 1730 416 1776 Calliopeque,
452 1743 492 1764 ea
518 1744 605 1764 vero
632 1730 795 1764 omnium
825 1737 877 1763 est
901 1736 1088 1774 praestan-

503 1782 639 1816 tissima
660 1782 861 1815 Musarum.

461 1867 705 1902 Examen.

184 1933 263 1982 (Vs.
280 1934 398 1981 36.⁹¹)
414 1935 429 1981 )
451 1934 682 1982 Ἀρχώμεθα
700 1936 908 1973 ordiamur,
938 1935 1085 1968 verbum

83 1986 350 2021 coniunctivum
372 1994 443 2028 est,
469 1989 629 2032 genitivo
646 1988 867 2022 construitur
887 1999 965 2020 cum
984 1999 1089 2031 prae-

82 2039 261 2084 positione
272 2067 281 2079 ,
303 2046 343 2073 ut
361 2041 457 2085 apud
474 2040 627 2074 Aratum
643 2040 709 2086 9²):
730 2039 797 2075 Ἐκ
812 2038 900 2079 Διὸς
917 2037 1088 2084 ἀρχώμε-

84 2091 176 2126 σθα.
231 2091 286 2125 Ab
302 2090 387 2125 Iove
416 2092 614 2127 ordiamur.
667 2092 713 2126 Et
737 2092 935 2126 Homerus:
971 2093 1087 2125 Mov-

84 2142 188 2179 σάων
217 2142 392 2190 ἄρχωμαι
408 2143 475 2190 93);
519 2142 762 2179 schematiccfis
794 2145 870 2179 sine
903 2143 1087 2188 praeposi-

83 2195 182 2228 tione
200 2195 238 2228 in
255 2193 320 2229 hac
337 2196 588 2240 significantia.

188 2244 391 2283 Μουσάων
414 2248 591 2292 genitivus
614 2247 770 2281 Doricus
793 2254 861 2287 est,
897 2259 964 2290 pro
994 2259 1088 2291 μου-

85 2301 184 2340 σῶν,
225 2299 270 2332 da
302 2299 591 2341 nominativum,
625 2300 742 2334 Musa.
812 2298 943 2333 Unde?
980 2298 1088 2342 origi-

84 2352 288 2385 nandarum
309 2364 437 2385 vocum
456 2352 566 2386 multa
588 2353 681 2386 ratio
697 2352 844 2386 Graecis
864 2358 927 2390 est,
956 2351 1088 2384 solent-

86 2415 156 2449 que
174 2410 208 2437 et
227 2403 293 2448 ipsi
310 2404 433 2437 ludere
446 2431 454 2445 ,
488 2416 528 2437 ac
547 2405 620 2438 ludi
651 2404 891 2450 etymologiis.
946 2403 1086 2436 Tamen

85 2455 227 2502 aliquos
263 2457 446 2489 adnotabo
463 2483 471 2495 ‚
523 2458 650 2501 μοῦσα
684 2470 702 2489 a
739 2459 865 2502 μοῦσαι
901 2455 1087 2500 vestigare,

85 2505 179 2542 Nam
217 2521 305 2553 quas
335 2515 462 2553 poetae
498 2520 619 2542 musas
651 2515 782 2542 vocant
809 2507 1087 2556 μυθολογικιῦς,

122 2624 172 2651 91)
197 2623 254 2647 Hos
274 2630 404 2648 versuum
424 2630 555 2648 numeros
579 2631 610 2647 ex
631 2624 679 2647 Ed.
700 2623 851 2655 Goettliug.
872 2623 1017 2654 adscripsi.

123 2666 171 2697 92)
192 2667 271 2690 Arat.
293 2666 440 2692 Phaenom.
463 2668 486 2692 1.

123 2710 173 2737 93)
193 2710 270 2733 Hom.
289 2711 381 2740 hymn.
401 2710 506 2734 XXlV.
530 2712 567 2736 1..
596 2711 638 2733 uhi
659 2710 684 2732 in
707 2710 755 2733 Ed.
771 2709 862 2734 &vom
882 2710 985 2734 legitur
1006 2711 1087 2733 Mov-

159 2741 238 2767 σάων
255 2742 401 2775 ‘festapum
440 2745 522 2769 Editt.
546 2746 639 2772 151⁸„
670 2744 760 2768 153⁸..
791 2745 864 2768 1541.
893 2743 923 2767 ἐκ
942 2743 996 2776 γὰρ
1015 2752 1087 2775 μου-

160 2776 239 2803 σάων
257 2778 396 2810 ἀρχομαιι
424 2781 506 2805 Εᾱίῐῐ.
526 2780 598 2803 1542.
615 2787 688 2809 sqq.:
717 2777 853 2809 μουσάων
875 2778 1001 2811 (ἔρχομαι

1149 144 1346 179 GRAECA
1380 143 1610 179 INTEGRA.
2093 143 2143 177 74

1142 231 1254 264 animi
1271 231 1323 264 vis
1347 237 1416 270 est,
1445 231 1571 276 quain
1598 229 1672 262 veri
1699 229 1941 274 cognitionem
1974 229 2141 263 ferimur:

1139 280 1205 315 hac
1234 282 1432 320 miramur,
1474 280 1540 315 hac
1576 281 1794 327 inquirimus
1823 281 1943 314 abdita
1978 288 2142 315 naturae.

1138 333 1234 378 Ergo
1261 333 1387 367 Musae
1412 346 1430 365 a
1455 336 1581 378 μῶσαι
1606 335 1787 367 dicuntur.
1850 333 1955 366 Plato
1983 333 2021 365 in
2050 330 2144 365 hanc

1139 385 1354 419 sententiam
1375 385 1544 429 plurima.
1588 383 1638 417 Ita
1657 397 1761 429 saepe
1780 384 1960 418 Homerus
1977 383 2144 417 homines

1140 435 1319 481 alphestas
1338 436 1525 476 nominat,
1554 436 1589 468 id
1607 442 1677 476 est,
1704 436 1948 480 indagatores.
1991 436 2143 469 Declina

1138 491 1287 534 μοῦσα,
1330 489 1476 534 require
1500 489 1696 521 secundnm
1724 488 1887 521 ordinem
1913 488 2145 533 simplicium,

1139 540 1279 584 generis
1298 540 1487 573 foeminini
1503 546 1542 573 ut
1560 539 1635 573 eius
1654 539 1790 574 ordinis
1810 540 1943 573 omnia.
1999 539 2146 573 Discer-

1139 599 1231 626 nunt
1253 592 1348 625 enim
1367 591 1495 625 Graeci
1521 604 1649 635 genera
1677 591 2000 631 declinationibus,
2036 598 2145 636 atque

1139 645 1230 677 adeo
1252 644 1286 677 id
1306 644 1411 688 longe
1428 643 1610 677 facillime.
1665 641 1738 675 Iam
1759 644 1820 689 qui
1839 644 1936 676 volet
1960 642 2028 677 sibi
2054 642 2145 675 divi-

1140 703 1210 729 tem
1231 708 1359 740 parare
1384 696 1526 738 linguae
1549 695 1803 739 supellectilem
1819 722 1828 734 ,
1857 697 2023 735 adnotet,
2053 706 2145 740 quae

1140 760 1182 781 ex
1209 745 1278 781 hac
1301 760 1387 780 voce
1414 749 1541 792 μοῦσα
1569 759 1632 780 ceu
1661 759 1677 779 e
1700 748 1799 780 fonte
1823 753 2038 781 nascuntur:
2067 758 2146 778 ver-

1138 800 1224 833 bum
1248 799 1497 844 μουσῶσθαι,
1528 799 1662 832 erudiri
1692 798 1838 843 proprie
1867 811 1885 831 a
1902 799 2034 837 Musis,
2072 810 2144 843 quo

1140 864 1204 896 ego
1231 864 1308 885 sum
1335 864 1418 884 usus
1445 852 1555 883 modo
1585 851 1621 883 in
1649 850 1825 894 elegiaco,
1861 847 1944 884 οὐδ’
1974 848 2025 884 ἔτι
2047 861 2146 894 μου-

1141 900 1243 949 σώσῃ
1260 906 1355 938 νοῖν
1372 900 1453 948 φίλ’
1475 902 1668 950 ἄεργον94)
1688 902 1796 947 ἔχων.
1850 900 1937 934 Item
1956 911 2148 946 μουσουρ-

1139 952 1206 1003 γός
1230 967 1247 987 a
1275 957 1403 1000 μοῦσα
1430 961 1464 986 et
1490 953 1603 1002 ἔργον
1628 955 1756 986 artifex
1781 954 2005 992 carminum,
2039 953 2066 986 is
2096 958 2149 986 est

1141 1008 1237 1040 euim
1262 1007 1336 1040 eius
1363 1006 1522 1039 nominis
1546 1019 1642 1039 usus.
1709 1005 1768 1039 Tu
1796 1005 1950 1050 adiunge
1977 1017 2043 1049 pro
2068 1003 2148 1037 dili-

1141 1059 1259 1103 gentia
1276 1065 1336 1091 tna
1356 1058 1463 1101 longe
1483 1058 1652 1102 plurima.

1248 1116 1317 1152 Ταὶ
1335 1117 1397 1152 Διὶ
1414 1116 1548 1163 πατρὶ,
1578 1129 1670 1163 quae
1685 1116 1761 1150 Iovi
1788 1117 1903 1161 patri,
1931 1115 1994 1151 ταὶ
2017 1115 2148 1149 articu-

1140 1171 1194 1204 lus
1220 1178 1271 1204 est
1295 1170 1566 1214 postpositivus.
1636 1169 1729 1203 Nam
1758 1175 1845 1202 tono
1871 1169 2042 1213 inscripta
2078 1180 2147 1201 vox

1141 1229 1203 1256 est.
1257 1222 1408 1266 Regula.
1463 1221 1615 1254 Articuli
1632 1220 1868 1265 praepositivi
1892 1221 1996 1265 puri,
2023 1220 2060 1253 id
2085 1226 2150 1259 est,

1140 1274 1281 1307 vocales
1293 1280 1446 1311 tantum,
1467 1286 1541 1306 non
1558 1273 1805 1306 inscribuntur
1815 1273 1911 1306 tonis
1928 1270 1963 1317 ὅ,
1979 1270 2014 1317 ἡ.
2043 1271 2148 1305 Post-

1142 1325 1287 1370 positivi
1314 1325 1560 1359 inscribuntur
1586 1323 1627 1370 ἤ,
1664 1324 1715 1360 αἵ.
1776 1323 1831 1357 Ex
1856 1323 1913 1358 his
1941 1330 1993 1358 est
2017 1335 2084 1368 pro
2110 1322 2153 1357 αἵ

1140 1375 1214 1412 ταί.
1276 1377 1368 1411 ‘Nam
1394 1377 1540 1410 Aeolica
1567 1376 1758 1414 dialectos,
1797 1377 1897 1421 quod
1926 1375 2149 1420 aspiratione

1142 1441 1215 1461 non
1233 1435 1373 1468 utatur,
1400 1442 1440 1472 τ,
1470 1428 1621 1461 articulo
1647 1426 1686 1462 αί
1709 1427 1831 1460 adiicit
1858 1428 1934 1460 vice
1958 1426 2149 1471 aspiratio—

1141 1481 1207 1513 nis.
1279 1479 1376 1513 Idem
1401 1480 1484 1513 fecit
1510 1480 1547 1512 in
1575 1479 1673 1518 aliis,
1718 1486 1757 1512 ut
1781 1491 1846 1523 pro
1867 1477 1990 1523 Ἑλένη
2017 1476 2149 1523 Γελένη

1142 1532 1226 1565 dicit
1259 1534 1291 1566 F
1316 1533 1497 1575 digamma
1527 1531 1674 1564 Aeolico
1706 1530 1831 1577 (quain
1856 1530 1978 1564 Latini
2005 1530 2148 1563 literam

1140 1584 1341 1628 recepimus
1360 1583 1521 1629 reliquae
1543 1583 1717 1617 Graeciae
1746 1583 1925 1628 ignotam)
1953 1582 2028 1615 vice
2053 1581 2147 1626 aspi-

1140 1635 1293 1669 rationis
1314 1636 1465 1668 adiecto.
1520 1635 1730 1668 Memineris
1758 1633 1864 1669 huius
1891 1632 2017 1668 scholii
2042 1635 2084 1667 de
2111 1635 2150 1671 F,

1141 1688 1320 1733 siquando
1338 1688 1497 1731 primum
1516 1687 1734 1732 Quintiliani
1758 1687 1862 1730 leges.
1918 1685 2067 1719 Declina
2087 1683 2150 1720 ταί

1141 1740 1209 1779 εἰς,
1239 1737 1282 1785 ἥ,
1310 1733 1353 1784 ἧς
1372 1746 1437 1772 etc.
1460 1745 1499 1772 ut
1517 1751 1637 1782 supra.

1246 1797 1309 1833 Διί
1326 1811 1342 1831 a
1364 1796 1479 1839 Ζεύς,
1509 1797 1580 1841 ‘gin
1599 1797 1623 1833 δ
1648 1797 1863 1841 mutatoffi),
1896 1798 1933 1830 in
1958 1796 2149 1831 heterocli-

1142 1850 1186 1884 tis
1204 1851 1468 1884 adnotavinms.

1245 1909 1398 1955 Πατρί,
1445 1912 1488 1942 da
1524 1910 1811 1949 nominativum,
1865 1908 2006 1955 πατήρ,
2053 1909 2149 1942 acuit

1142 1964 1271 2002 finem,
1320 1963 1402 2007 quia
1435 1963 1658 2001 derivatum,
1710 1960 1849 2001 παῖδας
1879 1963 2027 2008 τηρῶν,
2073 1961 2148 1994 eius

1142 2014 1251 2059 etymi
1270 2014 1356 2048 fides
1374 2016 1467 2059 apud
1491 2014 1746 2057 grammaticos
1764 2021 1858 2052 esto,
1887 2012 1977 2046 mihi
2003 2025 2069 2045 nec
2091 2025 2148 2045 re-

1141 2067 1262 2099 fellere
1278 2079 1342 2099 nec
1364 2068 1518 2110 probare
1539 2066 1678 2099 libitum
1699 2072 1761 2099 est.
1816 2065 1964 2098 Declina
1983 2062 2003 2099 ὃ
2021 2061 2145 2109 πατήρ

1143 2118 1393 2151 declinationis
1429 2120 1575 2164 quintae
1611 2117 1827 2162 simplicium
1871 2119 1940 2152 τοῦ
1975 2114 2146 2161 πατέρος.

1142 2170 1233 2204 Ram
1255 2171 1314 2216 qui
1334 2177 1441 2204 tonus
1465 2171 1499 2202 in
1527 2170 1612 2202 recti
1639 2170 1707 2204 fine
1733 2175 1802 2209 est,
1840 2181 1878 2201 ea
1905 2169 2040 2213 syllaba
2070 2180 2146 2201 non

1143 2223 1298 2261 excedit,
1328 2230 1362 2255 et
1378 2219 1517 2267 πατρός
1537 2234 1600 2265 per
1617 2234 1819 2266 syncopen,
1847 2223 1901 2267 τῷ
1927 2219 2055 2266 πατέρι
2083 2217 2146 2253 καὶ

1141 2272 1278 2318 πατρί,
1306 2272 1373 2309 τὸν
1388 2273 1547 2319 πατέρα,
1578 2269 1813 2319 ιιοῃπατρά,
1842 2269 1872 2307 ὦ
1893 2271 2020 2315 πατέρ.
2075 2271 2146 2303 Re-

1142 2326 1231 2371 liqui
1249 2339 1349 2360 casus
1368 2338 1408 2359 ex
1427 2324 1480 2359 his
1499 2332 1694 2359 nascuntur
1707 2352 1715 2365 ,
1745 2332 1782 2359 tu
1800 2327 1844 2357 ad
1864 2324 2066 2366 analogiam
2091 2335 2145 2355 re-

1143 2390 1258 2411 curre.
1312 2377 1463 2411 Datims
1491 2377 1638 2421 pluralis
1663 2384 1715 2411 est
1732 2373 1918 2422 πατράσι,
1952 2387 2057 2421 quem
2085 2376 2145 2406 ad-

1142 2430 1245 2469 iicio,
1274 2430 1358 2475 quia
1377 2430 1536 2463 sormatu
1554 2429 1706 2463 difficilis
1726 2436 1788 2462 est.

1247 2497 1324 2543 (Vs.
1353 2498 1432 2545 37.)
1469 2496 1666 2543 Ὑμνεῦσαι
1691 2498 1938 2531 nominativus
1966 2493 2143 2540 participii

1144 2550 1380 2595 penultimam
1397 2550 1566 2589 inflectit,
1595 2563 1676 2583 nam
1697 2563 1735 2584 αι
1760 2562 1826 2594 pro
1854 2548 1953 2581 brevi
1981 2546 2143 2584 babetur,

1143 2603 1234 2636 utin
1255 2603 1323 2635 fine
1343 2603 1534 2646 prosodiae
1553 2602 1726 2643 diximus,
1756 2601 1894 2646 plurale
1911 2607 1972 2633 est.

1176 2726 1224 2758 94)
1246 2724 1363 2759 ἄξῃ-[ον]
1385 2728 1433 2751 Ed.
1452 2727 1524 2752 153².
1546 2725 1669 2759 ‹Z-‘npyou

1176 2780 1224 2806 95]
1246 2777 1362 2810 mutato]
1385 2780 1410 2802 in
1433 2779 1514 2801 Editt.
1532 2778 1622 2802 15:38..
1648 2779 1719 2801 1541.
1740 2778 1831 2801 deest.
