2421 3037
267 115 342 153 259

693 198 845 243 Excipe:

371 262 397 296 l.
436 261 475 295 ln
493 261 622 307 quibus
639 260 668 293 is
683 259 847 305 sequitur
864 259 1006 292 literam
1027 271 1049 292 n
1061 286 1071 300 ‚
1099 265 1138 293 ut
1154 258 1272 304 panis,

269 321 350 349 sunt
367 314 460 349 enim
484 312 699 352 masculina,
727 317 767 345 ut

422 363 479 398 hic
494 363 616 408 panis,
644 361 702 396 hic
720 362 829 404 cinis,
857 360 913 396 hic
935 363 1046 407 ignis,
1073 360 1132 396 hic
1151 362 1271 403 crinis,

425 414 480 448 hic
501 415 599 455 finis,
624 412 682 448 hic
700 414 817 455 funis,
844 412 902 447 hic
919 414 1046 449 clunis.

520 475 761 509 Masculinum
786 474 921 508 canalis
945 480 1007 508 est.

318 542 359 577 ll.
388 543 428 577 ln
447 545 576 590 quibus
594 544 622 578 is
640 545 803 591 sequitur
822 544 910 577 duas
929 549 1182 583 consonantes,
1211 549 1272 577 aut

268 607 377 628 unam
395 596 594 640 duplicem,
622 603 705 630 sunt
719 596 766 643 ²¹⁵)
787 595 998 629 masculina.

425 646 483 680 hic
500 648 575 682 axis
769 645 828 681 hic
845 647 971 687 cassis,
1000 647 1035 680 id
1055 653 1125 687 est,
1152 652 1228 680 rete

424 697 482 733 hic
499 700 616 734 amnis
769 697 827 733 hic
845 699 1001 733 semissis

425 749 483 785 hic
501 751 605 786 fascis
773 749 831 784 hic
851 751 1006 784 decussis

425 802 483 836 hic
501 804 602 838 fustis
773 801 830 836 hic
867 802 1037 836 centussis
1054 829 1063 842 ,

425 853 482 888 hic
499 855 607 899 piscis
825 856 916 888 sacta
944 860 1038 888 sunt.

426 905 485 940 hic
504 907 617 951 postis
775 904 832 940 hic
850 906 950 939 collis

428 957 486 992 hic
504 959 613 992 vectis
773 955 831 991 hic
854 957 948 991 ensis

426 1009 484 1044 hic
501 1010 616 1044 corbis
773 1007 830 1043 hic
851 1008 978 1053 anguis

426 1060 484 1096 hic
501 1062 598 1096 orbis
773 1059 831 1094 hic
847 1060 977 1105 unguis

426 1112 485 1147 hic
504 1113 637 1148 mensis
774 1110 832 1146 hic
850 1113 946 1147 sollis
955 1112 1015 1158 ⁴⁶).

373 1174 464 1208 Sunt
482 1181 601 1208 autem
621 1179 655 1207 et
674 1171 781 1206 huius
795 1173 934 1206 formae
951 1172 1123 1217 pleraque
1136 1170 1184 1219 ¹¹⁷)
1200 1172 1274 1205 foe-

269 1238 407 1260 YUlnlna
420 1239 427 1259 ἷ

373 1276 462 1311 ᾔδεε
484 1277 670 1321 bipennis,
724 1274 813 1310 haec
841 1276 969 1316 febris,
1024 1273 1113 1309 ᾔδεε
1142 1275 1275 1316 classis,

373 1327 463 1363 haec
483 1328 608 1362 messis
619 1355 627 1369 ‚
663 1326 752 1362 haec
767 1329 873 1362 cassis
900 1327 958 1361 ein
976 1325 1071 1361 belm
1086 1354 1094 1367 ,

374 1379 464 1415 haec
483 1380 621 1426 cuspis,
649 1378 738 1414 haec
758 1380 872 1425 pellis.

1117 802 1161 834 ab
1196 812 1272 835 asse

319 1450 376 1485 Ill.
405 1450 604 1484 Masculina
624 1456 719 1490 sunt,
748 1461 841 1495 quae
861 1448 1027 1493 genitivis
1044 1454 1219 1489 crescunt,
1236 1454 1276 1482 ut

427 1500 485 1535 hic
592 1501 682 1546 lapis
788 1501 856 1534 idis

427 1552 485 1586 hic
592 1552 751 1586 cucumis
792 1552 860 1586 eris
1301 1572 1305 1612 1

427 1604 485 1639 ᾔίε
592 1604 681 1638 cinis
797 1603 866 1637 eris
1302 1614 1306 1674 ἰ

428 1655 486 1690 ᾔίε
592 1656 710 1701 pulvis
799 1655 869 1689 eris
1303 1678 1305 1682 -

428 1708 485 1742 hic
592 1709 738 1753 sanguis
799 1707 868 1740 inis
1302 1685 1306 1766 Ι

427 1760 483 1794 hic
590 1760 705 1793 vomis
799 1759 868 1792 eris
1302 1767 1306 1801 ξ

427 1811 484 1846 ᾔίε
591 1812 657 1856 glis
797 1811 907 1856 gliris.
1303 1802 1307 1839 l

377 1874 453 1906 Hoc
487 1874 565 1905 loco
593 1872 830 1906 Grammatici
866 1871 1087 1904 mentionem
1116 1871 1307 1928 fecerunti

273 1927 406 1970 figurae
424 1924 656 1970 Latinae‘ffi),
685 1936 754 1969 qua
781 1923 970 1967 complecti
999 1922 1154 1956 solemus
1175 1934 1279 1967 prae·
1303 1931 1307 1971 ἱ

272 1977 489 2022 positionem
510 1983 544 2010 et
566 1988 721 2016 nomen,
750 1975 984 2020 significaturi
1004 1975 1182 2014 officium,
1209 1973 1279 2008 dis·
1304 1974 1307 2031 Ι

272 2036 519 2075 putaruntque
544 2029 589 2061 de
613 2040 738 2062 eorum
764 2039 905 2072 genere.
976 2026 1050 2060 Nos
1075 2026 1278 2060 orationem
1304 2037 1307 2068 ς

273 2081 392 2127 potius
421 2094 497 2114 eam
518 2080 805 2125 complexionem
829 2092 903 2113 esse
922 2079 1141 2119 iudicamus,
1169 2090 1279 2124 quam

274 2146 385 2167 unum
418 2146 575 2173 nomen,
617 2144 799 2178 genusque
830 2131 1061 2165 attribuimus
1093 2137 1127 2164 et
1159 2143 1278 2163 casum

276 2186 369 2219 iuxta
391 2192 577 2219 auctorum
599 2185 759 2229 exempla
776 2183 841 2229 ⁴⁹):

431 2239 475 2270 ab
504 2236 662 2282 epistolis
796 2248 862 2280 pro
892 2235 1006 2269 scriba
1304 2225 1308 2435 i

431 2303 447 2321 a
506 2289 656 2334 pedibus
794 2300 860 2332 pro
890 2298 1036 2320 cursore

432 2354 448 2373 a
507 2340 741 2374 concionibus
797 2352 863 2384 pro
894 2338 1150 2372 concionatore

432 2406 448 2425 a
505 2394 649 2427 secretis
795 2404 860 2435 pro
890 2390 1095 2425 secretario.

310 2517 358 2544 45)
378 2521 459 2539 unam
485 2514 635 2545 duplicem,
667 2513 746 2541 sunt]
774 2512 815 2536 sic
842 2512 926 2537 Editt.
945 2511 1035 2535 ¹546..
1067 2518 1091 2535 ⁵.
1114 2514 1156 2534 a.:
1194 2507 1278 2533 Editt.

347 2551 440 2581 1526„
464 2549 554 2573 1529.:
582 2555 636 2572 una
656 2548 774 2578 duplex,
803 2548 922 2577 suntque

311 2595 359 2623 46)
383 2595 412 2617 lu
434 2594 481 2617 Ed.
501 2599 524 2619 s.
544 2598 569 2617 a.
591 2593 643 2615 hae
663 2598 748 2615 voces
767 2591 822 2614 alio
843 2590 940 2615 ordiiie
960 2592 1025 2613 sum
1045 2588 1208 2618 dispositae.

311 2638 359 2669 47)
380 2635 525 2668 pleraque]
546 2636 632 2661 Editt.
651 2636 742 2664 154⁶„
763 2641 785 2658 S.
803 2641 845 2658 εις
874 2634 1006 2664 quaedam

313 2680 360 2712 48)
384 2678 513 2710 Latinae]
536 2679 562 2702 in
583 2678 634 2702 Ed.
655 2685 677 2701 s.
697 2683 722 2702 a.
742 2677 839 2700 omiss.

314 2724 361 2752 49)
381 2724 548 2752 iudicamus,
568 2734 601 2738 —
619 2721 775 2751 exemplat]
796 2719 879 2744 Editt.
898 2719 988 2749 1546„
1010 2727 1033 2743 s.
1053 2726 1076 2743 a.
1105 2720 1200 2741 luorum
1219 2717 1280 2740 loco

1304 2709 1308 2722 l

348 2759 491 2782 exhibent:
518 2757 676 2781 iudicamus.
715 2754 896 2779 Attribuimus
918 2754 987 2777 enim
1008 2753 1090 2777 alteri
1109 2752 1171 2776 voci
1190 2757 1279 2782 genus
1304 2724 1309 2779 l

848 112 973 146 PHlL.
1008 112 1124 147 MEL.
1161 110 1366 147 SCRIPTA
1399 110 1742 148 PHILOLOGICA.

2245 113 2321 150 260

1429 198 1545 233 Nemo
1568 200 1699 244 opinor
1714 206 1809 233 recte
1827 199 1978 240 dixerit,
2006 199 2050 232 ab
2076 198 2235 244 epistolis
2251 198 2325 232 Ro-

1325 262 1455 291 mano,
1490 263 1577 295 pro,
1612 251 1748 285 scribae
1774 251 1963 292 Romano,
1996 251 2076 291 sed,
2111 251 2251 284 Romae
2280 250 2325 284 ab

1326 301 1485 346 epistolis
1511 309 1576 336 etc.
1626 302 1843 338 observabis
1858 304 1953 348 ipse,
1981 304 2165 349 quomodo
2182 303 2236 336 usi
2254 301 2327 336 sint

1326 360 1504 388 auctores.

1786 431 1863 467 OS.

1429 491 1469 525 In
1488 504 1527 526 os
1545 492 1742 526 masculina
1760 499 1860 533 sunt,
1888 499 1927 526 ut
1943 490 2079 534 honos,
2107 493 2227 538 lepos,
2249 491 2328 528 flos.

1639 552 1772 598 Excipe
1794 553 2013 587 foeminina:

1428 610 1516 646 haec
1534 614 1640 647 arbos
1653 640 1662 654 ,
1688 611 1777 647 haec
1798 625 1857 647 cos
1869 640 1878 654 ‚
1907 611 1995 647 haec
2012 614 2095 654 dos,
2122 611 2210 647 ᾔδεε
2227 612 2314 658 glos.

1744 672 1898 707 Neutra:

1432 745 1471 767 os
1490 733 1598 774 ossis,
1628 746 1666 767 os
1685 734 1778 775 oris,
1805 734 1938 774 melos,
1967 731 2086 768 chaos.

1715 802 1951 836 Communia:

1483 861 1640 909 B0s50)‚
1695 862 1844 903 Custos,
1899 861 2077 907 Compos,

1482 913 1624 959 Impos,
1682 914 1867 949 Sacerdos.

1791 999 1869 1033 US.

1431 1060 1471 1094 In
1486 1074 1527 1094 us
1546 1061 1724 1094 secundae
1751 1066 1785 1094 et
1810 1065 1961 1106 quartae
1985 1058 2236 1093 declinationis
2257 1059 2332 1104 ple-

1328 1124 1482 1159 rumque
1499 1119 1583 1146 sunt
1600 1113 1796 1146 masculina
1809 1138 1819 1152 ‚
1845 1117 1885 1145 ut

1484 1163 1542 1198 hic
1571 1171 1718 1204 ventus,
1823 1160 1882 1196 hic
1910 1163 2058 1196 fructus.

1381 1224 1513 1269 Excipe
1531 1225 1667 1258 Graeca
1679 1251 1688 1265 ,
1716 1235 1809 1270 quae
1827 1223 1900 1256 fere
1917 1229 2001 1256 sunt
2019 1223 2216 1256 foeminina
2230 1249 2240 1264 ,

1513 1276 1649 1322 ἄρκτος
1808 1273 1896 1308 ᾔδεε
1911 1274 2045 1320 Byssus

1509 1326 1677 1374 μέθοδος
1806 1325 1893 1360 ᾔδεε
1910 1326 2076 1372 Beryllus

1328 1379 1378 1414 Ut
1401 1378 1489 1414 haec
1513 1379 1649 1425 ἔρημος
1806 1376 1894 1411 ᾔδεε
1911 1378 2098 1424 carbasus,

1511 1430 1681 1476 ἄβυσσος
1808 1429 1941 1474 plurali
1958 1435 2127 1463 neutrum
2148 1434 2211 1462 est.

1511 1480 1683 1527 πάπυρος
1804 1479 1892 1514 ᾔδεε
1910 1481 2081 1514 Carbasa.

1510 1532 1599 1566 haec
1618 1533 1762 1567 Nardus
1806 1531 1894 1566 haec
1914 1532 2063 1573 Costus,
2090 1529 2202 1565 herba

1513 1583 1600 1618 haec
1619 1584 1804 1630 Hyssopus
1820 1584 1878 1631 ⁶¹).

1513 1645 1604 1678 Sunt
1620 1651 1654 1678 et
1671 1644 1869 1678 foeminina
1895 1642 1983 1678 haec
2000 1643 2150 1677 Latina:

2048 1702 2137 1737 haec
2158 1701 2290 1738 humus

2047 1753 2116 1789 hae
2140 1755 2220 1789 idus
2233 1755 2281 1803 52)

2050 1805 2139 1841 ᾔδεε
2162 1819 2314 1841 vannus.

1732 1703 1819 1738 haec
1845 1705 1943 1739 colus

1734 1755 1822 1790 haec
1846 1769 1935 1790 anus

1733 1807 1820 1842 haec
1846 1809 1960 1842 tribus

1381 1704 1470 1740 ᾔδεε
1495 1707 1624 1740 domus

1383 1756 1471 1792 haec
1497 1770 1579 1791 acus

1383 1808 1471 1844 ᾔδεε
1494 1809 1654 1854 porticus

1756 1868 1892 1903 Neutra
1907 1882 1913 1901 :

1769 1926 1837 1961 hoc
1860 1928 2017 1973 pelagus.

1780 1995 1821 2030 ll.
1834 1995 1881 2042 53)

1436 2058 1475 2092 ln
1508 2071 1548 2092 us
1580 2058 1706 2091 tertiae
1736 2057 1987 2091 declinationis
2016 2056 2213 2090 foeminina
2239 2060 2335 2095 sunt,

1334 2123 1425 2157 quae
1440 2124 1464 2144 u
1483 2111 1519 2143 in
1537 2109 1693 2155 obliquis
1712 2109 1888 2149 retinent,
1917 2115 1956 2142 ut

1544 2160 1632 2195 haec
1740 2161 1892 2195 servitus

1541 2211 1629 2246 haec
1737 2213 1839 2257 palus

1384 1929 1453 1964 hoc
1481 1930 1607 1973 vulgus

1999 2160 2085 2194 tutis

2004 2211 2083 2245 udis

1403 2327 1430 2349 et
1456 2330 1551 2350 casum
1576 2324 1654 2348 iuxta
1680 2324 1806 2354 exempla
1829 2324 1975 2354 autorum,
2008 2322 2039 2346 ut
2068 2327 2086 2346 a
2109 2321 2224 2352 pedibus
2255 2318 2334 2345 meis.

1402 2361 1462 2385 Non
1481 2360 1553 2384 enim
1571 2360 1704 2391 dicimus,
1732 2365 1808 2383 meus
1828 2364 1844 2382 a
1864 2358 1988 2389 pedibus.

1368 2413 1416 2446 50)
1435 2413 1502 2442 Bos]
1522 2412 1573 2436 Ed.
1593 2419 1615 2435 s.
1636 2417 1660 2435 a.
1682 2411 1745 2434 huic
1764 2410 1827 2435 voci
1848 2409 1992 2441 praefigit:
2017 2407 2069 2432 llic
2088 2409 2115 2432 et
2133 2408 2201 2431 haec

1367 2468 1413 2499 51)
1432 2464 1531 2498 ἄρκτος
1544 2479 1577 2482 -
1591 2465 1764 2495 Η)ἐεο[)υ5.]
1783 2464 1823 2488 sic
1836 2463 1920 2487 Editt.
1938 2462 2033 2492 ¹529.,
2055 2460 2132 2484 1546.
2153 2460 2181 2484 et
2195 2459 2244 2483 Ed.
2265 2466 2290 2484 s.
2305 2464 2333 2485 a.

1403 2503 1445 2532 (iu
1465 2508 1518 2532 qua
1536 2506 1603 2524 vero
1623 2501 1640 2524 5
1660 2506 1743 2524 voces
1763 2505 1882 2530 graecae
1895 2497 1995 2521 latine:
2016 2496 2156 2527 „ArctuS‚
2176 2494 2332 2525 methodus,

1401 2539 1537 2567 Erenms,
1557 2537 1704 2565 Abyssus,
1725 2540 1849 2565 papyrus
1860 2531 1875 2543 ’¹
1895 2532 2015 2561 scriptae
2035 2530 2131 2562 suut);
2151 2530 2179 2553 in
2195 2528 2331 2554 Ed.1526.

1403 2573 1481 2597 solae
1499 2572 1516 2595 5
1535 2577 1618 2595 voces
1638 2575 1757 2601 graecae
1774 2570 1906 2600 leguntur
1925 2565 2027 2591 additis
2047 2565 2155 2590 verbis:
2176 2565 2222 2589 Sic
2238 2564 2332 2594 plera-

1404 2614 1456 2638 que
1475 2607 1539 2631 alia.

1368 2660 1417 2688 52)
1436 2660 1487 2683 liae
1506 2658 1582 2688 idus]
1616 2658 1656 2682 sic
1680 2658 1763 2682 Editt.
1788 2656 1876 2687 1526.,
1902 2662 1924 2679 s.
1947 2661 1990 2683 a.;
2028 2653 2112 2677 Editt.
2136 2651 2230 2682 ¹529„
2257 2648 2334 2673 1546.

1403 2696 1470 2719 haee
1491 2694 1557 2717 idus.
1604 2694 1685 2719 Editt,
1704 2693 1796 2723 1546„
1815 2699 1828 2715 s
1858 2697 1882 2714 a.
1902 2690 2022 2714 addunt:
2051 2689 2103 2712 Est
2121 2687 2194 2712 enim
2212 2683 2332 2716 plurale.

1369 2748 1414 2780 53)
1436 2749 1483 2776 ll.1
1503 2747 1545 2770 liic
1564 2752 1694 2770 numerus
1718 2747 1751 2769 ab
1770 2745 1819 2769 Ed.
1836 2743 1910 2768 1526.
1932 2743 2009 2766 abest
