2389 3037
56 114 129 152 481

159 199 236 235 Tot
252 199 362 244 igitur
378 198 549 244 exemplis
565 198 780 233 tristissimis
804 197 953 239 moniti,
983 209 1063 242 per·
1087 194 1091 197 ⁴

54 252 273 288 tinacissime
297 252 391 286 tueri
415 251 647 285 concordiam
675 251 866 291 debemus,
901 261 1064 294 praeser-

54 305 122 340 tim
147 302 216 339 hoc
242 311 428 349 tempore,
463 316 542 337 cum
562 303 704 337 Turcae
729 303 834 337 nobis
850 302 983 335 bellum
1003 301 1063 334 de-

52 357 244 392 nuntiant:
281 356 553 389 comminantur
577 368 613 389 se
631 368 707 389 non
724 356 835 389 modo
855 353 1063 399 imperium,

53 410 115 445 sed
135 409 337 442 libertatem
356 414 390 442 et
407 408 618 452 religionem
637 414 825 452 erepturos
845 419 930 440 esse.
984 404 1063 439 Etsi

54 467 174 495 autem
195 460 432 496 iureitirando
450 466 569 494 vestro
585 466 815 505 prospectum
835 465 898 498 est,
926 469 971 490 ne
991 470 1061 503 qua

52 513 182 548 seditio
214 512 375 554 oriatur,
411 512 552 547 etiamsi
586 512 755 556 suffragia
779 523 855 544 non
884 509 1063 543 consenti-

52 571 152 600 rent:
193 571 316 598 tamen
350 577 413 598 vos
437 565 504 610 ipsi
529 565 746 609 intelligitis,
781 562 980 608 plurimum
1009 574 1062 595 re-

52 618 168 658 ferre,
215 623 255 650 ut
285 629 434 662 prorsus
465 617 693 651 consentiant
717 615 900 660 suffragia.
968 614 1060 650 Nam

54 668 256 716 quamlibet
286 669 373 703 levis
405 669 599 709 dissensio,
635 674 757 701 tamen
790 668 923 702 multas
946 667 983 700 in
1008 679 1063 700 re-

52 721 274 766 buspublicis
298 721 576 755 deliberationes
596 721 770 765 impedit,
803 727 837 753 et
855 732 961 765 saepe
979 716 1063 752 lior-

52 774 177 809 ribiles
207 780 328 808 motus
357 773 467 818 parit.
528 773 602 808 Nec
637 774 786 812 desunt,
823 772 885 818 qni
918 777 1065 816 captant

55 838 182 860 omnes
207 825 413 860 occasiones
436 823 692 859 distrahendae
713 824 932 859 Germaniae
953 824 992 856 in
1012 823 1064 856 di—

52 890 175 913 versas
202 884 335 923 partes.
389 876 546 911 Multum
574 883 696 911 autem
720 878 764 910 ad
784 877 864 910 illos
880 877 1065 909 deterren-

53 931 118 965 dos
139 930 352 975 profuturus
379 936 431 963 est
461 942 656 964 consensus
686 935 828 967 noster;
864 928 1063 974 plurimum

55 982 165 1016 etiam
193 982 320 1015 afferet
343 982 520 1015 momenti
549 983 593 1014 ad
620 982 825 1015 voluntates
856 980 1064 1025 principum

55 1047 96 1068 ac
118 1034 245 1080 populi
264 1034 484 1068 Germaniae
513 1035 558 1067 ad
584 1040 747 1067 nostram
768 1033 984 1067 sententiam
1004 1033 1066 1065 ad—

54 1087 268 1131 iungendas.

159 1138 325 1184 Cogitate
343 1138 508 1172 omnium
526 1137 668 1183 Regum
689 1150 729 1171 ac
746 1137 959 1182 Principum
983 1149 1066 1171 ocu·

53 1191 108 1225 los
132 1190 171 1224 in
195 1203 262 1225 nos
288 1202 363 1224 esse
390 1190 592 1231 coniectos,
621 1190 683 1236 qui
706 1202 782 1223 non
807 1191 918 1223 modo
947 1190 991 1223 de
1011 1201 1066 1230 eo,

55 1242 219 1290 quisquis
244 1242 377 1276 electus
398 1242 528 1283 fuerit,
563 1242 625 1276 sed
648 1243 691 1276 de
715 1241 820 1275 nobis
841 1242 949 1275 etiam
974 1241 1067 1275 iudi-

56 1296 151 1329 cium
174 1294 325 1328 facient:
364 1306 411 1327 an
436 1294 653 1339 gravitatem
680 1300 818 1328 tantam
845 1293 1068 1339 praestiteri-

55 1360 158 1388 mus,
187 1352 323 1393 quanta
347 1346 385 1379 in
406 1343 475 1380 hoc
497 1359 641 1380 summo
666 1346 818 1381 consilio
839 1347 936 1380 orbis
954 1352 1067 1379 terra-

55 1412 136 1433 rum
162 1398 382 1445 requiritur;
414 1410 461 1431 an
484 1398 593 1432 saluti
616 1398 713 1432 orbis
740 1405 919 1432 terrarum
940 1411 1068 1432 consu-

54 1451 128 1486 lere
145 1450 381 1491 vohoerimus,
407 1456 469 1483 aut
484 1450 637 1495 privatis
654 1450 910 1495 cupiditatibus
927 1463 1067 1484 morem

57 1503 283 1549 gesserimus.
335 1501 383 1536 Et
400 1514 467 1536 nos
488 1503 634 1549 quidem
651 1515 727 1536 non
745 1503 856 1536 modo
875 1500 1067 1536 hominum

56 1555 211 1596 iudicia,
246 1554 309 1589 sed
344 1555 460 1588 multo
495 1554 610 1600 magis
642 1554 760 1588 Deum
797 1561 923 1589 testem
960 1561 1069 1601 atque

58 1607 235 1641 arbitrum
265 1604 397 1639 harum
425 1612 635 1640 nostrarum
665 1606 926 1651 cogitationum
952 1607 1069 1640 vereri

58 1661 179 1700 decet,
219 1658 283 1705 qui
313 1670 394 1692 cum
426 1658 580 1703 imperia
615 1659 843 1693 constituerit
870 1660 915 1692 ad
950 1660 1071 1692 defen-

58 1712 198 1747 sionem
217 1710 338 1756 pacis,
366 1710 476 1751 iuris,
504 1716 539 1744 et
560 1710 801 1755 religionum,
835 1723 1068 1757 nequaquam

58 1764 137 1798 vult
164 1775 205 1797 ea
230 1762 421 1797 discordiis
446 1774 521 1796 non
546 1763 756 1797 necessariis
780 1763 988 1796 labefactari
1009 1769 1072 1797 aut

59 1815 240 1861 dissipari.

163 1867 240 1903 Nec
274 1866 426 1901 dubium
463 1873 514 1901 est
552 1866 687 1901 cultum
716 1867 795 1900 Deo
826 1866 1070 1911 gratissimum

61 1932 155 1961 esse,
189 1919 349 1954 studium
379 1919 596 1952 concordiae
626 1919 814 1964 publicae,
857 1919 1069 1964 praesertim

61 1984 156 2020 quae
194 1972 241 2005 ad
278 1971 518 2016 imperiorum
555 1972 869 2006 conservationem
904 1972 1072 2017 pertinet.

61 2025 183 2071 Quam
203 2023 435 2069 opinionem,
463 2024 529 2058 etsi
550 2024 718 2059 omnibus
736 2022 946 2058 hominibus
965 2036 1072 2070 opor-

62 2076 133 2112 tuit
158 2077 306 2110 infixam
332 2088 422 2110 esse:
460 2082 583 2109 tamen
608 2077 706 2111 viros
726 2077 908 2122 principes
928 2076 976 2110 ita
998 2089 1072 2109 am-

62 2128 169 2175 plecti
201 2129 320 2169 decet,
365 2135 405 2162 ut
435 2128 473 2161 in
509 2128 661 2173 publicis
694 2129 852 2164 consiliis
882 2141 1070 2175 nunquam

64 2182 110 2215 ab
133 2192 173 2214 ea
197 2180 407 2221 deflectant,
448 2186 488 2213 ut
514 2192 639 2215 omnes
662 2182 941 2216 deliberationes
966 2188 1073 2227 atque

65 2233 226 2267 actiones
249 2233 409 2266 referant
432 2233 477 2265 ad
502 2244 732 2267 communem
761 2234 993 2268 concordiam
1018 2245 1073 2267 re-

64 2285 266 2320 tinendam.
301 2283 378 2329 Ego
396 2284 544 2330 quidem
561 2285 655 2319 mori
674 2286 813 2327 malim,
840 2299 949 2333 quam
968 2292 1075 2320 autor

66 2350 140 2373 esse
163 2336 329 2382 publicae
356 2337 450 2370 inter
473 2336 657 2371 Electores
682 2338 896 2373 discordiae.
951 2338 1074 2384 Quare

66 2389 282 2425 sententiam
311 2401 428 2422 meam
458 2401 497 2422 re
522 2389 703 2434 disputata
730 2391 884 2425 libenter
909 2403 990 2425 cum
1015 2403 1075 2424 ve-

67 2449 140 2476 stra
159 2441 377 2486 coniungam
390 2468 399 2482 ,
427 2448 467 2474 ut
484 2441 791 2477 consentientibus
810 2443 1011 2488 suffragiis,
1038 2444 1075 2477 id

68 2494 168 2540 quod
183 2493 362 2538 optimum
382 2494 469 2535 erit,
496 2493 575 2527 Deo
593 2493 809 2536 adiuvante,
835 2502 1050 2530 statuamus.

172 2543 291 2579 Velim
313 2545 423 2591 igitur
440 2546 540 2591 prius
558 2559 624 2581 nos
642 2547 685 2580 de
707 2547 873 2582 universa
890 2548 1073 2593 republica

69 2596 248 2643 colloqui,
290 2610 399 2644 quam
437 2598 476 2632 in
507 2599 676 2644 suffragia
707 2606 821 2635 eatur.
887 2600 951 2635 Est
979 2600 1075 2634 enim

69 2648 330 2694 disputandum
349 2650 477 2692 etiam,
500 2664 656 2698 quarum
676 2664 798 2686 rerum
816 2664 940 2686 curam
960 2651 1077 2698 Impe-

70 2707 232 2735 ratorem
248 2702 405 2736 maxime
423 2703 602 2749 suscipere
619 2704 791 2743 velimus;
826 2716 915 2751 quas
932 2705 1078 2750 imperii

72 2759 193 2798 partes
216 2755 339 2788 sanari
361 2755 465 2789 initio
483 2768 625 2791 necesse
642 2757 705 2796 sit;
741 2758 926 2803 quomodo
944 2757 1079 2792 consti—

127 2812 312 2846 MELANTH.
336 2814 443 2846 Oeen.
477 2815 563 2846 Vox..
586 2815 658 2846 xx.

331 111 390 148 111.
443 111 509 146 DE
538 109 816 146 ELECTIONE
845 109 911 144 ET
941 106 1298 144 CORONATIONE
1328 104 1508 141 CAROLI
1535 104 1577 140 V.
1608 103 1847 140 CAESARIS.
1878 110 1890 122 ⁴

2050 104 2125 141 482

1117 196 1251 230 tuenda
1275 194 1405 228 iudicia
1432 193 1469 226 in
1494 192 1669 238 imperio,
1706 198 1741 226 et
1764 205 1835 238 pax
1852 191 2050 226 munienda
2070 192 2126 227 sit.

1116 247 1162 281 Et
1193 253 1277 282 sunt
1311 246 1379 279 alia
1408 245 1542 286 multa,
1585 246 1629 278 de
1656 245 1787 291 quibus
1817 244 1961 289 expedit
1984 250 2126 278 nostras

1118 300 1310 344 opiniones
1334 298 1509 331 conferre.
1564 296 1682 331 Locus
1706 296 1881 342 imposuit
1898 294 1989 330 mihi
2007 308 2126 330 neces-

1117 351 1258 385 sitatem
1281 350 1443 391 dicendi,
1473 356 1508 383 et
1525 346 1752 383 inchoandae
1771 347 1878 383 huius
1895 349 2127 383 deliberatio—

1117 403 1184 438 nis.
1245 403 1437 437 Caeterum
1475 414 1596 435 meum
1633 401 1806 435 iudicium
1840 413 1916 435 non
1951 401 2127 441 antefero,

1117 468 1254 502 vosque
1279 467 1346 499 pro
1364 453 1551 488 excellenti
1568 453 1745 498 sapientia
1763 460 1796 487 et
1814 453 1991 499 gravitate
2008 460 2127 487 vestra

1116 508 1189 542 scio
1209 507 1332 542 venire
1349 505 1419 541 huc
1437 512 1584 552 paratos
1600 512 1635 539 et
1651 506 1856 541 meditatos.
1905 505 2028 552 Quare
2048 517 2126 539 sen-

1117 560 1248 595 tentias
1283 566 1422 594 vestras
1457 558 1583 592 audire
1618 559 1775 592 maxime
1815 557 1945 603 cupio,
1990 570 2127 603 vosque

1116 625 1228 657 rogo,
1264 618 1304 646 ut
1332 612 1536 646 orationem
1561 622 1680 644 meam
1703 611 1904 655 profectam
1931 611 1976 644 ab
2002 609 2125 643 animo

1119 671 1152 699 et
1183 671 1327 698 amante
1361 663 1602 709 reipublicae,
1644 669 1679 696 et
1708 663 1751 696 de
1776 663 1879 697 vobis
1903 668 2068 696 amanter
2093 669 2126 695 et

1117 715 1317 751 honorifice
1339 717 1535 757 sentiente,
1561 715 1649 749 boni
1666 714 1871 749 consulatis.
1913 713 1991 749 Etsi
2006 720 2127 748 autem

1118 770 1268 804 fortasse
1286 782 1359 802 non
1376 767 1576 803 necessaria
1594 767 1662 801 fuit
1678 765 1767 800 haec
1788 764 2012 804 cohortatio;
2040 767 2125 799 novi

1119 822 1214 856 enim
1251 822 1455 855 voluntates
1486 826 1641 860 vestras,
1679 832 1719 853 ac
1747 831 1853 864 saepe
1878 818 2040 863 comperi
2063 830 2127 852 vos

1119 874 1334 908 concordiae
1362 873 1526 919 publicae
1549 872 1802 917 cupidissimos
1826 883 1920 911 esse,
1955 878 1989 904 et
2014 870 2125 903 multa

1119 939 1186 960 nos
1211 927 1355 960 foedera
1383 927 1631 970 coniungunt,
1659 925 1849 968 cognatio,
1877 923 2030 958 societas
2047 922 2127 955 reli-

1119 979 1258 1023 gionis,
1294 985 1328 1011 et
1353 976 1459 1012 huius
1484 977 1601 1011 nostri
1624 976 1839 1021 amplissimi
1863 975 2030 1020 Collegii:
2076 981 2128 1007 ta-

1120 1043 1203 1064 men
1236 1028 1320 1064 huic
1356 1030 1512 1074 tempori
1547 1030 1739 1062 videbatur
1767 1035 1851 1073 apta
1879 1025 1969 1062 haec
1997 1027 2127 1061 oratio.

1119 1082 1224 1118 Nunc
1256 1083 1351 1116 enim
1380 1082 1447 1116 toti
1473 1082 1553 1116 orbi
1577 1088 1756 1115 terrarum
1781 1080 1937 1114 maxime
1963 1092 2053 1125 opus
2077 1086 2128 1113 est

1119 1142 1245 1169 nostro
1270 1147 1458 1169 consensu.

1225 1187 1323 1221 Haec
1357 1200 1438 1221 cum
1476 1186 1621 1220 dixisset
1649 1185 1908 1230 Moguntinus,
1949 1184 2128 1228 congressi

1120 1240 1251 1286 reliqui
1269 1239 1473 1279 Electores,
1500 1238 1659 1272 breviter
1679 1238 1955 1283 colloquuntur;
1989 1243 2023 1270 et
2048 1248 2128 1270 cum

1121 1290 1417 1325 adhortationem
1445 1292 1488 1324 de
1516 1291 1706 1324 retinenda
1736 1289 1931 1323 concordia
1961 1288 1998 1321 in
2027 1294 2128 1321 tanto

1122 1344 1267 1389 publico
1304 1343 1466 1389 periculo
1507 1342 1748 1387 gratissimam
1778 1342 1846 1376 sibi
1872 1341 1981 1375 fuisse
2011 1346 2130 1374 osten-

1121 1398 1232 1434 dunt;
1278 1403 1353 1430 tum
1382 1408 1468 1428 vero
1492 1395 1706 1440 sapientiam
1735 1393 1944 1438 Moguntini
1968 1393 2130 1426 laudant.

1123 1450 1221 1495 quod
1241 1455 1275 1482 et
1292 1449 1364 1482 dux
1380 1447 1514 1493 publici
1533 1459 1727 1481 consensus
1751 1453 1862 1486 esset,
1893 1452 1927 1479 et
1952 1451 2131 1478 monstra-

1123 1507 1178 1534 ret
1193 1500 1310 1540 viam,
1337 1513 1407 1547 qua
1426 1500 1599 1534 dissensio
1627 1505 1836 1539 caveretur,
1870 1510 1979 1543 seque
2005 1509 2130 1531 omnes

1123 1554 1340 1598 profitentur
1370 1551 1534 1586 assentiri
1561 1551 1677 1584 dictae
1704 1563 1723 1584 a
1749 1549 1967 1595 Moguntino
1991 1556 2131 1583 senten-

1124 1607 1214 1645 tiae,
1251 1611 1285 1638 et
1309 1616 1451 1639 summo
1476 1603 1595 1638 studio
1623 1604 1772 1637 daturos
1796 1614 1966 1647 operam,
1993 1614 2039 1635 ne
2062 1602 2132 1636 suf-

1123 1657 1237 1702 fragia
1256 1656 1470 1701 discrepent.
1513 1655 1611 1689 Haec
1634 1656 1760 1689 iubent
1779 1655 1965 1688 communi
1983 1654 2131 1687 nomine

1125 1709 1289 1742 omnium
1315 1709 1386 1742 dici
1414 1722 1432 1741 a
1458 1706 1642 1741 loacliimo
1667 1706 1693 1742 I.
1728 1704 1961 1747 Marchione,
2004 1707 2062 1739 cui
2091 1706 2131 1738 li-

1124 1762 1252 1794 benter
1277 1759 1341 1794 has
1359 1760 1502 1794 dicendi
1519 1766 1638 1804 partes
1657 1759 1865 1792 tribuebant
1884 1758 2014 1792 caeteri
2033 1758 2132 1803 prin-

1126 1813 1221 1858 cipes
1255 1819 1405 1858 propter
1442 1812 1676 1845 excellentem
1717 1811 1975 1857 eloquentiam.
2044 1809 2130 1843 Erat

1126 1865 1220 1899 enim
1242 1871 1317 1898 tum
1337 1865 1483 1911 quidem
1502 1877 1540 1897 ea
1559 1865 1673 1898 virtus
1690 1870 1723 1896 et
1740 1863 1898 1908 gravitas
1914 1861 2132 1908 principum,

1125 1925 1165 1951 ut
1194 1918 1270 1951 sine
1298 1917 1435 1950 invidia
1464 1916 1614 1961 singulis
1640 1916 1924 1950 concederentur
1948 1926 2032 1949 suae
2056 1915 2132 1948 lau-

1126 1972 1205 2008 des;
1240 1983 1305 2003 nec
1330 1982 1458 2014 parum
1476 1970 1522 2002 ad
1540 1980 1770 2002 communem
1789 1968 1942 2002 salutem
1960 1973 2035 2000 tum
2054 1967 2131 2012 qui-

1127 2024 1207 2056 dem
1233 2022 1390 2067 profuit,
1424 2022 1522 2067 quod
1547 2019 1664 2055 adhuc
1686 2020 1856 2066 privatim
1880 2031 2011 2064 magna
2038 2019 2127 2052 inter

1126 2087 1162 2109 se
1179 2073 1430 2108 benevolentia
1453 2073 1611 2107 devincti
1629 2079 1752 2114 erant,
1783 2084 1892 2119 quam
1911 2077 1944 2105 et
1960 2071 2132 2116 reipubli-

1127 2140 1188 2161 cae
1219 2139 1324 2161 causa
1352 2127 1543 2171 diligenter
1571 2126 1778 2159 tuebantur.
1839 2124 1886 2158 Et
1909 2123 1993 2170 quia
2020 2124 2131 2157 veteri

1127 2180 1396 2214 Germanorum
1416 2191 1516 2212 more
1535 2178 1738 2212 sentiebant
1753 2177 1849 2210 bona
1868 2177 1937 2210 fide
1957 2175 2132 2210 amicitias

1128 2233 1297 2267 colendas
1324 2244 1415 2269 esse;
1453 2238 1487 2264 ct
1511 2237 1587 2264 erat
1612 2242 1652 2264 ea
1676 2230 1890 2274 magnitudo
1917 2228 2029 2261 animi
2059 2240 2131 2261 non

1128 2285 1266 2325 solum,
1306 2291 1347 2318 ut
1377 2283 1537 2329 privatas
1565 2282 1766 2317 simultates
1790 2281 1907 2315 nullas
1932 2280 2133 2314 afferendas

1129 2350 1202 2372 esse
1228 2338 1273 2370 ad
1298 2336 1440 2381 publica
1466 2335 1616 2369 consilia
1644 2336 1834 2372 ducerent3
1871 2333 1931 2367 sed
1961 2332 2069 2366 etiam
2094 2339 2133 2365 ut

1128 2390 1245 2424 nullas
1271 2389 1504 2422 admitterent
1529 2387 1568 2420 in
1591 2387 1732 2421 animos
1758 2386 1930 2420 adversus
1949 2391 2133 2430 cognatos,

1128 2442 1340 2487 praesertim
1367 2441 1403 2473 in
1429 2439 1613 2485 republica
1636 2439 1859 2473 coniunctos.
1913 2436 1983 2471 Sed
2005 2437 2050 2470 ab
2066 2434 2133 2470 hac

1129 2494 1261 2528 virtute
1301 2499 1478 2539 quantum
1520 2491 1795 2537 degeneraverit
1831 2501 1984 2536 sequens
2025 2495 2133 2524 aetas.

1128 2559 1203 2580 non
1222 2546 1308 2579 libet
1324 2543 1393 2579 hoc
1409 2545 1488 2578 loco
1508 2555 1810 2578 commemorare.
1844 2542 2018 2575 Videmus
2037 2540 2129 2574 enim

1130 2600 1166 2632 in
1199 2598 1321 2632 multis
1354 2597 1493 2641 magnis
1525 2595 1785 2641 rebuspublicis
1811 2594 1958 2628 consilia
1984 2591 2131 2638 privatis

1129 2651 1221 2686 odiis
1239 2650 1420 2695 impediri.
1475 2649 1544 2683 Sed
1561 2650 1670 2682 redeo
1690 2649 1735 2681 ad
1752 2646 1955 2682 historiam.

1233 2702 1323 2737 Cum
1340 2699 1546 2736 Ioachimus
1564 2698 1752 2741 Marchio,
1780 2696 1986 2743 Moguntini
2009 2697 2133 2735 frater,

1128 2755 1273 2790 dixisset
1318 2754 1503 2788 communi
1547 2754 1711 2787 omnium
1754 2751 1922 2791 nomine,
1968 2748 2132 2783 assentiri

1664 2805 1709 2838 31
