2389 3037
59 106 135 144 309

60 194 168 228 breve
193 190 383 235 supinum,
419 190 548 230 citum,
582 195 622 222 ut
646 187 775 237 [ovid.
802 202 857 235 ep.
880 202 922 223 ex
943 189 1065 223 Ponto
1091 202 1094 234 J

61 244 120 285 IV,
136 246 172 284 2,
191 240 241 276 35
259 240 350 290 sq.]:

160 302 273 326 Excitat
291 302 403 326 auditor
423 299 558 329 studium,
577 299 746 330 laudataque
766 300 857 323 virtus

197 345 324 377 Crescit‚
351 347 378 368 et
398 345 559 368 immensum
578 343 670 374 gloria
688 344 781 367 calcar
801 344 891 367 hahet.

161 389 308 424 Passiva
326 389 519 434 praeterita
537 389 628 421 fiunt
649 401 667 420 a
684 388 847 433 supinis,
875 393 916 421 ut
938 388 1064 420 doctus

59 456 160 481 sum,
188 447 306 476 tortus
331 454 423 475 sum.

59 495 103 529 iis
123 495 253 528 desunt
266 493 461 538 praeterita
481 494 636 537 passiva,
665 499 704 525 ut
722 492 822 524 verbi
836 503 969 535 urgeor
985 490 1065 524 nul-

58 547 132 581 lum
153 551 206 579 est
221 546 470 590 praeteritum.

59 611 77 631 a
96 597 258 632 medicor
274 605 494 631 mutuemur.

161 648 340 682 Misereor
359 650 445 682 facit
462 648 627 681 misertus
646 658 737 680 sum.

161 700 307 734 Mereor
325 699 529 746 ἀνώμαλον
539 697 570 746 1)
588 697 705 731 merui
722 704 757 731 et
775 698 923 731 meritus
939 709 1030 732 sum.

161 752 260 786 Reor
470 757 570 785 ratus
587 763 679 784 sum.
980 783 982 785 ,

160 803 294 837 Fateor
311 804 424 838 fassus
443 815 520 837 sum
533 829 542 843 ,
572 801 757 836 Confiteor
775 802 955 835 confessus
973 813 1064 834 sum.

161 855 286 889 Tueor
464 854 576 888 tuitus
601 866 692 888 sum.
760 853 865 887 Tuor
900 859 934 886 et
967 858 1064 886 tutus

57 919 125 953 pro
143 907 336 952 participio
354 906 525 940 videntur
542 906 742 951 antiquata.
906 914 909 916 ·

128 958 302 992 Formula
321 958 587 1002 coniugationis
605 964 657 991 est
676 970 718 990 ex
733 957 878 990 Donato
896 956 1065 1001 petenda.

162 1096 165 1098 -
203 1045 281 1096 De
313 1046 476 1085 tertia
504 1043 910 1100 conlugatione.

112 1157 114 1159 ,
160 1119 203 1159 -In
229 1120 335 1154 tertia
361 1120 617 1165 coniugatione
637 1131 714 1153 non
740 1126 791 1153 est
816 1132 910 1153 unus
936 1118 1066 1164 aliquis
1092 1118 1095 1159 ξ

58 1169 244 1206 character
262 1172 544 1217 praeteritorum
556 1199 565 1213 ‚
593 1178 633 1206 ut
649 1172 687 1204 in
705 1171 952 1216 superioribus
971 1170 1067 1203 ordi-

57 1224 186 1264 nibus,
213 1225 274 1258 sed
294 1224 455 1268 singulae
483 1223 759 1256 terminationes
782 1235 865 1256 suos
890 1222 1066 1267 quosdam

59 1273 303 1315 characteres,
346 1287 499 1321 suasque
529 1274 728 1314 formulas,
773 1286 903 1320 easque
935 1273 1066 1313 varias,

58 1325 204 1360 habent.
274 1326 435 1360 Proinde
469 1327 599 1360 ordine
631 1338 756 1360 omnes
793 1326 1067 1359 terminationes

59 1390 321 1423 proponemus.

522 1445 600 1480 ΒΟ.

165 1506 256 1541 Cum
273 1506 382 1550 longa
401 1506 535 1540 vocalis
556 1513 778 1551 postremam
803 1506 979 1551 syllabam
1006 1519 1069 1539 an-

59 1558 143 1598 teit,
186 1558 392 1603 praeteritis
416 1558 456 1591 fit
479 1558 554 1602 psi,
598 1565 637 1591 ut
666 1559 764 1592 nubo
791 1558 915 1602 nupsi,
950 1559 1067 1592 scribo

60 1610 197 1654 scripsi.
265 1609 374 1644 Ptum
404 1610 542 1654 supinis
575 1610 678 1657 fit2)‚
714 1618 754 1644 ut
777 1618 953 1655 nuptum,
984 1611 1070 1645 scri-

60 1668 176 1707 ptum.
232 1661 382 1695 Caetera
402 1661 441 1695 bi
464 1662 621 1703 faciunt,
657 1669 696 1695 ut
720 1662 804 1696 bibo
832 1662 925 1703 bibi,
961 1664 1068 1696 scabo

61 1713 169 1747 scabi.

62 1763 254 1808 simplicis,
296 1770 336 1797 ut
360 1763 531 1797 incumbo
556 1764 715 1799 incubui.
783 1765 899 1810 Supra
927 1767 1070 1800 monui-

62 1828 154 1855 mus,
172 1815 210 1848 in
226 1815 331 1848 tertia
350 1816 605 1860 coniugatione
625 1817 825 1862 composita
846 1815 952 1852 huius
969 1819 1070 1852 verbi
1096 1841 1097 1846 ,

62 1881 97 1900 m
121 1855 329 1902 adsciscere.
382 1867 479 1901 Tum
496 1868 635 1912 supinis
652 1869 708 1909 fit,
737 1876 777 1903 ut
793 1869 996 1905 lambitum.

525 1935 599 1970 CO.

166 1986 264 2020 Haec
279 1987 317 2020 in
336 1987 367 2020 ci
383 1988 582 2032 praeterita
598 1989 756 2030 faciunt,
783 1991 845 2024 sed
860 1990 971 2025 varie.
1000 1990 1070 2024 Va—

62 2039 159 2072 riant
176 2045 210 2072 et
226 2039 371 2084 supina.

112 2089 229 2124 Vinco
338 2090 408 2124 vici
567 2092 715 2126 victum.

113 2142 230 2176 Parco
336 2142 482 2187 peperci
501 2149 535 2175 et
551 2144 649 2187 parsi
666 2156 812 2189 parsum

114 2194 230 2228 Posce
337 2194 487 2238 poposci
505 2194 580 2229 sine
601 2196 731 2240 supino

114 2245 224 2279 Disco
340 2245 450 2278 didici
472 2245 548 2280 sine
568 2248 698 2292 supino

114 2296 173 2331 Ico
342 2297 389 2330 ici
574 2299 697 2333 ictum.

220 2364 318 2399 Haec
336 2365 373 2398 in
392 2365 428 2399 vi
444 2366 618 2412 syllabam
639 2368 827 2402 desinunt:

116 2423 166 2457 Pa
172 2436 231 2458 sco

117 2475 246 2510 Cresco

366 2426 451 2471 pavi

368 2478 464 2511 crevi

584 2434 727 2471 pastum

620 2531 773 2576 simplici
790 2545 864 2566 non
879 2539 1043 2569 utuntur.

106 2646 133 2675 Ι)
156 2643 323 2679 ἀνώμαλον]
344 2648 378 2671 ab
395 2648 481 2673 Editt.
500 2649 592 2680 1546„
613 2657 635 2673 s,
651 2656 676 2674 a.
695 2651 784 2675 abest.

103 2697 134 2729 2)
153 2698 232 2722 Ptum
251 2699 359 2728 supinis
378 2701 435 2730 fit,]
456 2701 505 2726 Ed.
524 2702 598 2725 1546.
618 2703 724 2732 supina
747 2703 815 2727 fiunt
833 2711 882 2735 per
901 2707 993 2737 ptum,
1020 2706 1070 2733 Ed.

137 2740 158 2756 s.
173 2739 214 2757 a.:
241 2734 345 2764 supina
365 2734 432 2759 fiunt
452 2736 478 2760 in
500 2738 584 2767 ptum,

728 100 853 137 XCVI.
907 99 1239 136 GRAMMATICA
1273 99 1468 135 LATINA.

487 439 622 474 Verum
651 452 743 486 quae
767 439 906 484 supinis
928 445 1064 478 carent,
1092 449 1093 484 J

525 545 584 578 Sic
608 550 643 578 et
666 543 767 576 verbi
792 544 961 583 medeor,
995 542 1064 577 nisi
1091 573 1093 575 .

226 1712 438 1757 Composita
457 1725 475 1744 a
502 1714 592 1746 cubo
619 1713 809 1748 imitantur
834 1715 1067 1759 praeteritum
1096 1734 1097 1739 =

580 2485 737 2520 cretum,
779 2493 851 2526 quo
883 2487 1006 2514 tamen
1033 2481 1069 2515 in

1172 187 1328 233 Quiesce
1419 187 1540 233 quievi
1640 187 1801 234 quietum

1092 249 1094 296 ᾗ
1173 240 1377 275 consuesco
1419 239 1589 272 consuevi
1641 245 1849 274 consuetum

1091 298 1093 315 ⁴
1170 292 1288 326 Nosco
1418 291 1505 323 novi
1639 298 1767 325 notum

1091 336 1093 353 ³
1172 345 1339 387 Agnosco
1414 343 1546 387 agnovi
1640 344 1813 388 agnitum.
1898 342 1955 376 Sic
1995 354 2127 387 cogno-

1092 410 1093 414 *
1119 407 1177 429 sco
1195 396 1239 441 ³).

1171 447 1289 481 Scisco
1356 471 1359 473 -
1407 447 1495 480 scivi
1639 446 1765 480 scitum
1780 473 1788 486 ‚
1820 453 2006 480 mutuatur
2022 459 2127 492 prae-

1090 514 1093 535 :
1119 499 1265 532 teritum
1285 511 1304 531 a
1324 497 1500 539 themate,
1529 499 1619 532 sicut
1638 499 1705 531 alia
1724 496 1944 532 inchoativa.

1091 589 1093 595 7
1171 551 1324 585 Senesco
1405 551 1525 590 senui,
1569 562 1654 583 nam
1686 552 1892 595 fingendum
1924 556 1975 585 est
2003 549 2125 585 thema

1119 615 1240 638 seneO.

1172 663 1293 698 Glisco
1313 669 1410 697 caret
1428 663 1625 708 praeterito
1644 668 1678 695 et
1696 663 1825 707 supino
1841 662 1883 709 ⁴).

1171 715 1262 749 Dico
1417 715 1491 749 dixi
1650 714 1786 748 dictum

1171 767 1276 801 Duco
1411 767 1497 801 duxi
1650 767 1797 800 ductum

1172 819 1371 864 Compesco
1414 818 1638 864 compescui,
1667 819 1804 853 duabus
1825 818 1982 864 syllabis.

1223 956 1260 990 Si
1284 957 1392 1001 longa
1418 957 1551 991 vocalis
1579 957 1784 1002 praecedit,
1824 959 2060 1002 praeteritum
2090 960 2129 993 fit

1120 1020 1184 1053 per
1206 1008 1253 1048 si,
1282 1010 1408 1053 supina
1426 1021 1491 1053 per
1507 1022 1583 1043 sum
1594 1009 1625 1055 5)
1637 1036 1646 1049 ‚
1681 1022 1765 1042 nain
1786 1015 1820 1043 et
1837 1011 1873 1043 di
1889 1017 1924 1044 et
1941 1011 1971 1045 si
1986 1017 2131 1044 mutan-

1092 1081 1094 1105 3
1120 1067 1180 1093 tur
1198 1072 1235 1092 1n
1255 1061 1392 1105 supinis
1410 1061 1445 1093 in
1465 1074 1556 1095 sum.

1173 1120 1278 1154 Rado
1440 1121 1512 1155 rasi
1672 1134 1793 1155 rasum

1174 1171 1280 1206 Ludo
1440 1173 1510 1207 lusi
1670 1173 1787 1207 lusum

1175 1224 1277 1258 Cudo
1438 1225 1520 1258 cudi
1670 1238 1793 1260 cusum

1172 1276 1296 1320 Rudo-
1435 1277 1538 1317 rudi,
1567 1277 1653 1311 facit
1671 1278 1746 1312 sine
1767 1279 1908 1323 supino.

1173 1327 1308 1361 Divido
1436 1329 1543 1363 divisi
1671 1329 1826 1364 divisum

1173 1379 1265 1413 Fido
1437 1382 1521 1415 fisus
1542 1393 1634 1415 sum.
1807 1380 1811 1381 ⁷

1432 1450 1582 1484 Caetera
1609 1451 1646 1484 di
1670 1451 1812 1485 finiunt.

1175 1509 1303 1543 Pando
1466 1511 1577 1555 pandi
1737 1525 1881 1557 passum

1175 1561 1317 1595 Scando
1464 1564 1587 1596 scandi
1737 1577 1900 1598 scansum

1094 1609 1098 1679 Ἰ
1175 1614 1340 1647 Ascendo
1463 1615 1607 1649 ascendi
1738 1629 1944 1658 ascensum,
1973 1618 2030 1653 Sic
2055 1631 2132 1654 cae-

1122 1672 1201 1699 tera
1225 1666 1438 1711 composita.

1176 1717 1315 1751 Mando
1462 1719 1587 1752 mandi
1741 1733 1907 1755 mansum

1177 1769 1299 1803 Strido
1460 1771 1584 1811 midi,
1613 1772 1689 1806 sine
1709 1772 1853 1817 supino.

1176 1819 1369 1855 Prehendo
1456 1821 1633 1867 prehendi
1740 1822 1957 1870 prehensum

1175 1873 1341 1908 Defendo
1458 1876 1602 1909 defendi
1745 1878 1931 1912 defensum

1095 1955 1097 1964 ⁴
1176 1925 1333 1960 Offendo
1456 1928 1591 1961 offendi
1746 1929 1921 1964 offensum

1095 1977 1098 2002 i
1176 1977 1305 2011 Tendo
1454 1981 1591 2013 tetendi
1743 1988 1881 2015 tentum
1902 1989 1935 2015 et
1953 1988 2105 2019 tensum.

1176 2029 1338 2064 ostendo
1454 2033 1602 2066 ostendi
1747 2041 1940 2075 ostentum,
1963 2042 1997 2069 et
2015 2043 2132 2071 osten-

1482 2097 1560 2118 sum
1575 2111 1582 2124 ‚
1611 2085 1671 2117 sed
1691 2086 1869 2130 posterius
1886 2087 2052 2123 usitatius
2070 2097 2131 2125 est.

1176 2134 1344 2167 Accendo
1459 2137 1606 2169 accendi
1753 2151 1940 2173 accensum

1095 2197 1098 2248 ἐ
1175 2184 1309 2219 Tundo
1460 2188 1578 2225 tutudi
1756 2197 1902 2225 tunsum
1922 2198 1956 2225 et
1973 2198 2090 2228 tusum

1159 2322 1188 2349 3)
1209 2322 1343 2353 agnitum.
1388 2323 1434 2346 Sic
1459 2322 1620 2355 cognosco]
1651 2323 1736 2348 Editt.
1756 2325 1851 2354 1546.,
1878 2332 1901 2349 s.
1916 2332 1958 2350 a.:
1991 2328 2125 2359 agnitum.

1194 2358 1347 2387 penultima
1367 2357 1452 2382 brevi.

1229 2392 1376 2422 cognosco
1414 2393 1533 2422 cognovi
1571 2392 1728 2424 cognitum,
1754 2394 1903 2423 penultima
1923 2396 2008 2420 brevi.

1228 2427 1348 2458 Ignosco
1412 2427 1507 2457 ignovi
1567 2428 1706 2459 ignotum,
1732 2429 1882 2458 penultima
1902 2430 2001 2463 longa,
2028 2433 2131 2456 retinet

1195 2462 1267 2485 enim
1288 2462 1398 2485 literam
1419 2462 1562 2492 simplicis.

1160 2512 1189 2545 4)
1210 2513 1293 2537 Editt.
1314 2514 1406 2541 1546.,
1427 2521 1450 2537 s.
1463 2520 1488 2539 a.
1509 2515 1630 2541 addunt:
1658 2515 1862 2545 conquinisce,
1890 2518 1969 2540 vetus
1989 2518 2016 2540 et
2035 2519 2129 2541 exole-

1195 2550 1252 2572 tum
1271 2550 1403 2580 verbum,
1424 2549 1490 2573 facit
1503 2550 1652 2581 conque-xi,
1677 2552 1703 2573 et
1723 2550 1863 2581 significat
1883 2554 1965 2581 caput
1986 2552 2131 2577 inclinare.

1159 2602 1189 2630 5)
1210 2601 1310 2630 supina
1329 2608 1377 2631 per
1397 2604 1474 2630 sum}
1501 2603 1541 2626 sic
1570 2603 1616 2625 Ed.
1641 2609 1663 2625 s.
1689 2608 1733 2633 a.;
1772 2603 1798 2626 in
1825 2603 1909 2626 Editt.
1935 2603 2026 2633 ¹52⁶„
2056 2604 2130 2629 152⁹.

1195 2636 1304 2659 desunt.
1356 2636 1406 2659 Ed.
1431 2637 1505 2662 1546.
1534 2643 1583 2667 pro
1610 2638 1794 2667 „pi-accedit,
1830 2638 2009 2668 praeteritum
2029 2651 2063 2655 —-
2082 2645 2131 2668 per

1196 2668 1292 2697 sum'',
1312 2671 1393 2695 habet
1406 2672 1488 2695 haec:
1509 2673 1670 2702 praecedit,
1692 2673 1814 2696 ultimam
1830 2673 1967 2702 syllabam
1983 2673 2027 2703 do,
2048 2679 2131 2703 prae-

1197 2706 1308 2728 teritum
1329 2706 1359 2729 fit
1379 2713 1428 2736 per
1449 2707 1491 2737 si,
1524 2707 1643 2731 Caetera
1662 2708 1687 2730 di
1708 2708 1814 2731 finiunt.
1860 2707 1959 2731 Omnia
1978 2707 2005 2731 in
2024 2709 2130 2739 supinis

1197 2747 1257 2763 sum
1275 2741 1395 2767 faciunt.

1596 2775 1679 2813 20*
