2389 3037
67 122 140 158 521

117 204 340 246 Coniugatur
363 210 397 237 et
423 202 664 252 ἄναλογικῶς.

166 255 266 296 Edo,
296 256 389 296 edis,
416 255 499 289 edit.

165 306 399 351 Imperfecto,
425 307 587 340 edebam.

166 358 351 398 Perfecto,
379 357 447 391 edi.

163 409 324 449 Futuro,
351 409 469 442 edam.

111 467 344 514 Imperativo,
371 480 419 508 es,
447 468 540 502 edat.

161 520 322 560 Futuro,
350 526 424 554 esto
442 526 493 559 tu,
522 525 596 553 esto
614 520 685 554 ille.

60 583 160 611 mus,
187 578 322 611 estote,
350 572 495 604 edunto,

110 630 296 676 Optativo,
311 631 450 665 utinam
466 642 589 669 essem,
605 636 639 662 et
652 627 883 678 ἁναλογικιῦς
897 629 1052 664 ederem.

162 682 326 716 Perfecto
337 709 346 722 ,
375 682 536 716 edissem.

160 733 300 768 Futuro
310 760 320 774 ,
345 734 462 767 edam.

109 793 370 833 Coniunctivo,
398 805 478 826 cnm
496 792 612 825 edam.

159 843 393 889 ImperfectO,
421 856 501 878 cum
522 855 645 877 essem.

158 895 343 936 Perfecto,
371 907 449 929 cum
472 894 619 928 ederim.

158 946 319 987 Futuro,
347 959 427 980 cum
448 947 568 980 edero.

106 1005 309 1047 Infinitive,
337 1018 411 1040 esse
429 1012 463 1039 et
482 1007 598 1039 edere.

156 1058 340 1098 Perfecto,
367 1057 491 1091 edisse.

154 1108 313 1150 Futuro,
338 1121 437 1143 esum
454 1109 506 1141 ire
517 1135 527 1148 ,
555 1114 589 1140 et
605 1118 747 1141 esurum
766 1117 850 1139 esse.

154 1160 362 1200 Gerundia,
387 1159 538 1199 edendi,
567 1159 726 1197 edendo,
753 1157 944 1190 edendum.

189 1244 342 1278 Ovidius
361 1243 458 1292 [Art.
477 1256 547 1276 am.
566 1241 624 1282 Ill,
646 1239 917 1288 755—758.]:

119 1312 208 1342 Carpe
226 1312 302 1335 cibos
321 1312 434 1342 digitis,
459 1314 503 1334 est
524 1311 631 1340 quidam
651 1312 747 1340 gestus
769 1309 883 1341 edendi,

190 1354 247 1378 Ora.
267 1360 316 1377 uec
336 1354 471 1378 immunda
491 1356 549 1377 tota
569 1359 692 1383 perunge
712 1358 801 1375 manu.

118 1397 194 1420 Neve
213 1396 257 1420 diu
278 1403 423 1427 praesume
442 1397 542 1426 dapes,
569 1396 619 1419 sed
642 1396 738 1419 desine
757 1395 844 1424 citra,

188 1440 275 1470 Quam
293 1440 389 1477 cupias
410 1440 508 1470 paulo,
535 1445 615 1470 quam
633 1442 713 1470 potes
732 1445 795 1462 esse
814 1438 912 1462 minus.

593 467 798 507 pluraliter,
826 472 910 506 este,
935 467 1054 500 edant.

738 517 943 558 pluraliter,
972 519 1054 551 eda-

500 1509 596 1542 Aio.

97 1575 295 1610 indicativo
323 1577 524 1621 praesenti,
558 1577 636 1618 aio,
665 1577 738 1617 ais,
765 1576 825 1611 ait.

46 1634 120 1668 ter,
148 1628 261 1662 aiunt.

96 1677 331 1723 Imperfecto,
360 1678 513 1712 aiebam.

890 1576 1043 1610 Plurali-

566 1677 718 1712 Caetera
734 1679 994 1714 desiderantur.

470 1761 619 1797 Salve.

96 1829 334 1874 Imperativo,
361 1830 469 1865 salve.
523 1830 735 1872 pluraliter,
762 1832 905 1867 salvete.

147 1881 204 1915 Sic
219 1882 294 1915 Ave
310 1888 345 1915 et
361 1881 448 1915 Vale
466 1882 712 1924 declinantur,
741 1895 820 1917 cum
844 1891 927 1918 sunt
948 1886 1041 1919 salu-

45 1933 145 1966 tandi
162 1933 284 1966 verba.

149 1982 351 2024 Infinitivo,
393 1984 540 2018 salvere.
620 1985 812 2020 Suetonius
854 1986 891 2019 in
925 1987 1037 2021 Galba

45 2032 96 2082 [e.
114 2032 187 2082 4.]:
230 2034 396 2069 Veterem
430 2035 583 2070 civitatis
610 2037 862 2083 exoletumque
887 2051 1040 2080 morem,

45 2097 85 2119 ac
111 2093 251 2120 tantum
277 2088 314 2120 in
339 2087 448 2120 domo
467 2099 530 2121 sua
548 2085 776 2129 haerentem,
805 2090 1039 2125 obstinatissi-
1064 2131 1066 2141 Ι

44 2149 101 2170 me
118 2138 288 2178 retinuit,
315 2145 355 2172 ut
370 2138 488 2171 liberti
506 2139 669 2186 servique
686 2141 739 2174 bis
756 2141 812 2174 die
836 2142 1039 2187 frequentes
1064 2149 1067 2181 Ι

45 2189 229 2229 adessent,
270 2201 311 2223 ac
335 2202 440 2223 mane
465 2191 622 2232 salvere,
664 2194 803 2237 vesperi
825 2193 943 2228 valere
970 2195 1038 2228 sibi

43 2239 174 2284 singuli
195 2240 366 2275 dicerent.

453 2324 625 2361 Ausim.

94 2391 348 2433 Subiunctivo‚
377 2393 510 2434 ausim,
539 2395 650 2435 ausis,
676 2396 778 2430 ausit.

45 2443 174 2478 ausint.

147 2494 295 2529 Caetera
321 2496 582 2531 desiderantur.

476 2582 607 2616 Cedo.

95 2647 146 2682 Ea
163 2648 236 2683 sola
258 2661 325 2683 vox
341 2662 405 2694 pro
425 2651 480 2684 dic
502 2658 563 2684 aut
586 2651 729 2695 porrige
750 2659 855 2688 extat.
1062 2698 1063 2703 1

148 2699 245 2734 Cedo
266 2701 466 2742 dexteram,
495 2703 589 2747 apud
608 2703 830 2739 Terentium.
1060 2707 1064 2741 l

100 2758 282 2790 Mardara.
306 2760 412 2790 Orza.
446 2761 530 2792 Vol..
554 2762 625 2792 XX.

833 2397 1037 2440 pluraliter,

723 117 844 154 XCVI.
902 116 1232 153 GRAMMATICA
1264 117 1457 153 LATINA.

2033 124 2107 160 322

1540 204 1568 237 F
1579 217 1596 237 a
1610 218 1631 238 x
1640 217 1673 239 o.

1162 261 1338 295 Futurum
1359 269 1409 297 est
1429 263 1632 303 indicativi,
1659 265 1741 297 faxo
1760 275 1827 308 pro
1845 265 1986 299 faciam.

1162 312 1207 345 Et
1221 313 1471 355 subiunctivo,
1498 315 1609 347 faxim
1622 341 1631 355 ‚
1658 315 1746 349 faxis
1759 342 1768 356 ,
1794 316 1893 351 faxit.
1952 316 2106 350 Plurali-

1109 368 1179 404 ter,
1206 364 1332 399 faxint.

1523 440 1695 476 Forem.

1159 498 1396 544 Optativum,
1424 500 1561 541 forem,
1588 501 1703 542 fores,
1730 503 1834 537 foret.
1899 503 2105 545 Pluraliter,

1106 550 1236 584 forent.

1156 601 1339 635 Infinitive
1358 602 1480 636 futuro
1492 629 1502 643 ,
1528 603 1618 636 fore.

1376 679 1490 726 Inqu
1504 680 1546 714 io
1577 687 1611 714 et
1638 680 1773 726 inqua
1787 694 1833 716 m.

1156 738 1357 773 Indicativo
1368 766 1376 780 ‚
1405 740 1531 786 inquio
1552 747 1586 774 et
1608 741 1757 786 inquam
1771 767 1780 781 ,
1808 741 1944 788 inquis,
1972 743 2100 790 inquit.

1207 790 1402 824 Pluraliter
1411 818 1420 832 ,
1448 792 1629 838 inquiunt.

1156 841 1320 876 Perfecto
1333 869 1342 883 ,
1370 843 1539 889 inquisti,
1567 843 1697 889 inquit.

1154 891 1373 938 Imperativo
1385 921 1395 935 ,
1423 895 1532 940 inque
1542 922 1551 935 ,
1578 895 1732 940 inquiat.

1538 969 1660 1005 Infit.

1154 1026 1206 1061 Ea
1226 1040 1296 1061 una
1314 1041 1385 1062 vox
1403 1036 1597 1075 usurpatur
1611 1043 1677 1075 pro
1694 1031 1754 1066 ait.

1503 1106 1696 1150 Quaeso.

1153 1161 1296 1207 Quaeso
1313 1170 1347 1197 et
1363 1176 1590 1210 quaesumus.
1644 1166 1792 1200 Caetera
1809 1167 2071 1205 desiderantur.

1333 1239 1544 1283 Memini,
1580 1243 1676 1284 odi,
1714 1243 1854 1288 coepi.

1152 1296 1356 1333 Praesentis
1385 1306 1419 1333 et
1435 1302 1625 1345 praeteriti
1648 1302 1943 1347 significationem
1962 1303 2097 1340 habent

1099 1359 1170 1380 una
1187 1361 1285 1383 voce.

1151 1399 1376 1442 Praeterito,
1404 1403 1573 1444 memini,
1600 1405 1809 1447 miministi‚
1836 1407 2010 1442 meminit.

1204 1451 1417 1494 Pluraliter,
1457 1455 1706 1498 meminimus,
1746 1458 1958 1493 meministis
1971 1486 1980 1499 ,
2022 1472 2094 1493 me-

1098 1509 1293 1537 mlnerunt.

1150 1553 1526 1600 plusquamperfecto,
1555 1559 1803 1594 memineram.

1148 1603 1366 1650 Imperativo
1379 1634 1388 1648 ,
1417 1616 1611 1644 memento.

1203 1657 1419 1699 Pluraliter,
1446 1668 1678 1696 mementote.

1148 1706 1342 1752 Optativo,
1383 1712 1522 1745 utinam
1556 1714 1817 1754 meminissem,
1859 1716 2090 1759 meminisses,

1097 1760 1318 1794 memmisset
1341 1767 1406 1796 etc.

1147 1809 1382 1846 Subiunctivo
1393 1840 1402 1854 ,

1094 1863 1310 1898 meminerit.

1144 1913 1302 1954 Futuro,
1332 1928 1410 1949 cum
1429 1916 1630 1951 meminero
1645 1918 1712 1964 ²⁴),
1745 1932 1816 1965 quo
1842 1926 1876 1954 et
1902 1920 2087 1956 indicativi

1093 1964 1203 1999 futuri
1220 1966 1478 2010 significatione
1501 1967 1648 2004 utimur.

1197 2016 1398 2059 infinitivo,
1426 2020 1643 2055 meminisse.

1256 2069 1314 2103 Sic
1331 2070 1412 2110 odi,
1441 2078 1473 2104 et
1493 2072 1668 2117 coepiffi),
1696 2085 1761 2116 pro
1778 2073 1924 2118 incipio.

1457 1826 1537 1848 cum
1570 1815 1818 1857 meminerim,
1871 1818 2089 1860 memineris,

1197 2128 1435 2163 Grammatici
1460 2128 1514 2164 his
1539 2132 1645 2164 etiam
1667 2133 1814 2166 verbum
1831 2133 1925 2168 Novi
1943 2134 2087 2168 addide-

1092 2184 1189 2218 runt,
1216 2182 1332 2225 quod,
1361 2194 1567 2228 quanquam
1587 2196 1603 2215 a
1621 2196 1730 2217 nosco
1748 2191 1818 2225 est,
1847 2192 1967 2219 tamen
1984 2198 2087 2231 prae-

1092 2230 1188 2263 teriti
1206 2244 1291 2265 voce
1309 2230 1415 2266 habet
1435 2235 1630 2278 praesentis
1655 2236 1963 2280 significationem.
2018 2237 2086 2272 Ve-

1063 2282 1065 2327 f
1092 2293 1170 2314 rum
1189 2280 1276 2317 haec
1301 2285 1387 2323 tria,
1417 2284 1509 2325 Odi,
1538 2285 1668 2332 Coepi,
1697 2294 1731 2321 et
1747 2288 1862 2329 Novi,
1891 2289 1997 2322 etiam
2017 2288 2086 2322 Im-

1062 2374 1064 2382 !
1092 2334 1292 2377 perativum
1319 2336 1535 2371 desiderant.

1337 2429 1400 2463 De
1428 2430 1837 2476 Impersonalibus.

1194 2498 1401 2532 Personalia
1420 2500 1606 2542 dicuntur,
1634 2502 1762 2548 quibus
1777 2509 1890 2537 certae
1908 2516 2082 2548 personae

1091 2550 1336 2584 nominativus
1372 2553 1626 2596 praeponitur,
1668 2561 1726 2595 ut,
1770 2567 1834 2599 ego
1866 2556 2001 2595 scribo,
2044 2563 2081 2590 tu

1124 2671 1173 2698 24)
1194 2668 1355 2701 meminero]
1376 2671 1423 2694 Ed.
1440 2678 1463 2695 s.
1480 2677 1524 2696 a.:
1550 2672 1698 2696 meminero
1718 2673 1775 2696 eris
1794 2673 1847 2696 erit
1865 2676 1915 2696 etc.

1123 2722 1170 2751 25)
1192 2723 1294 2752 coepi,]
1318 2722 1357 2746 sic
1379 2722 1426 2746 Ed.
1442 2730 1465 2745 s,
1480 2728 1521 2747 az
1547 2723 1630 2746 Editt.
1648 2724 1737 2752 1526.,
1760 2723 1852 2750 ¹529„
1875 2724 1947 2749 1546.
1967 2726 2036 2756 cepi,
