2421 3037
262 97 336 135 571

367 187 535 221 CLXXX.
796 182 902 215 Multi
939 193 946 206 1

641 313 711 347 Ubi
795 312 908 346 Pauci
980 312 1163 356 imperant

798 441 894 475 Boni

665 520 866 556 Somnia.

365 596 552 633 CLXXXI.
590 594 728 631 Sathan
752 609 940 643 nunquam
968 602 1080 631 cessat
1103 594 1269 629 homines

259 652 452 688 sollicitare
480 658 514 684 et
537 661 688 689 vexare,
736 649 786 683 ita
821 656 861 683 ut
890 650 998 683 etiam
1031 654 1141 682 noctu
1170 654 1205 681 et
1232 647 1271 680 in

259 704 396 740 somnis
414 709 518 736 vexet
540 701 712 748 inquietis
735 701 887 736 somniis
914 708 948 735 et
974 700 1190 745 angoribus,
1218 705 1270 732 at-

260 769 329 803 que
348 757 438 789 adeo
457 761 497 789 ut
516 761 632 788 totum
652 766 783 799 corpus
801 754 942 787 diffluat
964 753 1157 787 sudoribus
1181 763 1269 797 prae

259 809 320 842 illa
347 808 460 842 nimia
487 806 665 851 angustia.
726 807 781 840 Ad
808 805 896 840 baec
923 806 1145 839 dormientes
1171 803 1270 838 ducit

260 867 359 895 extra
392 859 555 895 cubicula
592 858 628 891 in
651 859 730 892 loca
758 858 970 904 praecipitia
996 864 1031 891 et
1053 856 1269 903 periculosa,

260 926 352 960 quos
369 913 398 947 si
423 911 540 956 angeli
567 923 642 944 non
670 911 912 950 custodirent,
950 911 1120 944 caderent
1145 915 1180 943 et
1208 920 1269 953 pe-

260 966 387 999 rirent.

593 1056 821 1090 Summum
850 1056 930 1090 ius.

365 1124 567 1161 CLXXXII.
603 1126 762 1172 Quidam
783 1127 932 1160 molitor
948 1125 1107 1160 habebat
1126 1126 1269 1161 asinum

259 1188 295 1215 et
312 1179 451 1214 vicinus
468 1179 627 1224 piscator
643 1176 836 1224 scapham,
868 1186 1021 1226 uterque
1046 1191 1121 1212 non
1147 1178 1271 1223 alliga-

258 1239 318 1267 rat
341 1245 418 1266 rem
445 1244 559 1266 suam.
630 1231 724 1266 Casu
751 1238 870 1265 autem
896 1231 1045 1272 accidit,
1087 1238 1126 1265 ut
1149 1231 1271 1266 asinus

259 1286 469 1320 ascenderet
494 1283 531 1316 in
556 1282 749 1329 scapham,
795 1296 888 1330 quae
913 1296 978 1329 per
1000 1281 1098 1318 hunc
1129 1290 1268 1317 motum

260 1343 381 1371 amota
399 1343 470 1375 est3
500 1335 622 1370 asinus
643 1348 716 1370 una
735 1348 815 1370 cum
835 1334 966 1382 scapha
988 1335 1107 1381 periit.
1150 1335 1270 1382 Quae-

259 1390 373 1429 titur,
400 1395 479 1423 uter
497 1389 649 1422 alterum
671 1388 749 1422 iure
775 1400 941 1423 accusare
966 1388 1125 1433 potuerit
1136 1388 1201 1430 ⁷⁸),
1231 1389 1271 1425 ob

259 1445 315 1479 bet
335 1440 409 1486 (ξῖεῐ
428 1444 488 1478 ben
506 1442 590 1487 {ban
609 1443 683 1477 obet
701 1443 754 1477 bet
773 1441 856 1487 {ban
874 1444 934 1478 ben
952 1440 1027 1487 &set
1051 1442 1113 1486 bab
1138 1442 1270 1488 binmeg

258 1493 380 1542 gefl'itt.
433 1494 592 1539 Quidam
611 1506 652 1527 ex
671 1493 910 1528 assidentibus
927 1494 1096 1528 dixerunt
1117 1506 1190 1528 esse
1215 1506 1271 1527 ca-

259 1560 339 1582 sum
358 1546 549 1580 fortuitum
561 1573 570 1586 ,
600 1552 633 1579 et
650 1546 823 1592 utrinque
841 1547 1065 1591 negligenter
1081 1551 1269 1591 peccatum

261 1611 357 1640 esse,
400 1599 524 1644 itaque
554 1598 673 1644 inquit
697 1597 759 1632 D.:
806 1598 997 1633 Summum
1024 1597 1079 1632 ius
1111 1610 1187 1631 non
1219 1604 1272 1632 est

259 1652 540 1697 praestandum,
568 1651 630 1684 sed
656 1651 777 1695 potius
805 1650 989 1696 aequitas,
1025 1650 1074 1684 sic
1100 1656 1133 1683 et
1150 1647 1270 1684 Theo-

260 1703 332 1748 logi
355 1704 482 1736 docere
499 1703 631 1736 debent
648 1700 836 1741 homines,
867 1705 929 1739 δαὸ
957 1704 1006 1739 bie
1030 1703 1098 1738 [eiit
1128 1702 1211 1748 nid>t
1232 1714 1271 1749 δα

262 1755 374 1802 beilid)
392 1754 468 1801 nod)
483 1765 521 1800 gu
544 1755 607 1801 ὒῦβ
626 1757 768 1792 methea.
820 1754 905 1789 Ideo
929 1756 1126 1790 secundum
1148 1755 1271 1802 aequi-

260 1815 372 1842 tatem
392 1808 514 1841 omnia
530 1807 725 1841 iudicanda
745 1813 829 1842 sunt

461 1865 546 1897 Satist

272 1901 323 1930 (ξίη
338 1899 427 1934 junget
445 1866 619 1967 {Theologus

854 1872 989 1891 summum
1003 1865 1046 1890 ius

672 1867 731 1967 {mil
745 1899 824 1931 buhen
838 1865 851 1966 ξ
855 1907 990 1926 summam
1004 1901 1184 1926 sanctitatem

461 1935 648 1967 Magistratus

855 1942 990 1961 summam
1004 1937 1198 1962 obedientiam.

366 2025 627 2059 Prudentia
658 2027 702 2058 in
731 2025 974 2059 ambienda
1002 2038 1157 2060 uxore.

369 2095 588 2130 CLXXXIII.
619 2095 692 2130 Res
708 2095 814 2140 longe
830 2095 1034 2130 miserrima
1060 2102 1112 2130 est
1138 2094 1271 2129 habere

263 2149 357 2182 vitae
376 2149 510 2183 sociam
531 2148 680 2181 infidam
708 2148 937 2192 ignorantem
974 2149 1036 2182 sed
1060 2147 1215 2182 scienter
1237 2154 1273 2182 et

262 2201 405 2246 publice
422 2202 515 2235 ferre
533 2200 828 2235 molestissimum
847 2207 917 2241 est,
945 2199 1038 2235 sicut
1061 2207 1215 2246 apparet
1234 2200 1271 2234 in

262 2265 426 2298 pavone,
465 2252 547 2298 qui,
590 2259 630 2286 ut
662 2254 802 2293 serunt,
843 2253 999 2287 similem
1030 2252 1087 2286 vel
1118 2253 1270 2286 rivalem

263 2306 357 2338 ferre
374 2305 518 2351 nequit;
544 2305 698 2350 proinde
724 2305 754 2340 si
778 2305 817 2338 in
841 2317 934 2352 aqua
953 2305 1149 2350 imaginem
1167 2318 1269 2340 suam

265 2357 440 2402 conspicit
458 2363 493 2391 et
510 2369 589 2390 eam
607 2357 783 2403 impedire
807 2358 955 2404 nequit,
981 2370 1017 2393 se
1048 2358 1165 2403 ipsum
1189 2358 1272 2392 sub-

265 2409 408 2453 mergit.
477 2408 613 2443 Moneo
639 2410 761 2457 itaque
788 2422 868 2451 eos,
913 2410 975 2456 qui
1010 2416 1209 2456 procantur
1239 2417 1275 2444 et

265 2474 396 2496 uxores
417 2461 602 2503 ambiunt,
630 2475 674 2496 ne
698 2469 832 2496 temere
857 2469 967 2507 agant
992 2462 1179 2497 affectibus
1201 2463 1275 2497 suis

264 2520 409 2548 tantum
444 2514 703 2560 obsequentes,
749 2517 810 2550 sed
833 2514 951 2549 Deum
978 2522 1103 2556 orent,
1146 2517 1209 2552 ὒαῧ
1237 2514 1276 2559 ist

265 2566 338 2611 febr
372 2575 438 2602 von
471 2566 605 2612 nsstben.
671 2566 856 2602 Acerbitas
884 2569 1062 2614 quaedam
1094 2568 1132 2600 in
1160 2581 1274 2603 uxore

265 2619 414 2652 ferenda
434 2625 498 2654 est.

302 2738 350 2768 76)
371 2740 507 2771 potuerit]
526 2739 613 2765 Cod.:
641 2740 729 2772 potuit

887 94 1010 130 PfflL.
1047 94 1160 129 MEL.
1197 92 1402 128 SCRIPTA
1438 91 1710 128 fflSTORlCA.

1242 283 1292 317 ibi
1320 283 1476 328 dignitas
1505 281 1613 317 habe-

1269 342 1328 369 tur
1352 348 1419 381 pro

2256 94 2334 132 572

1719 231 1914 265 licentiam.

1692 180 1857 213 libertate
1870 206 1879 219 ,
1909 192 2003 225 quae
2019 180 2092 213 abit
2112 181 2147 213 in

1644 185 1662 360 ⁵
1693 309 1822 353 opibus
1840 316 1873 343 et
1890 310 2094 343 nobilitate.

1698 386 1850 427 virtute,
1887 395 1920 421 et
1943 386 2011 421 hoc
2038 387 2149 432 impe-

1714 438 1808 472 rium
1825 445 1876 473 est
1888 440 2147 474 felicissimum.

1324 515 1554 550 Diabolus
1583 518 1932 561 cognoscendus
1960 530 2007 551 ex
2038 518 2333 563 inspectione

1709 568 1949 614 Decalogi.

1429 636 1664 672 CLXXXIIII.
1701 638 1800 672 Sicut
1818 638 1917 673 Deus
1943 646 1994 673 est
2020 637 2130 673 thesis
2146 638 2334 684 Decalogi,

1325 687 1374 721 ita
1392 687 1568 724 Diabolus
1586 696 1638 724 est
1655 689 1842 725 antithesis
1858 691 1954 732 eius,
1983 692 2030 725 ita
2048 691 2078 726 si
2095 691 2192 726 voles
2209 704 2333 725 veram

1324 740 1520 785 imaginem
1550 754 1763 786 agnoscere,
1797 744 1981 789 perpende
2007 744 2198 788 diligenter
2220 743 2334 777 Deca—

1324 793 1459 837 logum.
1520 792 1668 827 Diaboli
1692 802 1800 839 caput
1822 803 1874 830 est
1898 802 2024 829 contra
2047 796 2204 841 primam
2228 797 2334 830 tabu-

1324 845 1418 886 lam,
1446 858 1577 891 nempe
1601 845 1681 880 Deo
1708 859 1782 880 non
1810 849 2009 895 confidere,
2044 848 2164 893 ipsum
2189 860 2264 882 non
2290 847 2334 882 ti-

1325 909 1443 938 mere,
1470 910 1546 931 non
1573 898 1742 944 diligere,
1770 912 1836 933 nec
1860 912 1984 933 veram
2010 900 2163 944 gloriam
2186 900 2256 946 ipsi
2280 907 2333 934 at-

1324 949 1497 984 tribuere.
1533 949 1574 984 ln
1591 952 1750 985 secundo
1768 959 1962 997 praecepto
1981 952 2332 997 comperitur-Deum

1324 999 1654 1050 blasphemare⁷⁷)‚
1689 1010 1815 1037 contra
1840 1005 1957 1049 ipsum
1984 1017 2234 1046 murmurare,
2267 1017 2333 1038 no—

1325 1054 1422 1088 mine
1439 1054 1515 1089 eius
1532 1055 1684 1100 pessime
1702 1056 1813 1091 abuti.
1853 1055 1894 1090 In
1910 1057 2018 1090 tertio
2035 1064 2087 1092 est
2104 1063 2333 1102 contemptus

1324 1107 1447 1148 verbi,
1474 1107 1570 1141 nolle
1593 1108 1719 1142 audire
1737 1108 1855 1143 Deum
1880 1109 2089 1155 loquentem
2103 1137 2112 1149 ,
2139 1110 2202 1144 sed
2225 1109 2333 1142 cavil-

1324 1159 1413 1199 lari,
1454 1159 1555 1193 illum
1592 1167 1843 1201 contemnere,
1884 1162 2051 1208 persequi
2084 1168 2118 1194 et
2151 1161 2333 1206 negligere

1325 1211 1511 1246 ministros
1529 1212 1652 1253 verbi,
1682 1213 1774 1247 adeo
1796 1219 1836 1247 ut
1858 1214 1953 1247 fame
1978 1220 2148 1259 pereant,
2185 1225 2333 1247 omnem

1325 1270 1512 1309 praeterea
1531 1265 1667 1299 cultum
1685 1265 1786 1299 flocci
1803 1267 1973 1311 pendere.
2027 1265 2191 1300 Secunda
2210 1266 2333 1300 tabula

1325 1316 1487 1350 continet
1515 1329 1646 1362 corpus
1671 1317 1830 1353 Diaboli.
1900 1317 1994 1353 Nam
2029 1324 2200 1365 quartum
2230 1330 2334 1363 prae·

1326 1375 1467 1414 ceptum
1479 1396 1488 1410 ,
1521 1377 1689 1414 parentes
1708 1377 1961 1411 contemnere,
1989 1371 2040 1405 eis
2056 1370 2154 1404 nolle
2173 1370 2334 1411 obedire,

1325 1433 1385 1455 eos
1404 1421 1537 1455 iniuria
1557 1423 1716 1462 afficere,
1745 1423 1940 1457 seditiones
1956 1429 2083 1456 contra
2102 1422 2334 1468 magistratus

1324 1485 1486 1514 movere,
1511 1480 1561 1508 est
1581 1480 1704 1519 pectus
1721 1474 1869 1508 Diaboli
1886 1475 2113 1509 dissolutum.
2153 1474 2332 1520 Quintum

1325 1531 1579 1570 praeceptum,
1612 1526 1793 1568 occidere,
1827 1527 1964 1567 odisse,
1999 1527 2125 1565 irasci,
2164 1527 2333 1561 omnihus

1324 1575 1535 1613 hominibus
1562 1579 1655 1612 male
1682 1579 1795 1619 velle,
1832 1580 2009 1624 prodere,
2043 1565 2228 1620 invidere,
2263 1577 2333 1613 hoc

1325 1636 1378 1664 est
1393 1629 1504 1674 ipsius
1523 1643 1595 1665 cor.
1657 1631 1824 1672 Sextum,
1853 1631 2094 1672 adulterium,
2122 1644 2196 1666 esse
2218 1631 2333 1665 forni-

1326 1689 1507 1723 catorem,
1552 1682 1750 1725 incestum,
1787 1685 1955 1725 mollem,
1991 1683 2243 1724 Sodomitum,
2278 1683 2334 1717 in-

1326 1734 1592 1775 continentem,
1636 1735 1861 1781 impudicum
1897 1736 2018 1781 lingua
2053 1743 2088 1770 et
2118 1743 2238 1781 gestu,
2281 1741 2333 1770 est

1327 1793 1452 1820 venter
1487 1786 1645 1821 Diaboli.
1713 1788 1939 1833 Septimum,
1980 1789 2163 1823 neminem
2195 1790 2335 1830 iuvare,

1327 1839 1463 1873 cunctis
1490 1837 1701 1874 hominibus
1732 1847 1795 1874 aut
1818 1842 1946 1874 fraude
1969 1853 2032 1875 sua
2056 1853 2187 1875 nocere
2213 1848 2276 1875 aut
2297 1840 2333 1874 vi

1325 1892 1556 1932 defraudari,
1595 1892 1805 1936 deglubere,
1848 1892 1979 1926 iniuste
1991 1892 2037 1939 ⁷⁸)
2063 1900 2167 1938 parta
2203 1894 2334 1927 confir-

1326 1956 1440 1985 mare,
1469 1956 1604 1978 merces
1619 1944 1840 1979 adulterinas
1859 1946 2029 1986 vendere,
2054 1943 2144 1980 haec
2157 1953 2242 1981 suut
2257 1957 2334 1979 ma-

1326 2009 1393 2031 nus
1413 2002 1602 2041 etungues
1617 1996 1724 2030 illius.
1779 1995 1957 2031 Octavum
1971 2025 1979 2038 ,
2008 1998 2222 2039 detrectare,
2243 1998 2333 2032 infa-

1327 2060 1440 2089 mare,
1469 2049 1644 2089 cavillari,
1671 2049 1887 2082 calumniari
1906 2049 2066 2094 singula,
2094 2048 2182 2084 haec
2202 2057 2254 2085 est
2271 2063 2334 2084 vo—

1326 2101 1446 2135 luntas
1462 2101 1537 2135 eius
1549 2128 1558 2142 ,
1587 2103 1649 2138 δαῧ
1668 2099 1706 2145 ist
1722 2104 1785 2137 ῠαῧ
1801 2100 1996 2149 freunbtlid)
2013 2103 2096 2139 bilbt
2115 2106 2171 2140 ῠεὸ
2189 2102 2334 2149 ῐειῑῗῖεῑὸ.

1327 2153 1432 2189 Nunc
1461 2153 1586 2198 fingito
1614 2153 1679 2186 tibi
1715 2160 1748 2187 te
1780 2154 1902 2188 videre
1923 2153 2111 2189 hominem
2137 2156 2336 2202 perditissi-

1327 2219 1426 2239 mum
1445 2212 1480 2239 et
1495 2205 1839 2250 desperatissimum,
1866 2210 1907 2244 ba
1922 2207 2037 2254 sibestu
2052 2211 2112 2245 ben
2128 2208 2240 2254 teuffel
2258 2209 2336 2246 leib=

1327 2257 1446 2305 [paftig.
1502 2255 1666 2293 Christus
1691 2259 1794 2292 illum
1819 2260 1982 2305 depinxit
2007 2261 2232 2306 paucissimis
2255 2273 2335 2295 ver-

1326 2312 1393 2351 bis,
1411 2311 1622 2344 mendacem
1640 2312 1827 2356 appellans
1845 2319 1970 2346 contra
1985 2314 2141 2358 primam
2157 2313 2335 2354 tabulam,

1328 2370 1363 2397 et
1395 2361 1615 2397 homicidam
1653 2372 1780 2399 contra
1813 2366 2030 2406 secundam,
2084 2366 2203 2411 primo
2236 2365 2335 2399 enim

1327 2416 1417 2450 falsa
1436 2415 1597 2457 disserit,
1625 2417 1714 2450 salso
1735 2417 1833 2452 cultu
1851 2415 2019 2452 homines
2036 2418 2115 2463 pios
2131 2418 2188 2452 die
2207 2423 2335 2452 noctu-

1329 2480 1399 2515 que
1431 2467 1618 2510 sollicitat,
1664 2476 1697 2503 et
1725 2483 1797 2516 quo
1824 2476 1907 2504 sunt
1933 2468 2099 2504 homines
2124 2470 2336 2511 sanctiores,

1330 2533 1372 2555 eo
1396 2520 1551 2555 ferocius
1577 2522 1751 2566 exagitat,
1793 2522 1962 2567 speciosis
1986 2522 2141 2557 cultibus
2161 2522 2336 2563 alliciens,

1330 2573 1461 2619 quibus
1486 2573 1617 2608 avellat
1642 2586 1660 2607 a
1686 2574 1765 2608 Deo
1791 2581 1825 2609 et
1850 2587 1935 2608 vero
1955 2573 2023 2608 Dei
2046 2575 2154 2611 cultu.
2209 2575 2336 2610 Cultus

1366 2694 1414 2725 77)
1434 2695 1642 2725 blasphemare]
1663 2696 1748 2720 Com:
1775 2695 1967 2726 plasphemare

1367 2739 1416 2769 78)
1437 2738 1553 2769 iniuste]
1573 2739 1656 2764 Coit:
1683 2739 1783 2764 iniusta
