2421 3037
272 118 347 153 603

900 108 1024 143 PHIL.
1054 109 1168 142 MEL.
1197 107 1401 143 SCRIPTA
1436 107 1706 144 HISTORICA.

2260 116 2337 152 604

271 204 454 251 quaesitus
479 209 530 236 est
556 202 590 232 in
614 198 760 231 aedibus
787 197 920 243 ubique
944 208 962 229 a
989 196 1141 241 publicis
1171 195 1276 228 mini-
1301 217 1304 253 ι
1330 209 1416 242 pace
1448 197 1485 229 in
1515 200 1710 231 tentorium
1739 211 1843 232 suum
1869 199 2118 240 mulierculas,
2162 207 2196 235 et
2229 202 2337 236 simul

270 257 363 291 stris.
418 254 479 287 llle
498 264 602 291 vem,
632 250 692 296 qui
714 256 987 294 perpetraverat
1007 250 1167 288 caedem,
1194 260 1274 281 cum

270 313 447 342 metueret
464 302 630 338 fossionis
656 308 781 341 notas,
818 302 948 335 iterum
975 301 1099 333 effodit
1124 302 1277 334 cadaver

270 367 303 393 et
322 358 465 404 proiicit
482 357 519 389 in
544 362 691 400 puteum
720 356 913 400 quendam.
967 353 1045 386 Hoc
1068 354 1161 386 sorte
1187 353 1278 385 vidit

270 411 399 445 mulier
433 416 467 441 et
499 408 633 440 indicat
661 407 822 446 senatui,
860 407 896 438 in
922 403 1016 439 hunc
1046 412 1193 450 puteum
1224 405 1277 437 in-

268 465 398 496 iectum
424 474 496 495 esse
523 461 696 499 cadaver,
739 465 988 504 monstratque
1022 459 1193 497 domum,
1236 469 1278 490 ex

270 528 339 562 qua
373 520 557 558 portatum
594 511 648 545 sit.
720 508 1051 555 Comprehenditur
1082 516 1205 549 autor,
1244 515 1278 542 et

268 574 392 612 postea
413 565 447 597 in
473 566 574 603 soro,
603 566 639 595 in
666 563 724 595 illa
752 563 858 602 sella,
889 563 924 596 in
952 576 1020 607 qua
1048 562 1279 594 interfecerat

268 619 450 657 sodalem,
482 615 520 660 1st
544 627 577 651 ct·
602 616 664 651 mit
686 617 844 661 gliienben
862 615 996 660 „gangen
1023 615 1167 660 &tribon
1191 623 1277 649 mot:

268 674 339 708 ben.
395 670 492 702 Haec
513 675 563 702 est
587 668 675 701 ultio
696 669 831 702 divina.

373 727 605 764 CCLXXXII.
641 728 723 761 Fuit
740 728 879 761 Romae
897 727 1043 773 quidam
1063 726 1277 765 curtisanus‚

269 783 330 830 qui
349 783 404 816 vel
426 781 670 827 parsimoniae
690 781 745 813 vel
765 780 938 813 avaritiae
956 791 1060 812 causa
1088 778 1277 811 interdice-

267 837 330 869 bat
360 835 504 868 famulis
538 834 682 873 vinum,
718 845 870 878 cumque
902 844 1043 865 servum
1080 830 1116 863 in
1150 831 1275 863 cellam

269 887 447 927 mitteret,
496 892 536 919 ut
570 886 693 918 vinum
731 885 895 924 afferret,
949 883 1096 928 cogebat
1135 894 1277 916 sumere

269 952 400 985 aquam
421 939 457 971 in
477 951 534 977 os,
564 944 618 977 et,
648 950 726 970 cum
754 937 916 977 redibat,
946 936 1091 968 iubebat
1114 947 1194 968 eum
1221 947 1277 967 ex-

268 1004 397 1037 spuere
422 1002 553 1036 aquam
581 1001 702 1022 coram
727 989 890 1022 domiuo,
961 987 1097 1020 Verum
1122 987 1278 1020 famulus

269 1045 344 1077 eius
362 1042 519 1076 babebat
536 1041 572 1074 in
593 1041 677 1074 cella
703 1054 835 1087 aquam
863 1040 899 1073 in
924 1053 1007 1074 vase
1035 1041 1216 1085 quodam,
1244 1045 1279 1071 et

267 1102 449 1140 sumptam
487 1106 618 1139 aquam
656 1106 777 1126 coram
814 1092 965 1126 domino
1003 1092 1198 1136 exspuebat
1241 1091 1277 1123 in

269 1148 375 1188 cella,
404 1154 437 1180 et
454 1146 601 1179 bibebat
618 1152 793 1191 quantum
814 1145 970 1185 volebat,
999 1145 1128 1178 deinde
1146 1144 1276 1177 iterum

269 1200 434 1234 sumebat
450 1199 556 1231 aliam
577 1210 708 1244 aquam
728 1198 763 1230 in
782 1198 868 1231 cella
882 1225 890 1237 ‚
926 1209 1036 1243 quam
1063 1209 1185 1230 coram
1216 1197 1279 1229 do-

268 1253 369 1286 mino
388 1251 593 1296 exspuebat.

376 1310 624 1346 CCLXXXlII.
653 1310 736 1344 Fuit
755 1311 809 1343 vir
827 1310 956 1343 eximia
975 1309 1156 1354 probitate
1176 1321 1280 1353 prae-

269 1365 363 1399 ditus
397 1364 580 1397 Traianus
610 1362 825 1408 Imperator.
899 1362 966 1395 Hic
1002 1374 1082 1395 cum
1120 1362 1277 1407 aliquem

268 1417 454 1463 praetorio
481 1416 703 1461 praesectum
728 1416 969 1459 designasset,
1016 1414 1177 1459 porrexit
1205 1413 1279 1457 gla-

269 1470 369 1503 dium
388 1469 419 1501 ei
438 1469 475 1501 in
494 1481 640 1501 manum
667 1465 724 1501 his
743 1467 862 1501 verbis
889 1466 1039 1500 additis:
1069 1466 1179 1499 Utere
1207 1465 1280 1509 gla-

269 1522 330 1555 dio
352 1519 421 1554 hoc
439 1522 610 1554 adversus
631 1518 752 1554 hostes
772 1532 870 1552 meos
894 1525 927 1552 et
953 1518 1090 1563 patriae
1116 1518 1152 1550 in
1178 1517 1279 1551 iustis

271 1573 402 1612 causis;
436 1573 489 1606 sin
512 1573 630 1606 minus
647 1573 742 1617 iuste
763 1584 888 1616 egero,
918 1570 1057 1603 tunc'in
1080 1582 1136 1603 me
1161 1569 1278 1613 ipsum

269 1626 436 1670 stringito
455 1625 628 1669 gladium.
683 1624 979 1669 Quotiescunque
997 1622 1106 1665 igitur
1121 1620 1280 1666 Impera-

269 1685 328 1712 tor
346 1678 603 1721 designabatur
619 1677 770 1721 publicis
788 1676 896 1715 notis,
925 1675 1043 1719 optari
1061 1675 1211 1714 solebat,
1240 1680 1280 1706 ut

269 1730 437 1764 felicitate
458 1736 492 1762 et
511 1729 693 1774 probitate
710 1729 873 1772 Angusto
890 1727 1053 1760 Traiano
1070 1733 1253 1772 aequaret.

520 1813 711 1859 Philippus
735 1811 951 1847 Melanthon
963 1812 1022 1859 ³¹).

375 1883 639 1919 CCLXXXHlI.
684 1883 873 1917 Conradus
902 1882 1104 1927 Imperator
1141 1883 1280 1917 obsedit

271 1951 410 1978 arcem,
440 1950 531 1983 quae
550 1937 748 1970 vocabatur
765 1936 959 1981 §Benigpetg
970 1936 1031 1981 ³²),
1061 1947 1134 1968 non
1155 1935 1279 1980 procul

270 2003 289 2024 a
308 1990 425 2035 patria
448 2002 525 2022 mea
537 1989 603 2035 ³3),
632 2001 740 2034 quam
765 2001 843 2021 cum
862 1995 942 2033 post
960 1989 1104 2032 longam
1123 1988 1279 2021 obsidio-

270 2056 351 2076 nem
371 2054 498 2087 capere
514 2054 586 2075 uon
605 2047 744 2086 posset,
774 2040 924 2085 petitum
947 2047 999 2074 est
1017 2053 1034 2072 a
1056 2040 1280 2080 mulieribus,

272 2108 364 2142 quae
390 2095 427 2127 in
447 2107 526 2127 arce
554 2100 677 2134 erant,
705 2100 744 2126 ut
761 2092 963 2137 Imperator
988 2094 1202 2126 concederet
1231 2093 1280 2127 eis

272 2148 369 2180 abire
406 2147 538 2186 libere,
590 2153 624 2179 et
655 2146 761 2179 simul
798 2145 970 2191 quicquid
1010 2151 1156 2189 portare
1198 2158 1279 2189 pos-

272 2205 370 2239 sent,
405 2199 511 2233 simul
540 2199 681 2231 auferre
707 2198 842 2231 liceret.
906 2197 1096 2231 Conradus
1121 2195 1280 2242 Impera-

272 2257 350 2290 tor,
374 2257 414 2284 ut
432 2257 508 2283 erat
533 2251 665 2283 virtute
692 2257 725 2283 et
750 2249 885 2293 ingenii
911 2249 1153 2294 placabilitate
1178 2262 1280 2294 prae-

272 2309 391 2343 stans,
427 2302 594 2347 promisit
615 2302 663 2336 eis
682 2303 758 2335 fore
778 2302 932 2335 liberum
960 2314 1150 2336 recessum.
1213 2301 1280 2335 Co-

272 2355 409 2400 gitabat
446 2362 565 2388 autem
601 2355 832 2388 mulierculas
865 2367 938 2389 esse
976 2354 1205 2400 perterritas,
1247 2361 1282 2388 et

272 2420 404 2452 pueros
427 2413 489 2439 aut
514 2419 596 2441 vasa
626 2413 793 2451 argentea
819 2419 893 2441 esse
917 2413 978 2440 aut
1003 2407 1140 2453 aliquid
1165 2407 1281 2440 simile

273 2461 539 2503 deportaturas.
604 2459 841 2493 Mulierculae
877 2472 964 2493 vero
1001 2456 1162 2494 humeris
1198 2459 1281 2493 inde

273 2511 464 2555 gestabant
482 2510 631 2544 maritos
647 2518 681 2544 et
701 2512 943 2556 capitaneum.
999 2511 1163 2557 Cumque
1186 2512 1281 2545 dela-

272 2570 349 2597 tum
383 2569 473 2597 esset
503 2564 547 2595 ad
574 2562 855 2607 Imperatorem,
892 2564 995 2598 iussit
1027 2564 1150 2597 venire
1182 2565 1279 2598 salva

309 2681 356 2712 31)
377 2682 519 2712 Philippus
538 2682 723 2710 Melanthum]
743 2682 825 2706 Cod.:
855 2689 886 2714 ψ.
908 2683 930 2705 Μ

309 2724 356 2754 32)
379 2725 394 2749 ἰ,
415 2733 436 2748 ις.
458 2725 605 2756 {seinz-»berg

309 2769 356 2798 33)
378 2770 438 2794 scil.
459 2771 492 2792 ab
512 2771 580 2793 urbe
600 2771 724 2793 Brettcu.

1331 250 1469 282 ablatos
1495 249 1603 283 viros.
1665 249 1885 284 Incitabatur
1913 258 2032 284 autem
2062 263 2080 284 a
2107 252 2336 297 quibusdam,

1331 308 1370 335 ut
1395 302 1567 346 plecteret
1586 302 1827 346 capitaneum.
1882 302 1942 336 llle
1964 315 2049 336 vero
2064 330 2072 343 ,
2107 309 2146 336 ut
2170 311 2247 337 erat
2270 303 2336 338 ho-

1332 367 1391 386 mo
1412 366 1569 399 aequus,
1597 354 1802 388 considerat
1816 368 1852 388 se
1870 367 1943 388 non
1963 368 2065 399 posse
2089 355 2166 389 iure
2191 353 2261 390 hoc
2285 357 2337 390 fa-

1332 417 1430 446 cere,
1461 413 1494 438 et
1510 407 1656 439 tandem
1684 407 1929 440 misericordia
1950 413 2070 441 motus
2087 408 2239 440 donavit
2260 421 2337 442 mu-

1331 457 1487 491 lierculis
1508 458 1657 492 maritos
1682 464 1716 492 et
1733 459 1982 503 capitaneum,
2018 459 2080 505 qui
2098 459 2247 493 Guelfus
2274 472 2338 494 no-

1333 510 1558 551 minabatur,
1587 517 1620 543 et
1636 511 1720 544 fecit
1735 523 1814 544 cum
1836 511 1885 545 eis
1903 523 2026 555 pacem
2047 511 2304 546 firmissimam.

1437 570 1670 605 CCLXXXV.
1707 571 1815 616 Apud
1832 571 2058 605 Herodotum
2079 572 2210 616 legitur
2226 569 2338 606 histo-

1331 622 1384 655 ria
1403 624 1447 656 de
1463 636 1573 657 uxore
1585 651 1593 663 ,
1621 637 1713 670 quae
1730 622 1856 657 babuit
1872 624 1909 657 in
1925 636 2067 657 carcere
2083 636 2156 657 uno
2174 630 2337 669 tempore

1333 675 1503 708 maritum
1522 682 1556 709 et
1572 683 1725 720 patrem.
1778 675 1992 721 Impetravit
2008 676 2104 720 apud
2124 676 2271 716 iudices,
2300 682 2339 710 ut

1332 727 1547 760 alterutrum
1565 728 1711 761 liberari
1728 735 1877 773 peteret.
1930 727 1992 761 Illa
2013 735 2131 761 autem
2150 734 2337 773 parentem

1332 779 1436 824 petiit
1452 786 1486 812 ct
1511 780 1688 814 liberavit.
1741 781 1911 814 Graviter
1937 787 2059 825 postea
2087 793 2105 813 a
2133 781 2254 814 multis
2282 793 2338 813 ac-

1332 838 1451 865 cusata
1467 859 1475 872 ,
1504 833 1708 877 respondit:
1737 833 1887 867 Possum
1908 830 2041 866 habere
2065 833 2154 867 alios
2175 832 2339 874 maritos,

1331 885 1392 917 sed
1412 897 1486 917 non
1508 885 1617 917 alium
1638 892 1825 929 parentem
1837 885 1897 931 3²).

1437 944 1686 979 CCLXXXVI.
1734 945 1771 979 In
1794 945 1917 980 salinis
1942 945 2127 979 Saxonicis
2150 953 2227 978 erat
2255 952 2338 978 aute

1333 1009 1448 1032 annos
1473 998 1619 1042 triginta
1641 998 1877 1031 concionator
1900 998 1998 1043 pius.
2027 997 2208 1031 Dominus
2224 997 2338 1031 Geor-

1332 1050 1421 1094 gius.
1477 1050 1580 1083 Hunc
1600 1057 1748 1095 propter
1767 1051 1929 1084 veritatis
1957 1049 2161 1083 doctrinam
2186 1051 2340 1083 oderant

1333 1100 1503 1135 monachi
1530 1109 1564 1135 et
1584 1104 1806 1142 sacerdotes,
1835 1109 1868 1136 et
1885 1102 2084 1147 Episcopus
2102 1101 2339 1146 Moguntinus

1332 1154 1485 1187 vocabat
1503 1168 1581 1188 eum
1611 1156 1653 1187 ad
1679 1167 1735 1195 se,
1765 1155 1819 1193 vel
1842 1155 1968 1198 agebat
1993 1154 2087 1188 serio
2115 1154 2173 1187 vel
2200 1153 2339 1198 placide

1334 1219 1413 1239 cum
1433 1219 1488 1247 eo,
1514 1219 1558 1239 ue
1578 1208 1667 1240 adeo
1686 1207 1858 1240 molestus
1877 1213 1967 1241 esset
1983 1203 2187 1244 monachis;
2214 1212 2338 1250 postea

1334 1259 1486 1303 benigne
1507 1260 1667 1293 dimittit.
1721 1259 1773 1292 Ibi
1796 1260 1943 1305 quidam
1973 1258 2141 1292 sacerdos
2163 1258 2263 1291 dives
2287 1258 2340 1290 in-

1333 1311 1442 1345 sidias
1460 1312 1607 1354 struxit,
1638 1319 1739 1345 curat
1758 1324 1838 1345 eum
1867 1311 1902 1344 in
1928 1310 2046 1344 reditu
2072 1309 2278 1350 observari,
2306 1316 2341 1343 et

1333 1365 1383 1397 sic
1405 1364 1584 1397 venabulo
1610 1365 1799 1398 traiicitur.
1866 1363 1926 1396 llle
1950 1363 2161 1396 interfector
2183 1362 2341 1396 moritur

1334 1414 1518 1449 horrendo
1544 1429 1671 1460 genere
1702 1416 1849 1455 mortis,
1886 1415 2068 1449 tricesimo
2089 1414 2147 1447 die
2171 1412 2340 1458 posthoc

1332 1469 1485 1507 factum;
1529 1469 1696 1502 dicebant
1721 1481 1800 1502 eum
1826 1468 1980 1512 mugisse
2006 1466 2120 1500 instar
2142 1466 2263 1506 bovis,
2306 1472 2341 1499 et

1334 1520 1478 1566 quidem
1498 1521 1616 1555 subito
1638 1521 1812 1561 moritur,
1841 1533 1906 1553 nec
1925 1519 2095 1565 apparuit
2114 1519 2204 1552 alius
2221 1530 2339 1558 causa,

1334 1573 1407 1605 imo
1427 1574 1634 1612 constabat,
1660 1573 1841 1607 tricesimo
1860 1573 1917 1605 die
1935 1572 2051 1606 Deum
2069 1571 2114 1604 ab
2134 1571 2212 1616 ipso
2230 1571 2340 1604 ratio-

1333 1638 1414 1658 nem
1450 1626 1660 1669 postulasse.
1729 1625 1786 1659 Sic
1821 1622 1889 1657 hoc
1920 1625 2000 1658 loco
2027 1623 2125 1657 Deus
2157 1624 2340 1658 ulciscitur

1334 1678 1479 1710 caedem
1496 1678 1628 1710 factam
1649 1683 1731 1710 aute
1752 1689 1867 1710 annos
1885 1677 1954 1719 30,
1982 1676 2184 1711 tricesimus
2206 1676 2281 1710 dies
2305 1681 2340 1709 et

1334 1742 1450 1762 annus
1488 1736 1571 1763 sunt
1602 1729 1784 1776 critici35).
1846 1728 1931 1762 Item
1965 1729 2003 1762 in
2037 1735 2175 1774 papatu
2207 1728 2339 1763 consti-

1334 1788 1502 1823 tuerunt,
1545 1782 1765 1815 tricesimum
1794 1782 1888 1815 diem
1919 1788 2049 1815 vocant
2083 1783 2143 1818 ben
2173 1780 2342 1828 bteist'tbetl

1334 1834 1468 1880 begben.

1587 1900 1775 1947 Philippus
1801 1900 2016 1935 Melantlion
2027 1900 2086 1948 3¹).

1438 1962 1703 1998 CCLXXXVll.
1749 1963 1880 1997 Caesar
1913 1970 2036 1997 noster
2070 1976 2151 1998 cum
2182 1963 2342 2008 graviter

1333 2017 1583 2057 decumberet,
1612 2016 1710 2050 venit
1729 2018 1774 2049 ad
1792 2029 1872 2049 eum
1885 2014 2063 2056 Mat-chio,
2084 2016 2207 2050 volens
2222 2015 2340 2061 ipsum

1334 2070 1513 2102 consolari
1546 2069 1731 2115 inquiens:
1776 2068 1935 2101 Domine
1961 2057 2185 2113 Imperator,
2229 2074 2341 2102 estote

1334 2122 1431 2155 bono
1458 2121 1601 2161 animo,
1644 2134 1706 2155 vos
1731 2118 1871 2155 habetis
1896 2121 2026 2155 multas
2051 2121 2215 2162 divitias,
2250 2121 2341 2154 bene

1335 2175 1483 2219 potestis
1506 2186 1634 2218 parare
1656 2174 1910 2207 medicamina.
1967 2173 2168 2218 Respondit
2182 2172 2342 2218 Impera—

1336 2233 1410 2260 tor:
1438 2224 1515 2259 Ach
1540 2238 1611 2259 uon
1635 2233 1685 2260 est
1713 2226 1810 2259 aliud
1836 2227 2039 2259 remedium
2064 2225 2180 2260 nostri
2204 2225 2341 2260 doloris

1334 2282 1418 2316 belm
1435 2279 1562 2315 &ebfitt
1580 2281 1668 2315 vnnb
1688 2277 1866 2325 sdyreiben,
1897 2279 1991 2312 idem
2008 2279 2082 2312 fere
2101 2291 2141 2312 ac
2158 2278 2189 2312 si
2206 2278 2341 2311 diceret

1335 2333 1445 2378 gebfilt
1465 2334 1529 2367 vnb
1547 2333 1723 2377 vngebt'iltf
1754 2339 1787 2365 et
1805 2334 1897 2365 terre
1917 2338 1951 2365 et
1967 2337 2088 2364 tamen
2103 2331 2237 2365 sentire
2261 2342 2340 2363 cru-

1336 2387 1465 2424 ciatus,
1499 2384 1631 2417 sentire
1655 2385 1691 2416 iu
1717 2384 1775 2417 illa
1810 2384 1885 2429 ipsa
1919 2383 2159 2429 temperantia
2186 2388 2339 2416 naturae

1336 2436 1559 2470 aversionem
1579 2443 1630 2470 est
1652 2436 1776 2481 exigua
1798 2436 1985 2481 patientia.

1439 2487 1720 2523 CCLXXXVlll.
1762 2489 1847 2522 Fuit
1881 2488 2029 2535 quidam
2066 2484 2266 2520 monachus
2300 2486 2339 2519 in

1336 2547 1514 2574 conventu
1525 2541 1699 2586 Spirensi,
1717 2540 1834 2588 quiffi)
1853 2540 2103 2586 praedicabat:
2132 2539 2210 2584 Ego
2225 2539 2338 2572 liben-

1369 2643 1417 2674 34)
1440 2645 1512 2667 Haec
1531 2643 1649 2667 historia
1668 2644 1731 2668 orta
1751 2649 1817 2666 esse
1836 2642 1945 2665 videtur
1976 2648 2009 2665 ex
2030 2640 2092 2670 ina.
2121 2645 2191 2672 quae
2217 2641 2251 2664 ab
2281 2640 2338 2664 fle-

1405 2679 1503 2702 rodoto
1527 2679 1544 2704 l.
1561 2679 1604 2702 ΙΙΙ.
1624 2685 1647 2702 c.
1667 2679 1724 2703 114.
1745 2679 1887 2701 narratur.

1368 2722 1417 2750 35)
1436 2722 1544 2750 critici]
1564 2722 1647 2746 Cod.:
1673 2722 1814 2745 eruin-iae:

1368 2765 1415 2797 36)
1436 2766 1498 2796 qui]
1518 2766 1602 2790 Com:
1629 2773 1689 2790 cum
