2389 3037
80 152 156 190 229
749 149 870 184 XCVI.
926 149 1257 185 GRAMMATICA
1296 150 1489 186 LATINA.
2069 159 2144 193 230

81 239 200 268 tradere
228 237 380 274 possimus.
432 237 496 264 Etsi
526 242 594 264 sunt
623 243 652 264 et
676 237 752 264 aliae
777 247 902 275 magnae
926 238 1079 265 literarum
1103 238 1261 273 utilitates,
1299 245 1397 266 tamen
1424 239 1498 266 haec
1523 240 1686 277 praecipue
1711 241 1799 268 bonas
1821 247 1936 270 mentes
1960 243 1995 269 ad
2022 244 2141 271 discen-

78 282 150 310 dum
172 280 299 308 invitare
323 280 421 308 debet.
468 279 521 307 Est
543 288 592 306 res
614 288 725 316 parra,
750 281 858 317 figuras
883 281 1053 315 literarum,
1082 280 1240 316 syllabas,.
1259 290 1364 308 vocum
1384 290 1495 318 genera
1517 288 1547 309 et
1569 292 1652 310 casus
1678 283 1855 319 ostendere3
1889 285 1941 313 sed
1960 285 2034 313 haec
2052 296 2143 323 parva

79 332 128 353 res
159 323 271 351 aditum
302 322 443 360 patefacit
472 322 509 350 ad
541 322 718 359 agnitionem
742 323 809 351 Dei.
869 324 1004 352 Gloriosa
1032 331 1080 349 res
1105 321 1178 351 lulio
1193 324 1218 360 *)
1249 332 1316 351 esse
1348 323 1485 360 ducitur,
1515 325 1592 363 quod
1615 326 1748 354 maximis
1773 327 1920 356 laboribus
1945 329 2021 366 capit
2046 331 2143 366 urbes,

79 367 197 396 dimicat
221 367 251 394 in
275 366 354 401 acie,
377 365 527 393 constituit
551 365 668 403 politias
692 366 721 393 in
746 367 864 394 urbibus
884 366 1010 394 domitis.
1054 365 1116 393 Hos
1138 372 1236 394 tantos
1261 366 1377 394 labores
1399 366 1436 394 ad
1462 376 1551 404 quem
1575 367 1665 396 finem
1689 370 1809 398 tandem
1832 369 1950 399 refert?
1980 377 2012 399 ut
2035 378 2141 408 poten-

79 411 120 439 tia
146 409 278 438 omnibus
307 408 472 436 homiuibus
505 408 683 445 antecellat,
718 418 794 446 quae
824 419 911 447 quam
939 408 1029 435 fuerit
1060 408 1171 436 stabilis
1203 415 1253 437 aut
1277 408 1434 445 diuturna,
1466 410 1563 438 exitus
1587 412 1727 440 ostendit.
1779 415 1815 441 At
1838 414 1933 442 David
1957 423 2004 442 res
2028 415 2140 443 similes

79 453 174 491 gerit,
205 451 383 490 praeliatur,
415 452 494 489 capit
524 451 628 487 urbes,
659 452 809 479 constituit
838 451 969 489 politias:
1006 459 1096 489 quem
1119 451 1156 479 ad
1180 451 1270 479 finem
1281 449 1295 478 ’ἔ
1334 457 1365 479 ut
1389 452 1468 479 domi
1492 454 1634 482 sedentes
1656 464 1764 492 pueros
1787 464 1816 484 et
1841 457 1957 494 puellas
1979 458 2008 484 iu
2032 458 2141 486 Schola

79 496 228 524 discentes
251 494 367 529 literas,
399 500 429 522 et
454 495 613 523 lectionem
635 494 849 531 Prophetarum
874 493 1033 529 defendat,
1063 500 1094 521 ut
1117 495 1276 532 propagari
1300 493 1453 523 Ecclesiae
1476 496 1611 524 doctriua
1635 499 1737 534 possit.
1782 498 1853 527 Ideo
1878 500 2041 537 praecipue
2065 502 2142 538 gerit

77 547 160 566 arma
181 537 294 573 David,
325 544 357 565 ut
387 537 619 575 pulverulentae
642 537 768 565 Scholae
798 537 927 574 parietes
958 542 1049 574 tegat.
1107 537 1145 565 Et
1171 537 1249 565 hunc
1273 537 1317 565 sui
1341 538 1447 566 laboris
1471 538 1561 567 finem
1584 541 1676 567 maius
1700 542 1807 570 bonum
1831 551 1914 579 esse,
1948 552 2033 580 quam
2059 553 2141 572 suam

77 580 242 619 potentiam
271 580 419 618 intelligit.
477 581 550 608 Cum
580 580 668 618 igitur
698 580 770 608 haec
793 580 890 608 studia
912 580 1066 608 literarum
1089 586 1119 608 et
1142 581 1304 618 praecipue
1327 580 1542 610 Grammatices
1566 584 1693 611 maxime
1716 586 1883 613 necessaria
1907 586 1963 613 sint
1989 586 2141 614 Ecclesiae

74 623 151 660 Dei,
181 631 284 651 omnes
313 625 418 651 summi
448 630 538 661 atque
566 623 658 651 infimi
689 628 811 660 propter
834 623 958 661 gloriam
981 623 1037 651 Dei
1061 632 1096 651 ea
1119 624 1250 652 excitare
1273 629 1304 652 et
1327 624 1404 652 tueri
1429 631 1589 662 conentur,
1622 635 1676 654 nec
1700 627 1867 656 dubitemus
1890 628 1954 656 Deo
1978 634 2061 665 grata
2084 630 2140 657 Sa-

78 666 189 696 crificia
212 675 277 695 esse
300 666 352 694 has
375 667 453 704 ipsas
478 675 582 704 operas
606 672 738 701 nostras,
763 667 989 694 monstratioues
1013 666 1183 704 literarum,
1206 667 1349 695 flexiones
1372 677 1492 703 vocum,
1514 668 1676 704 Syntaxes.
1723 670 1789 698 Non
1814 673 1948 708 vitupero
1968 672 2039 699 alias
2062 678 2139 700 artes

78 715 129 738 aut
152 710 230 737 vitae
254 710 379 747 gradus,
408 714 440 736 ut
463 710 541 737 enim
565 718 662 736 sermo
688 718 725 737 ex
750 709 873 737 diversis
896 710 989 737 literis
1014 715 1149 746 constat,
1183 711 1224 738 ita
1245 710 1345 738 multis
1368 711 1479 738 artibus
1505 711 1577 738 haec
1601 711 1751 740 hominum
1776 715 1900 742 societas
1922 715 2060 752 copulata
2083 722 2138 743 est.

77 753 139 781 Sed
162 758 242 780 artes
266 753 393 780 maxime
416 753 597 779 necessarias
622 752 773 780 Ecclesiae
796 753 957 789 plurimum
980 752 1093 780 habere
1118 762 1206 781 verae
1230 753 1396 791 dignitatis,
1428 762 1476 780 res
1499 753 1563 791 ipsa
1587 754 1727 792 loquitur.

208 794 269 823 Oro
292 795 382 832 igitur
404 800 528 832 propter
550 795 663 831 Deum,
695 801 726 822 ut
750 795 801 822 has
825 801 939 823 nostras
964 804 1070 833 operas
1092 796 1160 823 boni
1186 796 1257 829 viri,
1288 796 1316 823 in
1340 796 1528 832 Civitatibus,
1559 798 1606 834 qui
1637 799 1794 827 autoritate
1826 799 1957 836 pollent,
1989 805 2136 837 tueantur,

77 838 221 865 docentes
243 847 301 864 non
324 837 493 875 negligant,
525 838 707 865 iuventutem
731 839 790 866 suis
813 839 995 866 sermonibus
1021 838 1058 865 ad
1081 847 1212 867 amorem
1236 845 1267 866 et
1289 839 1514 867 admirationem
1538 840 1691 868 literarum
1714 841 1924 870 adsuefaciant.
1971 842 2032 871 Etsi
2059 844 2138 871 labor

75 880 105 907 in
129 889 163 909 re
186 889 279 917 parva
301 881 441 917 sumitur,
464 881 493 908 in
517 880 690 918 repetendis
713 886 743 909 et
768 881 949 909 illustrandis
973 882 1170 919 grammaticis
1193 883 1466 919 praeceptionibus,
1498 888 1595 911 tamen
1621 883 1770 913 Ecclesiae
1794 886 1976 913 necessarius
2000 892 2053 914 est.

205 923 276 951 Ideo
299 928 329 951 et
348 923 448 951 Lucae
466 923 560 951 Lossii
583 924 764 952 voluntatem
786 925 887 962 probo.
932 925 972 953 Et
995 934 1061 952 eum
1085 925 1217 953 viderem
1242 926 1376 963 opusculi
1402 925 1544 962 formam,
1569 926 1681 963 placuit
1705 928 1865 956 consilium.
1911 929 1993 957 Utile
2016 936 2061 956 est
2086 938 2138 966 per

75 966 322 1004 interrogationes
345 972 508 1004 praecepta
531 967 688 1003 inculcari,
719 974 750 995 ut
773 977 864 1005 saepe
888 969 1028 1006 comperi.

207 1009 309 1042 Quare
332 1009 409 1037 hunc
433 1009 564 1038 libellum
590 1010 671 1037 bonis
695 1010 762 1038 viris
785 1011 974 1046 commendo,
1004 1011 1053 1048 qui
1077 1011 1234 1048 pueritiam
1260 1011 1416 1042 erudiunt.
1450 1012 1527 1048 ipsos
1551 1013 1639 1039 etiam
1664 1014 1820 1050 adhortor,
1856 1022 1885 1041 ut
1909 1024 1959 1042 sua
1985 1015 2138 1042 eoncordia

77 1058 108 1080 et
131 1057 239 1080 ornent
270 1058 301 1079 et
331 1052 464 1080 muniant
489 1058 618 1080 nostruin
644 1052 794 1089 ordinem,
833 1062 978 1081 memores
1003 1054 1137 1081 versiculi
1170 1052 1336 1093 [Theocrit.
1362 1052 1451 1090 ldyll.
1474 1052 1615 1093 1X,31.]
1654 1055 1772 1090 Τέττιξ
1794 1056 1858 1093 μὲν
1878 1056 2001 1093 τέττιγι
2027 1055 2138 1096 φίλος,

75 1092 228 1132 μύρμακι
259 1091 295 1123 δὲ
323 1092 469 1134 μύρμαξ.
522 1095 584 1132 Ego
613 1095 732 1132 quidem
762 1096 891 1124 fideliter
923 1102 953 1124 et
984 1103 1065 1124 reete
1096 1097 1237 1124 docentes
1261 1097 1499 1134 Grammaticen,
1528 1097 1730 1135 Dialecticen,
1761 1107 1791 1127 et
1816 1100 1964 1128 clementa
1987 1101 2138 1128 doctrinae

76 1137 275 1173 Christianae,
297 1137 394 1165 iudico
418 1138 528 1176 optime
551 1139 661 1166 mereri
684 1138 722 1166 de
746 1139 898 1174 Ecclesia,
925 1145 956 1167 et
978 1145 1117 1176 tanquam
1141 1139 1199 1167 Dei
1223 1140 1369 1168 ministros
1393 1150 1468 1168 amo.
1514 1141 1608 1169 Datae
1633 1143 1842 1181 Vi'itebergae,
1864 1144 1912 1172 die
1935 1142 1984 1173 18.
2004 1145 2138 1181 Augusti.

75 1182 159 1208 Anno
185 1179 278 1210 1544.

205 1223 307 1251 Altera
329 1223 528 1251 Melanthonis
557 1223 680 1260 epistola
711 1222 887 1261 (praefatio)
918 1225 955 1252 ad
979 1225 1090 1253 Lucam
1113 1226 1246 1253 Lossium
1270 1226 1397 1262 Syntaxi
1428 1226 1513 1254 huius
1546 1228 1611 1254 libri
1636 1229 1796 1265 praemissa
1820 1236 1880 1264 est,
1914 1238 1989 1266 quae
2014 1230 2081 1257 item
2107 1230 2134 1256 iu

75 1265 134 1293 illis
158 1266 238 1293 libris
262 1275 320 1293 non
344 1266 510 1302 iuvenitur,
545 1266 655 1294 scilicet
678 1265 804 1293 haecce:

697 1349 881 1390 Philippus
905 1351 1107 1383 Melanthea
1130 1353 1249 1382 Lucae
1271 1352 1391 1382 Lossio
1415 1352 1450 1383 S.
1470 1352 1512 1383 D.

208 1411 272 1440 Etsi
302 1412 360 1439 scio
383 1421 440 1439 non
467 1413 657 1449 brevitatem,
691 1412 745 1440 sed
768 1413 887 1441 modum
910 1415 939 1441 in
963 1416 1131 1453 praeceptis
1156 1415 1333 1442 laudandum
1360 1423 1443 1451 esse,
1480 1421 1579 1443 tamen
1603 1425 1669 1444 cuni
1692 1417 1908 1453 Etymologiam
1936 1422 1963 1443 et
1988 1417 2133 1452 Syntaxin

75 1457 256 1494 scriberem,
285 1455 344 1482 vidi
367 1455 567 1492 prolixitatem
591 1455 772 1493 Brassicaui,
795 1465 884 1494 quem
906 1463 976 1485 tunc
1001 1457 1067 1486 fere
1091 1458 1247 1496 legebant,
1272 1459 1414 1486 remorari
1436 1458 1594 1487 discentes.
1641 1459 1749 1497 Scripsi
1773 1460 1861 1496 igitur
1884 1466 2047 1497 praecepta
2070 1460 2137 1487 bre-

78 1501 175 1536 viora,
205 1504 308 1536 postea
330 1499 405 1527 alius
427 1498 509 1526 aliud
531 1499 653 1529 addidit.
708 1498 747 1526 Et
769 1500 798 1526 in
823 1499 948 1536 Syntaxi
971 1501 1056 1529 nimis
1079 1501 1172 1529 multa
1197 1498 1355 1539 πάρεργα
1375 1508 1575 1530 accesserunt.
1629 1503 1731 1535 Quare
1756 1508 1837 1530 tuum
1861 1503 2013 1530 consilium
2039 1503 2137 1539 probo,

79 1542 158 1581 quod
180 1551 281 1570 rursus
303 1547 465 1580 praecepta
487 1542 564 1570 intra
586 1547 680 1570 metas
705 1543 909 1579 quaestionum
936 1553 1066 1572 revocas.

207 1586 249 1612 Ac
277 1585 465 1613 utilissimum
494 1591 539 1613 est
568 1585 732 1623 pueritiae,
763 1595 908 1615 exercere
939 1595 1004 1615 eam
1034 1596 1089 1625 per
1112 1587 1295 1616 Erotemata.
1350 1588 1426 1616 Nam
1454 1587 1509 1615 hoc
1540 1594 1639 1616 mutuo
1664 1589 1810 1626 colloquio
1834 1589 1979 1617 excitatur
2001 1589 2136 1623 attentio,

79 1636 174 1666 eaque
203 1627 328 1655 docendi
359 1629 434 1656 ratio
463 1628 609 1666 quondam
640 1626 820 1667 κατήχησις
842 1630 961 1668 proprie
986 1631 1150 1659 vocabatur.
1203 1631 1325 1659 Consilii
1348 1631 1399 1658 tibi
1421 1632 1490 1659 satis
1514 1640 1577 1658 esse
1601 1631 1675 1667 scio,
1707 1631 1772 1660 ideo
1793 1636 1905 1659 tantum
1930 1631 2005 1659 addo
2029 1638 2135 1658 votum.

76 1670 174 1698 Deum
204 1676 359 1698 aeternum
388 1676 506 1708 patrem
531 1671 647 1699 Domini
675 1673 767 1700 nostri
797 1671 861 1700 lesu
887 1673 994 1701 Christi
1025 1684 1091 1711 oro,
1121 1681 1153 1702 ut
1183 1674 1280 1702 studia
1304 1674 1435 1702 literaria
1458 1674 1619 1702 iuventutis
1642 1675 1722 1702 iuvet
1746 1680 1774 1702 et
1798 1675 1953 1711 gubernet.
1999 1674 2135 1702 Profecto

78 1713 117 1742 de
139 1713 276 1741 Ecclesia
299 1713 412 1741 utiliter
434 1720 604 1749 merentur,
636 1715 684 1752 qui
709 1715 929 1743 Grammaticen
953 1723 1035 1745 recte
1058 1723 1089 1745 et
1112 1718 1238 1752 docent,
1270 1722 1300 1745 et
1323 1717 1449 1745 discunt.
1494 1717 1577 1745 Beue
1602 1718 1680 1745 vale.
1725 1716 1844 1745 XXVII.
1869 1719 1989 1756 Aprilis.

209 1755 388 1792 Consilium,
419 1756 497 1793 quod
526 1763 626 1784 auctor
655 1758 684 1784 iu
714 1757 768 1785 hoc
799 1759 872 1786 libro
902 1766 1020 1787 secutus
1043 1765 1106 1797 est,
1136 1761 1165 1787 in
1190 1760 1314 1797 epistola
1337 1760 1516 1788 dedicatoria
1540 1760 1577 1788 ad
1602 1760 1816 1797 Hieronymum
1839 1760 2012 1799 Henninges
2036 1761 2136 1789 Luuc-

78 1798 163 1836 burgi
192 1807 219 1827 a.
243 1796 337 1826 1544.
369 1799 465 1835 pridie
495 1808 585 1827 nonas
609 1800 731 1837 Augusti
755 1800 821 1828 data
846 1802 1001 1839 proponit,
1036 1812 1074 1830 ex
1097 1813 1155 1840 qua
1178 1802 1230 1830 hos
1255 1803 1332 1831 locos
1356 1803 1471 1831 referre
1495 1804 1590 1831 iuvat:
1636 1803 1708 1839 „Eu
1732 1803 1841 1839 habes,
1871 1805 2040 1832 suavissime
2066 1804 2135 1831 Hie-

77 1850 220 1878 ronyme,
249 1840 384 1869 libellum
407 1841 610 1870 Erotematum
625 1843 840 1872 Grammatices
855 1844 985 1883 Philippi
1007 1844 1225 1882 Melanthonis,
1255 1846 1372 1874 facilem
1398 1853 1427 1875 et
1451 1847 1591 1883 brevem,
1616 1847 1731 1884 tuisque
1755 1846 1858 1875 studiis
1882 1853 1911 1875 et
1935 1847 2025 1875 aetati
2048 1846 2136 1874 valde

77 1883 272 1912 commodum.
294 1900 338 1905 —
371 1884 447 1912 Nam
471 1894 534 1912 cum
551 1885 749 1914 Grammatica
765 1886 910 1925 Philippi,
942 1888 995 1915 viri
1019 1888 1057 1915 de
1071 1889 1227 1926 Religione
1251 1895 1351 1917 nostra
1373 1889 1535 1918 asserenda
1562 1895 1592 1917 et
1614 1890 1716 1917 studiis
1739 1891 1890 1918 literarum
1915 1890 2003 1927 longe
2027 1890 2136 1927 optime

76 1927 191 1964 meriti,
221 1927 261 1955 ita
290 1927 472 1966 locupletata
501 1928 559 1956 sint
588 1937 604 1955 a
635 1929 799 1957 doctissimo
830 1931 890 1958 viro
914 1931 1016 1959 Iacobo
1040 1931 1178 1968 Micyllo,
1211 1937 1242 1960 ut
1265 1933 1417 1961 commode
1440 1938 1500 1960 tota
1523 1934 1625 1970 pueris
1649 1934 1814 1962 rudioribus
1837 1933 1963 1971 proponi
1986 1943 2042 1960 non
2067 1943 2135 1970 pos-

76 1971 152 2006 sint,
182 1971 299 1998 omuino
324 1971 479 1999 videbatur
502 1971 569 2008 tibi,
593 1972 695 2010 tuique
719 1973 875 2009 similibus,
900 1974 1065 2002 huiusmodi
1086 1975 1184 2013 aliqua
1208 1976 1345 2012 Epitome
1370 1981 1399 2004 et
1424 1974 1545 2014 isagoge
1569 1986 1642 2014 opus
1667 1986 1750 2012 esse,
1773 1986 1861 2014 quam
1885 1985 1922 2003 ex
1946 1976 2004 2003 illis
2028 1976 2135 2003 Gram-

75 2013 187 2041 maticis
219 2013 371 2042 disceretis
402 2014 494 2042 initio.
547 2014 630 2043 Idem
659 2025 723 2043 cum
756 2017 862 2044 multos
896 2018 1058 2055 prudentes
1088 2023 1119 2046 et
1142 2018 1271 2046 eruditos
1298 2020 1371 2046 viros
1395 2028 1510 2047 mecum
1533 2020 1645 2047 sentire
1670 2019 1820 2055 viderem,
1851 2025 1880 2047 et
1904 2019 1932 2046 iu
1958 2026 2054 2047 nostro
2078 2020 2135 2046 iam

73 2055 146 2084 ludo
176 2055 324 2094 literaria,
353 2057 477 2095 aliisque
510 2058 667 2086 vicinarum
700 2060 848 2087 civitatum
873 2060 988 2089 Scholis
1017 2061 1215 2089 eruditissima
1246 2062 1297 2089 illa
1319 2062 1518 2091 Grammatica
1541 2062 1732 2090 traderentur
1754 2063 1916 2099 iuventuti,
1946 2071 1983 2089 ex
2008 2062 2076 2099 ipsis
2101 2071 2136 2089 ea

75 2098 188 2137 selegi,
217 2101 325 2128 autoris
349 2109 493 2128 consensu
517 2107 547 2129 et
570 2095 744 2140 autoritate,
774 2113 849 2141 quae
873 2105 932 2131 visa
957 2110 1024 2132 suut
1048 2104 1165 2132 rudibus
1190 2105 1233 2132 rei
1257 2105 1471 2133 Grammaticos
1495 2106 1623 2133 maxime
1648 2106 1814 2133 necessaria
1838 2114 1922 2141 esse,
1952 2112 1982 2133 ut
2014 2105 2135 2142 coguitis

74 2141 156 2170 bisce
187 2143 375 2179 generalibus
404 2144 588 2182 praeceptis,
616 2150 718 2182 postea
748 2146 786 2173 ad
810 2147 997 2175 traditionem
1029 2145 1097 2175 iusti
1121 2148 1185 2175 libri
1209 2153 1310 2176 essent
1334 2148 1425 2186 magis
1449 2149 1557 2177 idonei.
1587 2164 1630 2169 —
1675 2148 1776 2181 Quare
1801 2157 1855 2176 nec
1878 2148 1953 2176 hanc
1976 2148 2133 2185 Epitomeu

76 2183 193 2212 erudite
223 2185 344 2221 quidem
374 2191 404 2214 et
427 2188 593 2215 necessario
617 2188 816 2225 locupletatae
840 2199 857 2217 a
880 2190 999 2226 Micyllo
1022 2191 1240 2219 Grammaticae
1263 2191 1411 2229 Philippi,
1441 2192 1540 2229 pueris
1562 2191 1767 2230 infrugiferam
1791 2192 1855 2219 fore
1879 2192 2035 2219 arbitratus
2059 2202 2133 2219 sum.

75 2226 257 2255 Nominatim
288 2237 358 2256 vero
389 2229 441 2255 tibi
471 2229 575 2257 dedico
609 2236 638 2258 et
670 2232 769 2269 trado,
800 2233 937 2270 quicquid
969 2233 1036 2260 mibi
1068 2234 1137 2261 iuris
1166 2239 1197 2262 et
1226 2234 1347 2262 dominii
1377 2235 1405 2261 in
1436 2235 1489 2262 boc
1514 2235 1614 2262 libello
1639 2235 1782 2263 concedet
1806 2240 1982 2272 praeceptor
2005 2236 2134 2263 omnium

75 2274 210 2297 nostrum
232 2269 396 2309 Philippus.
442 2271 549 2310 Neque
573 2273 651 2301 enim
675 2273 782 2312 aliquid
808 2275 877 2303 mibi
901 2276 945 2303 bie
969 2285 1109 2313 arrogare
1133 2277 1180 2305 vel
1205 2286 1322 2305 sumere
1347 2283 1397 2305 aut
1420 2278 1514 2305 debeo
1537 2284 1587 2306 aut
1611 2279 1687 2306 volo.
1733 2278 1818 2306 Meus
1843 2284 1955 2306 tantum
1978 2278 2131 2313 exarandi,

75 2317 107 2340 et
122 2312 201 2340 intra
219 2311 271 2341 has
289 2313 490 2342 Erotematum
514 2322 608 2344 metas
630 2318 788 2346 revocandi
811 2318 903 2347 fusius
926 2319 1048 2356 tradita,
1074 2320 1154 2348 labor
1176 2320 1243 2349 suit.
1289 2320 1442 2358 Nusquam
1465 2330 1483 2347 a
1503 2321 1598 2349 verbis
1621 2322 1731 2349 autoris
1755 2321 1891 2357 discessi,
1915 2321 1986 2348 nibil
2013 2331 2132 2358 usquam

76 2360 304 2394 commutatum,
333 2356 371 2384 de
401 2367 466 2385 meo
490 2358 584 2386 adieci
604 2358 671 2388 fere
694 2361 788 2397 nihil,
819 2362 873 2390 nisi
896 2359 1103 2400 Paradigmata
1125 2372 1176 2391 seu
1202 2363 1371 2392 declinandi
1395 2363 1536 2392 formulas
1560 2374 1599 2392 ex
1621 2365 1737 2393 Donato
1761 2365 1941 2402 desumptas.
1994 2362 2131 2401 Philippo

75 2398 162 2435 igitur
186 2404 286 2469 nlostro
307 2398 412 2428 feretis
433 2407 606 2455 acceptum,
629 2412 686 2430 non
711 2404 797 2441 mihi,
821 2406 957 2443 quicquid
982 2406 1154 2434 eruditionis
1175 2406 1214 2434 ad
1238 2413 1267 2435 te
1290 2407 1339 2435 vel
1362 2407 1399 2435 ad
1423 2407 1494 2435 alios
1519 2417 1625 2445 pueros
1650 2408 1757 2436 redibit
1780 2417 1817 2436 ex
1841 2407 1895 2435 hoc
1915 2407 2033 2443 libello,
2056 2407 2133 2444 quod

75 2446 157 2468 certe
180 2451 199 2479 p
215 2451 339 2470 urimum
363 2443 429 2471 erit.
481 2450 537 2473 etc.

421 2502 485 2529 Alia
508 2501 592 2530 huius
614 2503 679 2531 libri
702 2503 756 2532 Ed.
780 2506 820 2533 sic
844 2514 887 2535 est
911 2509 1065 2546 inscripta:

206 2557 437 2590 Grammatica
462 2560 623 2600 Philippi
646 2562 891 2605 Melanthom's,
924 2568 970 2597 ud
1000 2577 1095 2598 usum
1123 2577 1306 2608 puerorum
1335 2569 1371 2598 in
1392 2566 1507 2599 breves
1533 2572 1821 2611 interrogationes
1845 2577 2038 2607 contracta,
2065 2581 2129 2610 per

250 2601 380 2632 Lucam
404 2604 560 2634 Lossium
585 2604 892 2645 Luneburgensem.
947 2609 990 2640 Et
1022 2613 1089 2640 iam
1119 2611 1227 2641 denuo
1259 2611 1443 2650 diligenter
1476 2611 1519 2642 ab
1549 2614 1661 2644 eodem
1686 2617 1875 2653 recognita.
1921 2613 1999 2643 Cum
2026 2612 2129 2643 Prae-

243 2645 386 2683 fatione
407 2646 539 2687 Philip.-
562 2647 695 2678 Melan:
720 2650 916 2683 Erotemam
933 2653 1189 2685 Grammaticae.
1215 2671 1255 2677 ——
1286 2655 1336 2694 (ln
1356 2655 1447 2693 tinet)
1477 2654 1703 2697 Wilebergae.
1750 2658 1812 2688 Ex
1837 2654 1985 2697 officina
2008 2657 2126 2687 litera-

113 2786 141 2816 ·)
162 2788 178 2812 i.
200 2795 223 2814 e.
244 2789 311 2814 lulio
332 2791 460 2816 Caesari.

1601 2836 1679 2871 15*
