2421 3037
290 139 366 175 263

343 223 409 257 Hic
425 223 571 257 bombix
585 250 592 262 ‚

344 274 400 309 hic
422 276 546 310 sandix
559 301 566 312 ‚

664 221 720 254 hic
738 221 838 253 varix

665 271 721 305 hic
741 273 879 317 spadix.

946 221 1134 255 Horatius:
1163 220 1293 266 Varich

988 273 1137 307 succiso.

714 341 860 384 Excipe:

344 403 429 436 llaec
449 402 587 443 cervix,
614 400 701 435 haec
723 401 868 446 perdix,
897 400 985 436 haec
1003 403 1113 443 lodix,

341 454 429 488 haec
446 454 589 494 cornix,
615 451 704 487 haec
720 454 828 494 salix,
856 452 944 488 haec
962 455 1077 495 radix,
1106 453 1192 488 haec
1208 455 1293 489 filix.

379 522 422 558 ll.
450 523 679 569 Polysyllaba
700 524 897 557 foeminina
916 531 1018 565 sunt,
1045 531 1086 558 ut

342 575 429 610 haec
449 576 613 616 cicatrix,
644 573 730 610 haec
748 576 940 617 coxendix,
968 575 1055 610 haec
1074 576 1266 622 appendix.

592 644 649 679 Sic
668 651 701 678 et
721 645 990 691 monosyllaba:

449 695 534 730 baec
551 697 639 730 strix
651 724 659 737 ,
818 695 905 730 baec
923 697 995 731 nix.

609 766 687 801 OX.

396 825 434 859 ln
453 839 515 867 ox,
545 834 583 861 ut
601 840 689 864 nox;

291 878 375 911 nina
398 885 493 913 sunt.

499 947 566 981 BS.
752 947 821 982 NS.
1015 947 1086 982 Rs.

394 1006 497 1052 Quae
517 1007 655 1040 duabus
672 1008 954 1041 consonantibus
973 1007 1124 1047 finiunt,
1153 1008 1293 1051 generis

290 1058 480 1091 foeminini
498 1064 581 1092 sunt
593 1085 601 1098 ,

394 1108 482 1144 haec
500 1122 577 1151 ars,
605 1108 693 1144 haec
712 1111 806 1151 calx,
836 1109 923 1145 haec
938 1124 1051 1152 mens,
1079 1109 1167 1145 haec
1182 1111 1292 1156 plebs.

904 767 981 801 UX.

735 840 800 867 ux,
837 834 873 860 ut
898 840 991 866 nux,
1028 828 1130 867 saux,
1167 827 1293 860 foemi-

291 1171 437 1205 Veteres
454 1177 488 1205 et
505 1169 593 1206 haec
609 1172 730 1216 plebes
747 1172 922 1217 singulari
935 1185 1089 1206 numero
1115 1174 1292 1208 «licebant.

341 1221 430 1257 haec
447 1236 543 1264 sors,
598 1222 685 1257 haec
702 1236 820 1263 mors,
876 1222 964 1258 haec
985 1226 1085 1269 glans

340 1273 430 1309 haec
448 1276 565 1316 trabs,
674 1275 818 1310 Veteres
838 1277 969 1311 trahes.

342 1326 428 1361 haec
446 1328 537 1372 puls.

574 1389 706 1434 Excipe
734 1391 952 1428 masculina,
981 1398 1020 1424 ut
1320 1411 1322 1438 ξ

911 1449 968 1484 hic
991 1453 1071 1486 fons

908 1502 1107 1537 Vulnificus
1123 1516 1214 1548 seps.

343 1449 399 1483 hic
426 1463 530 1484 mons

341 1499 400 1535 hic
419 1503 506 1536 dens

637 1448 694 1483 hic
712 1463 804 1495 pons

636 1500 693 1536 hic
711 1515 809 1547 seps,

394 1562 513 1596 Dubia
536 1569 639 1603 sunt,
667 1564 787 1602 frons,
815 1564 958 1604 scrobs,
987 1564 1115 1609 stirps,
1151 1566 1211 1599 sed
1235 1577 1292 1609 ge-

291 1627 375 1648 nere
394 1615 593 1648 foeminino
610 1615 774 1649 usitatius
794 1615 1004 1650 efferuntur.
1320 1608 1321 1613 ¹

578 1681 734 1730 Chalybs
757 1684 1007 1719 masculinum.

291 1746 410 1790 Adeps
431 1745 578 1779 ‹lubiuiu
593 1772 601 1785 ,
630 1746 691 1778 sed
709 1745 905 1779 masculine
923 1746 996 1778 sere
1014 1745 1173 1780 effertur.

392 1796 548 1842 Forceps
566 1796 817 1831 masculinum.

394 1848 579 1882 Adiectiva
628 1861 667 1882 ex
713 1849 844 1893 regulis
888 1850 1116 1893 generalibus
1163 1863 1294 1896 cogno·
1321 1861 1323 1884 ὲ

292 1907 450 1936 scuntur.

447 1952 540 1986 Sons
698 1951 880 1998 lusonsffl)

449 2004 657 2049 Municeps,
699 2004 881 2045 Concors,
920 2005 1078 2040 Discors.

677 2082 709 2116 N
729 2095 750 2115 u
769 2096 801 2114 m
822 2095 839 2115 e
857 2095 874 2115 r
892 2082 914 2116 i.

449 2143 668 2187 Singularis,
705 2150 744 2177 ut
771 2140 829 2176 hic
855 2142 998 2177 Caesar.

448 2195 603 2229 Pluralis
705 2201 743 2228 ut
772 2192 808 2228 hi
839 2195 1022 2230 Caesares.

397 2257 520 2302 Neque
544 2256 598 2289 vel
617 2256 731 2294 ratio,
761 2255 815 2288 vel
834 2268 917 2289 usus
943 2262 1057 2296 vetat,
1088 2263 1122 2290 et
1147 2259 1293 2302 propria
1322 2283 1324 2316 ἱ

293 2309 439 2341 nomina
460 2307 647 2353 pluraliter
663 2308 802 2347 efferri,
831 2315 870 2341 ut
889 2305 924 2341 hi
944 2305 1105 2352 Philippi
1119 2308 1176 2355 ⁰⁵).
1322 2318 1323 2346 Ξ

688 2384 895 2429 Figurae.
1321 2405 1324 2464 ἴ

395 2446 573 2491 Simplex,
602 2452 640 2479 ut
657 2453 771 2491 aptus.
827 2445 1056 2490 Composita,
1085 2452 1123 2479 ut
1141 2445 1295 2491 ineptus.
1320 2468 1324 2538 1

327 2565 375 2597 64)
394 2563 509 2596 lnsous]
531 2565 571 2588 sic
591 2566 666 2588 recte
682 2566 763 2588 Editt.
783 2565 874 2588 1546.,
896 2571 918 2587 s.
936 2570 980 2594 a.;
1008 2564 1089 2588 Editt.
1110 2565 1196 2592 1526..
1219 2565 1293 2591 1529.
1321 2539 1324 2575 i

365 2601 464 2625 Pisons
1322 2615 1323 2619 ,

328 2646 377 2673 65)
394 2644 490 2674 Neque
510 2643 553 2666 vel
576 2655 602 2659 —-
627 2643 768 2672 Philippi]
793 2649 841 2672 pro
861 2643 919 2666 liis.
949 2642 1032 2666 Edltt.
1050 2643 1143 2673 1546„
1163 2650 1185 2668 S.
1200 2649 1217 2667 a
1245 2644 1295 2666 ha-

364 2681 441 2703 bent:
471 2678 584 2708 Quidam
612 2677 752 2700 subtiliter
777 2678 936 2708 disputant,
972 2678 1083 2707 propria
1111 2677 1223 2702 uomina
1247 2683 1296 2701 ca—

365 2720 428 2738 rere
447 2713 549 2743 plurali
569 2718 698 2739 numero,
718 2712 780 2742 quia
795 2719 861 2736 vere
876 2711 1016 2741 proprium
1037 2718 1134 2736 nomen
1154 2713 1221 2736 illud
1241 2713 1295 2742 est,

365 2749 435 2779 quod
457 2754 509 2771 nou
529 2747 668 2776 significat
688 2747 789 2771 inultos
851 2746 904 2770 Sed
932 2753 999 2770 usus
1025 2747 1120 2770 tribuit
1139 2748 1180 2771 eis
1201 2748 1295 2777 plura-

366 2786 419 2807 lem
440 2789 597 2808 numerum,
626 2784 654 2805 ut
675 2782 762 2805 Fabii.

877 134 1001 169 PHIL.
1036 135 1150 169 MEL.
1188 133 1394 169 SCRIPTA
1426 130 1770 169 PHILOLOGICA.

2277 139 2353 174 264

1452 218 1518 251 Hic
1538 220 1786 254 observandae
1809 227 1893 254 sunt
1921 221 2207 257 adolescentibus
2232 223 2352 257 litera-

1349 283 1428 304 rum
1457 271 1696 312 mutationes,
1726 279 1765 306 ut
1790 273 1947 312 amicus,
1984 273 2163 307 inimicus.
2216 274 2352 309 Verum

1349 323 1386 355 in
1404 322 1522 356 verbis
1546 324 1769 369 frequentius
1796 331 1983 358 mutantur
2006 325 2151 365 literae,
2181 338 2289 371 quam
2314 327 2353 360 in

1348 375 1571 408 nominibus.

1453 425 1708 471 Decomposita
1740 426 1989 471 quidain'esse
2015 428 2185 461 dixerunt
2202 429 2352 462 nomina

1349 489 1367 510 a
1400 478 1519 512 verbis
1545 478 1755 523 compositis
1785 486 1888 519 nata,
1932 479 2240 524 ut'experientia,
2282 481 2353 515 suf-

1347 530 1514 574 fragium.

1723 590 1865 625 Casus
1893 603 1980 625 sex.

1451 650 1560 685 Nom
1573 651 1616 683 in
1629 651 1798 692 ativus‚
1827 652 1946 696 prima
1964 664 2034 685 vox
2051 658 2115 692 est,
2145 664 2214 698 qua
2235 652 2353 685 nomi-

1348 714 1477 736 namus
1498 715 1587 737 rem.

1452 754 1721 795 Genitivus‚
1764 767 1839 788 non
1864 756 1961 801 quod
1989 766 2089 789 casus
2111 754 2254 800 gignat,
2291 756 2353 790 sed

1349 807 1446 852 quod
1475 818 1517 839 eo
1541 813 1687 840 utamur
1715 807 1948 852 interrogati,
1992 807 2091 841 cuius
2117 807 2174 841 vel
2204 807 2353 852 originis

1348 859 1404 892 vel
1420 858 1634 903 possessoris
1651 871 1707 892 res
1721 860 1786 899 sit,
1814 866 1854 892 ut
1869 859 1969 893 cuius
1988 865 2040 893 est
2052 858 2169 893 liber?
2210 858 2353 893 Cicero-

1347 911 1415 945 nis.
1464 909 1574 944 Cuius
1591 917 1643 944 est
1661 911 1754 945 filius
1769 910 1985 945 Africanus?
2021 910 2129 945 Pauli
2143 910 2302 946 Aemilii.

1452 961 1513 995 Da
1527 963 1668 1003 tivus,
1698 964 1796 1009 quod
1813 975 1854 996 eo
1872 969 2019 997 utamur
2038 963 2270 997 attribuendo
2289 962 2353 997 ali-

1320 1051 1321 1056 *
1349 1014 1436 1060 quid
1454 1014 1624 1059 cuipiam.

1450 1066 1774 1107 Accusatiwls,
1798 1079 1870 1112 quo
1888 1066 2037 1107 utimur,
2059 1079 2140 1100 cum
2158 1078 2351 1111 personam

1348 1125 1410 1152 aut
1427 1131 1502 1151 rem
1511 1118 1558 1164 66)
1577 1119 1687 1152 verbo
1707 1118 1934 1158 subiicimus‚
1963 1124 2022 1162 ut,
2049 1119 2127 1163 lego
2147 1117 2352 1163 Virgilium.

1451 1170 1483 1202 V
1494 1184 1513 1204 o
1525 1183 1570 1203 ca
1580 1171 1612 1203 ti
1623 1184 1644 1202 v
1656 1184 1677 1204 u
1688 1184 1703 1204 s
1714 1198 1722 1210 ,
1752 1183 1824 1216 quo
1843 1182 2027 1206 vocamus-

1450 1223 1564 1256 Abla
1576 1229 1589 1255 t
1600 1223 1609 1255 i
1621 1235 1697 1256 vus
1710 1249 1719 1262 ,
1757 1235 1828 1268 quo
1849 1221 1987 1256 utimur
1999 1248 2008 1263 ,
2037 1234 2116 1255 curn
2138 1221 2273 1255 auferri
2289 1221 2353 1254 ali-

1347 1273 1435 1319 quid
1452 1275 1706 1320 significamus.
1760 1273 1896 1320 Estque
1913 1272 1970 1307 hic
1990 1286 2091 1308 casus
2105 1272 2245 1308 Latinis
2269 1285 2352 1318 pro-

1348 1326 1459 1370 prius.
1514 1327 1642 1360 Graeci
1663 1327 1758 1359 enim
1779 1325 1956 1360 ablativos
1972 1338 2047 1359 non
2068 1323 2214 1360 habent.
2266 1324 2351 1358 Ideo

1348 1378 1584 1412 Grammatici
1602 1391 1839 1424 nonunquam
1852 1377 2024 1412 Latinum
2044 1390 2164 1412 casum
2183 1383 2325 1411 vocant.

1632 1462 2073 1488 DECL1NA'1’10NES

1712 1513 1796 1541 sunt
1818 1507 1991 1553 quinque.

1744 1577 1782 1617 P
1798 1589 1819 1616 r
1836 1577 1850 1617 i
1866 1588 1903 1615 m
1918 1588 1957 1618 a.

1453 1644 1715 1690 Complectitur
1731 1650 1889 1690 quatuor
1911 1642 2205 1684 terminationes,
2233 1656 2251 1677 a
2264 1671 2273 1685 ‚
2302 1657 2352 1685 as,

1348 1709 1402 1737 es,
1431 1709 1462 1731 e.
1505 1697 1622 1730 Porro
1640 1696 1780 1730 Graeca
1798 1702 1882 1730 sunt
1898 1695 2019 1728 omnia
2032 1722 2042 1736 ‚
2071 1708 2163 1742 quae
2181 1708 2218 1730 as
2237 1702 2299 1730 aut
2315 1708 2352 1731 es

1348 1755 1410 1783 aut
1429 1762 1446 1782 e
1465 1749 1614 1789 finiunt,
1642 1761 1717 1782 non
1738 1747 1889 1788 Latina,
1918 1754 2127 1794 veteresque
2146 1748 2268 1781 omnia
2287 1760 2352 1793 per

1321 1794 1322 1846 J
1349 1814 1366 1834 a
1388 1801 1597 1842 efferebant,
1626 1801 1865 1847 dicebantque
1884 1812 1952 1845 pro
1967 1797 2154 1841 Anchises,
2182 1797 2352 1835 Anchisa.

1701 1869 1731 1902 P
1741 1881 1757 1901 a
1768 1881 1813 1902 ra
1827 1870 1847 1901 d
1859 1869 1869 1901 i
1880 1881 1901 1913 g
1912 1882 1945 1901 m
1959 1882 1990 1904 a.

1724 1929 1974 1973 Singulariter.

1661 1981 1748 2015 haec
1766 1981 1869 2015 Musa

1662 2032 1767 2068 huius
1791 2033 1916 2067 Musae

1661 2084 1743 2119 huic
1768 2085 1892 2119 Musae

1663 2136 1755 2171 hanc
1780 2137 1923 2171 Musam

1663 2203 1683 2223 o
1707 2188 1810 2223 Musa

1660 2242 1704 2275 ab
1726 2239 1794 2274 hac
1813 2241 1928 2275 Musa.

1718 2302 1926 2335 Pluraliter.

1660 2353 1727 2388 hae
1755 2354 1879 2388 Musae

1663 2405 1791 2440 harum
1818 2405 2004 2440 Musarum

1661 2457 1715 2492 his
1741 2458 1854 2492 Musis

1662 2509 1725 2545 has
1750 2510 1872 2544 Musas

1664 2576 1684 2596 o
1706 2561 1891 2607 Musaeffl)

1662 2616 1706 2648 ab
1731 2613 1786 2648 liis
1808 2612 1932 2647 Musis.

1383 2700 1434 2728 66)
1454 2702 1500 2723 aut
1520 2700 1593 2728 rem]
1614 2698 1655 2722 sic
1674 2698 1757 2722 Editt.
1777 2697 1868 2722 ¹546..
1890 2703 1912 2719 s.
1932 2700 1976 2724 a.;
2003 2695 2037 2718 ab
2056 2693 2140 2718 Editt.
2155 2693 2251 2725 1526.‚
2273 2690 2345 2716 1529.

1418 2735 1485 2759 haec
1502 2735 1611 2758 absunt.

1383 2778 1432 2806 67)
1454 2778 1503 2802 llic
1521 2779 1621 2802 Vocat.
1643 2778 1712 2807 plur.
1733 2778 1766 2800 al»
1791 2775 1874 2800 Editt.
1892 2773 1984 2801 1526..
2007 2773 2080 2797 1529.
2104 2774 2192 2797 abest.
