2453 3037
303 131 375 162 183

889 125 1012 161 PHIL.
1050 126 1163 162 MEL.
1197 127 1399 161 SCRIPTA
1433 128 1774 166 PHILOLOGICA.

2283 132 2355 167 184

430 214 476 242 Ex
500 214 551 242 illa
575 213 770 250 descriptione
794 212 986 249 intelligitur,
1009 211 1083 240 hanc
1106 209 1359 242 Institutionem
1380 214 1563 253 puerilem,
1588 217 1699 244 duabus
1722 217 1824 254 primis
1848 218 1962 254 paginis
1986 218 2136 255 exceptis,
2159 227 2217 246 non
2235 216 2355 248 Gram-

300 257 475 293 maticam,
498 257 550 284 sed
568 252 865 285 Chrestomathiam
891 256 1060 289 continere,
1084 265 1169 293 quam
1194 255 1222 285 h.
1238 256 1257 283 l.
1282 257 1321 284 ita
1345 258 1541 286 recudendam
1568 260 1690 295 curabo,
1714 266 1744 287 ut
1768 260 1845 287 locos
1862 269 1878 287 e
1894 253 1976 287 Novo
1994 261 2185 289 Testamento
2200 261 2354 300 poetisque

302 300 423 329 Graecis
449 300 585 327 collectos
609 305 721 326 tantum
746 298 918 325 brevissime
941 298 1085 335 indicem,
1115 300 1178 336 ipso
1203 304 1286 327 textu
1311 309 1415 337 graeco
1439 302 1559 338 omisso,
1590 307 1687 330 cetera
1713 311 1782 330 vero
1806 303 1920 341 integra
1945 302 2110 331 exhibeam.

566 526 937 564 INSTITUTIO
971 528 1263 565 PUERILIS
1298 527 1664 564 LITERARUM
1701 528 2089 565 GRAECARUM

886 598 1112 627 PHILiPro
1144 598 1489 628 MELANTHONE
1523 598 1763 627 AUCTORE.

547 691 736 725 Literae
766 692 1047 727 Graecorum

677 750 759 777 sunt
787 742 926 778 XXIIII.

374 801 1301 850 Αβγδεζηθικλμνξοπρστ

297 869 321 891 υ
350 868 378 903 φ
404 868 427 899 χ
455 864 486 900 ψ
515 867 556 889 ω.
610 854 748 888 Harum
769 856 947 900 quaedam
966 855 1172 888 discrimina
1191 855 1299 888 etiam

298 907 419 952 pueris
446 906 566 940 statim
597 907 815 940 ostendenda
841 913 941 947 sunt,
970 913 1009 940 ut
1033 908 1129 953 quod
1148 906 1300 941 Vocales

299 959 390 992 aliae
408 957 498 997 sint,
524 958 613 991 aliae
633 958 892 991 Consonantes.

401 1009 551 1042 Vocales
581 1022 604 1043 α
628 1021 643 1043 ε
671 1022 680 1043 ι
712 1024 730 1054 η
761 1022 780 1044 ο
809 1022 829 1043 υ
859 1022 899 1043 ω.

402 1060 577 1106 Reliquae
596 1059 703 1094 XVII.
724 1060 985 1094 Consonantes.

401 1111 489 1145 Item
526 1112 712 1144 Vocalium
753 1112 958 1146 discrimina
997 1119 1031 1145 et
1066 1112 1299 1157 cognationes

298 1176 371 1197 nou
397 1170 479 1197 sunt
505 1164 749 1207 negligendae.

298 1223 355 1249 tur
379 1215 416 1248 in
440 1229 461 1260 η
488 1227 518 1249 ω
536 1216 672 1259 longas.
726 1215 929 1259 Ancipites,
965 1228 988 1249 α
1013 1222 1174 1249 mutatur
1198 1216 1235 1248 in
1264 1230 1298 1261 η.

296 1280 308 1301 ι
332 1280 356 1302 υ
375 1280 449 1300 non
474 1273 671 1300 mutantur.

401 1331 423 1352 α
459 1318 564 1350 etiam
600 1317 848 1362 cognationem
890 1315 997 1351 habet
1029 1331 1108 1351 cum
1142 1331 1172 1353 ω
1203 1325 1238 1352 et
1271 1332 1298 1360 ε,

295 1372 435 1416 πρᾶτος
459 1371 625 1415 πρῶτος,
660 1367 756 1407 λαιός
779 1368 877 1408 λεώς.

399 1421 501 1466 Quae
533 1421 615 1466 quia
650 1421 769 1465 pueris
801 1420 992 1454 insolentia
1026 1428 1060 1454 et
1082 1434 1177 1454 nova
1203 1428 1297 1462 sunt,

295 1485 369 1506 non
397 1473 490 1505 male
515 1473 637 1505 fecerit
663 1472 855 1515 Magister,
883 1472 912 1505 si
940 1473 1101 1506 docuerit
1125 1485 1230 1511 sane,
1258 1479 1298 1505 ut

296 1524 418 1564 aiunt,
462 1522 692 1571 σαφέστερον
724 1521 787 1557 καὶ
819 1521 1101 1569 ἀμαθέστερον,
1145 1525 1201 1557 vel
1232 1536 1296 1557 no-
1323 1536 1324 1569 ᾗ

295 1582 390 1610 strae
422 1575 565 1619 linguae
604 1575 804 1608 vernaculis
837 1575 1028 1620 exemplis,
1066 1574 1125 1608 Ich
1155 1573 1296 1620 sprach,

294 1625 355 1661 Ich
374 1628 447 1667 las,
475 1625 678 1671 Sprechen,
706 1626 842 1666 Lesen,
866 1624 927 1660 Ich
950 1625 1090 1671 sprich,
1119 1627 1192 1661 Lis.

398 1678 731 1713 Demonstrandum
751 1679 857 1711 etiam
877 1678 996 1723 pueris
1015 1686 1076 1719 est,
1102 1692 1173 1725 quo
1190 1685 1295 1724 pacto
1322 1691 1324 1719 ’ς

1199 1731 1296 1776 Qua-

296 1731 436 1764 vocales
455 1737 602 1771 coeant,
631 1744 671 1763 ac
696 1728 913 1775 diphthongi
932 1731 1144 1765 efficiantur.

295 1795 374 1816 rum
393 1783 565 1827 propriae
583 1795 645 1816 seu
662 1782 844 1816 naturales
864 1788 947 1816 sunt
964 1782 1042 1816 Sex.

399 1847 437 1869 αι
466 1847 514 1869 av
543 1847 570 1869 ει
601 1847 640 1869 ευ
667 1847 699 1869 οι
728 1847 784 1869 ov.

398 1884 624 1930 Impropriae
652 1886 735 1918 item
765 1886 842 1919 Sex.

399 1950 423 1983 ᾳ
456 1951 478 1983 ῃ
513 1951 543 1984 ῳ
580 1950 627 1983 ῃυ
664 1949 718 1972 ωυ
753 1949 802 1971 υι.

296 1995 330 2022 et
348 1988 680 2022 Grammaticorum
709 1995 974 2028 commentum,
1003 1994 1146 2033 praeter
1168 1989 1296 2021 sortas-

296 2053 342 2074 sis
366 2053 416 2075 υι.

402 2091 689 2125 Consonantium
729 2091 950 2125 differentias
990 2092 1121 2125 multas
1159 2091 1297 2124 faciunt

296 2143 544 2177 Grammatici.

296 2247 460 2282 affinitas.

602 2315 725 2349 Mutae
751 2322 833 2349 sunt
858 2328 987 2349 novem

400 2375 489 2408 Tres
515 2382 638 2410 tenues
666 2389 689 2411 κ
716 2389 742 2410 π
766 2389 800 2410 τ.

400 2426 489 2460 Tres
516 2427 655 2460 mediae
682 2441 707 2476 y
734 2427 762 2473 β
790 2425 825 2462 δ’.

400 2477 490 2511 Tres
516 2491 661 2522 asperae
688 2492 712 2523 χ
741 2492 769 2525 φ
798 2480 839 2513 θ.

296 2529 432 2563 Harum
451 2530 611 2563 omnium
636 2533 756 2575 quoad
782 2530 856 2563 sieri
882 2536 997 2574 potest
1024 2536 1182 2562 exactam
1210 2541 1292 2574 pro-

294 2581 559 2615 nuntiationem
592 2582 733 2614 docebit
769 2594 898 2626 pueros
938 2588 1169 2626 praeceptor,
1218 2593 1293 2614 non

294 2633 577 2677 superstitiosam
598 2640 739 2673 tamen,
767 2635 827 2667 sed
850 2646 958 2679 quam
977 2635 1131 2666 maxime
1157 2633 1292 2677 simpli-

295 2695 382 2718 cem.
437 2684 488 2718 lta
504 2686 579 2726 fiet,
607 2692 658 2725 ut,
678 2686 773 2731 quod
792 2686 835 2717 de
853 2686 1056 2718 veneranda
1077 2685 1291 2730 antiquitate

295 2742 346 2769 est
369 2737 547 2783 reliquum
564 2765 572 2778 ,
599 2749 693 2771 nova
720 2737 886 2770 barbarie
912 2749 986 2770 non
1012 2736 1292 2777 contaminetur,

806 1164 913 1208 Quod
940 1165 1065 1197 breves
1086 1178 1100 1198 ε
1119 1179 1137 1199 υ
1157 1171 1297 1198 muten-
1324 1191 1325 1212 ἶ

1324 1223 1325 1230 ¹
1352 1215 1478 1253 posclt.

1324 1312 1325 1332 l
1352 1313 1469 1345 vimus
1487 1311 1605 1345 adiici.

1324 1379 1325 1402 ξ
1352 1363 1548 1397 monstrari
1564 1363 1708 1396 interim
1728 1364 1812 1396 dum
1832 1363 1984 1396 lectione
2003 1369 2213 1396 exercentur
2236 1362 2352 1406 pueri,

1322 1811 1324 1823 ⁴
1350 1776 1457 1810 simul
1475 1782 1581 1821 atque
1608 1776 1867 1809 confirmanda.

1321 1825 1324 1858 <Ῐ
1350 1828 1568 1872 Praeceptor
1586 1827 1743 1867 cavebit,
1772 1839 1816 1860 ne
1835 1827 1921 1873 quid
1939 1827 2084 1860 foedum
2106 1832 2167 1859 aut
2186 1826 2349 1869 ineptum

1322 1899 1324 1906 ν
1351 1879 1490 1924 pueris,
1529 1880 1623 1913 unde
1654 1879 1844 1912 lectionem
1873 1878 2121 1923 auspicentur,
2154 1882 2349 1922 proponat,

880 1937 981 1982 Quae
1013 1936 1174 1969 sactIciae
1213 1942 1324 1970 sunti

599 2143 708 2177 Pueri
727 2144 865 2178 discant
881 2144 1039 2184 illarum,
1063 2155 1153 2189 quae
1173 2143 1295 2175 Mutae
1322 2162 1323 2168 κ

296 2195 544 2239 appellantur,
572 2196 753 2229 diversam
770 2196 841 2228 vim
856 2223 865 2235 ,
893 2202 927 2228 et
947 2208 1038 2241 quae
1060 2196 1105 2229 sit
1122 2195 1215 2228 inter
1231 2192 1296 2228 has
1322 2189 1324 2223 ’ν

1356 699 1390 725 et
1406 691 1473 726 hoc
1489 693 1608 725 studio
1628 699 1752 726 nostro
1774 692 1895 738 aliquo
1914 700 2005 726 certe
2022 705 2134 739 usque
2153 705 2173 726 a
2188 693 2354 728 sordibus

1354 744 1498 788 linguae
1517 751 1771 788 expurgentur.

1458 795 1643 828 Mutaruin
1676 795 1713 827 in
1743 808 1778 829 se
1811 796 2041 830 transitiones
2069 798 2113 829 ad
2139 796 2354 830 affinitatem

1354 847 1555 891 pertinent,
1592 854 1626 880 et
1647 847 1795 879 minime
1819 854 1902 880 sunt
1925 848 2170 892 negligendae.
2224 847 2353 882 Exem-

1353 898 1410 943 pla
1428 898 1560 943 passim
1579 898 1683 931 obvia
1702 905 1794 932 sunt.
1850 897 1998 932 Interim
2015 907 2140 934 nostro
2157 897 2352 933 vernaculo

1353 950 1546 990 indicabit,
1575 948 1790 991 Schreiben‚
1819 948 1967 985 schrifft.
2009 951 2049 998 β.
2079 965 2120 999 ῳ.

1457 1002 1560 1034 Talia
1582 1002 1772 1048 quaepiam
1792 1003 1834 1035 de
1850 1002 1962 1036 literis
1979 1003 2100 1048 pueris
2116 1003 2271 1042 tradere,
2298 1008 2353 1035 sat

1351 1053 1479 1094 fuerit,
1508 1066 1624 1099 neque
1644 1054 1739 1087 enim
1756 1060 1827 1086 tam
1848 1053 1978 1099 τέχνης
1998 1052 2172 1094 ἐπίδειξιν
2197 1053 2354 1088 studebit

1351 1106 1467 1138 facere
1504 1118 1611 1139 sanus
1647 1106 1894 1150 paedagogus,
1941 1118 2050 1151 quam
2079 1107 2186 1140 rudes
2220 1117 2352 1150 pueros

1352 1157 1559 1196 instituere,
1594 1157 1852 1201 prosectiorum
1880 1159 1988 1201 paulo
2014 1164 2110 1190 aetas
2137 1157 2206 1190 alia
2233 1157 2352 1190 studia

1455 1260 1758 1300 Abbreviaturas,
1793 1272 1881 1305 quas
1903 1259 2116 1299 nominant,
2152 1271 2227 1292 non
2251 1270 2353 1292 cura-

1667 1312 1761 1346 Nam
1787 1324 1844 1345 eas
1869 1323 2065 1356 earumque
2090 1310 2268 1344 rationem
2292 1311 2353 1343 de-

1352 1415 1465 1448 multo
1500 1415 1608 1448 fuerit
1639 1415 1748 1448 satius
1780 1426 1888 1459 quarn
1923 1413 2152 1458 praescriptis
2187 1413 2352 1446 formulis

1351 1467 1496 1500 discere.

1454 1517 1660 1550 Literarum
1694 1517 1824 1561 figuras
1852 1523 1885 1549 et
1918 1516 1990 1548 vim
2017 1517 2137 1550 statim
2164 1516 2227 1549 ubi
2262 1527 2351 1560 puer

1350 1570 1530 1614 percepit,
1559 1568 1705 1601 lectioni
1727 1569 1845 1601 danda
1871 1575 1922 1601 est
1947 1580 2074 1612 opera,
2109 1574 2148 1601 ut
2173 1579 2261 1613 quas
2287 1579 2351 1611 per

1323 1644 1324 1651 1
1351 1633 1386 1654 se
1404 1621 1548 1661 didicit,
1577 1620 1613 1653 in
1642 1620 1745 1653 turba
1772 1621 1885 1665 possit
1909 1632 2120 1664 agnoscere,
2157 1625 2191 1652 et
2215 1619 2271 1652 cui
2298 1618 2351 1652 rei

1351 1673 1518 1706 inventae
1535 1678 1635 1712 sunt,
1664 1672 1793 1718 quibus
1817 1671 2149 1712 coniunctionibus,
2177 1670 2264 1715 quid
2290 1682 2352 1703 va-

1350 1725 1447 1757 leant
1472 1724 1683 1767 intelligere.
1738 1723 1788 1756 Ea
1814 1723 1959 1757 scientia
1988 1736 2055 1757 usu
2079 1722 2275 1756 exercenda
2299 1728 2352 1755 est

1922 1775 1995 1808 Ubi
2018 1775 2055 1808 in
2079 1774 2206 1819 primis
2232 1774 2349 1807 bonus

1350 1938 1390 1965 ut
1414 1932 1618 1964 animorum
1652 1930 1809 1975 puritas,
1846 1931 1941 1975 quod
1968 1930 2013 1961 ad
2038 1941 2156 1962 mores
2182 1928 2282 1962 iuxta
2309 1940 2350 1960 ac

1349 1983 1470 2016 literas
1492 1983 1638 2022 attinet,
1671 1982 1903 2015 custodiatur.
1963 1981 1996 2013 A
2012 1981 2128 2014 Sacris
2153 1980 2349 2014 rectissime

1322 2029 1324 2053 i
1350 2034 1568 2080 principium
1587 2035 1756 2074 ducetur,
1785 2033 1881 2066 velut
1899 2039 2074 2066 annotare
2091 2039 2142 2067 est
2157 2033 2292 2072 visum,
2319 2031 2349 2064 si

1351 2087 1405 2121 cui
1423 2087 1514 2120 forte
1533 2084 1599 2119 hac
1616 2086 1652 2118 in
1670 2098 1707 2118 re
1725 2085 1824 2130 pium
1845 2084 2002 2119 studium
2021 2084 2106 2118 utile
2124 2083 2314 2117 videbitur.

1588 2178 1836 2203 EXERCITIA
1864 2178 2113 2203 LECTIONIS.

1813 2237 1878 2287 [L]

1623 2308 1673 2342 Ex
1702 2306 1889 2342 Matthaeo
1920 2308 2005 2353 Cap.
2026 2307 2069 2341 V.

1322 2376 1323 2391 l
1348 2378 1514 2407 (Lectionis
1536 2376 1711 2401 exercitium
1735 2377 1778 2400 sic
1804 2376 1980 2407 inscriptum
2009 2381 2068 2399 non
2098 2375 2193 2399 solum
2217 2373 2285 2404 Cap.
2303 2375 2346 2405 V„

1349 2414 1400 2438 sed
1417 2413 1506 2437 etium
1522 2412 1590 2442 Cap.
1610 2411 1658 2436 ΓΙ.
1677 2412 1705 2435 et
1719 2411 1789 2442 Cap.
1807 2411 1872 2436 ΓΠ,
1890 2411 1992 2434 1-14.
2016 2410 2069 2435 Ευ.
2084 2409 2232 2434 Matthaei
2243 2414 2347 2440 yraece

1349 2449 1504 2475 continet.)

1828 2506 1867 2540 ll.

1557 2577 1690 2610 Paulus
1719 2505 1914 2621 Apositoliis
1942 2574 2130 2608 Romanis.

1345 2646 1516 2675 (Particum
1534 2644 1577 2669 sic
1596 2645 1741 2675 inscripta
1757 2644 1960 2675 complectitur
1974 2643 2116 2674 epistolae
2130 2642 2216 2667 Pauli
2228 2642 2268 2667 ad
2280 2642 2342 2666 Ro-

1344 2689 1444 2707 manos
1464 2682 1532 2711 cap.
1549 2679 1619 2704 XII.
1634 2681 1661 2704 et
1679 2679 1766 2704 XIII.
1786 2680 1901 2710 integra
1912 2696 1920 2708 ,
1937 2679 2067 2708 exceptis
2086 2677 2184 2702 verbis
2201 2677 2341 2702 extremis

1344 2716 1485 2742 versiculi
1506 2716 1544 2738 14.
1564 2715 1671 2745 capitis
1691 2715 1779 2739 XIII.
1804 2712 1851 2737 καὶ
1877 2713 1921 2742 τῆς
1940 2710 2043 2744 σαρκός
2061 2710 2200 2744 πρόνοιαν
2215 2709 2255 2743 μή
2275 2719 2339 2736 ποι-

1345 2752 1421 2776 εῖσθε
1441 2751 1477 2779 εἰς
1496 2749 1663 2781 ἐπιθυμίας,
1689 2756 1763 2780 quae
1781 2749 1806 2772 h.
1822 2750 1842 2775 1.
1862 2749 1931 2773 sunt
1951 2749 2084 2777 ornis-ea.)
