2389 3037
92 89 168 132 5⁰1·

91 177 166 212 sine
186 175 408 219 Imperatore.
421 201 428 212 ,
459 173 520 207 tali
541 179 704 217 tempore
722 173 857 206 servari
877 185 952 205 non
971 178 1100 217 potest.

90 227 237 263 Accedit
252 227 350 260 aliud
369 232 581 271 perpetuum
601 225 872 259 incommodum
887 239 892 258 z
915 237 990 258 non
1007 224 1101 268 aspi-

90 281 158 314 ciet
175 292 230 314 res
248 279 484 312 Germanicas
500 290 542 311 ex
560 277 781 323 propinquo.
839 277 961 323 ltaque
986 277 1097 310 multa

90 332 242 373 nesciet,
275 332 407 366 multas
434 330 541 364 falsas
568 330 708 363 fabulas
738 331 877 369 credet,
911 328 1025 362 levius
1050 329 1099 360 as-

89 384 228 418 ficietur
245 383 378 419 nostris
394 383 514 416 rebus⁴
550 382 678 417 Nullos
696 380 843 415 babebit
860 394 979 415 secum
999 380 1099 425 prin-

89 437 185 482 cipes
203 436 436 471 Germaniae.
465 435 525 481 qui
546 447 624 468 cum
646 447 687 468 eo
704 434 816 468 libere
837 435 880 467 de
898 432 1097 477 Republica

87 489 189 535 loqui
211 488 361 533 possint.
416 487 562 521 Sedebit
585 488 820 520 circumfusus
845 486 890 519 ab
915 485 1098 530 Hispanis,

88 553 245 587 quorum
266 541 319 573 ,de
345 540 467 573 multis
491 541 597 574 rebus
630 539 760 572 iudicia
787 545 821 571 et
847 537 1051 571 voluntates
1078 550 1096 570 a

87 592 282 628 Germanis
314 593 531 637 discrepant.
593 591 715 625 Mittet
741 591 854 624 edicta
884 590 921 623 in
945 590 1097 624 Germa-

86 646 206 685 niam,
249 657 314 679 nec
348 645 463 679 causis
494 657 558 678 nec
591 643 816 688 temporibus
848 642 1098 687 congruentia,

88 710 180 745 quae
216 697 516 743 tranquillitatem
553 696 808 741 perturbatura
839 702 935 729 suut.
1000 695 1095 729 Num

86 748 174 785 haec
198 749 430 788 incommoda
457 748 547 782 levia
586 747 741 781 ducitis?
806 747 929 793 Quid?
964 748 993 781 si
1023 748 1097 792 ipse

87 804 196 836 etiam
229 802 395 836 incensus
421 801 580 834 artificiis
605 800 813 846 aliquorum
840 800 959 833 veniet
985 800 1098 833 iratus

85 854 123 888 in
153 854 411 893 Germaniam,
456 860 491 886 et
527 854 681 887 adducet
714 852 914 897 Hispanos,
963 852 1025 898 qui
1060 858 1099 885 ut

87 906 348 951 Campaniam.
392 912 431 939 ut
457 905 628 950 Apuliam
661 905 756 938 inter
786 918 821 938 se
852 905 975 949 partiti
1002 910 1098 944 sunt,

86 959 134 992 ita
162 965 300 993 vestras
323 959 480 991 ditiones
505 959 677 1002 praedam
705 970 805 991 suam
825 970 898 991 esse
918 957 1098 990 arbitran-

85 1011 170 1045 tur?
225 1011 498 1044 Providendum
528 1017 579 1044 est
605 1016 746 1048 autem,
783 1022 828 1043 ne
855 1010 936 1043 talis
968 1009 1098 1055 aliquis

86 1075 189 1097 error
208 1064 428 1097 Germaniae
453 1063 656 1096 vastitatem
675 1068 710 1095 et
727 1059 811 1095 huic
828 1061 986 1106 lmperio
1008 1062 1098 1094 inte-

87 1116 196 1149 ritum
218 1116 358 1149 afferat.
399 1115 457 1148 An
476 1115 555 1149 illas
572 1115 752 1148 maiorum
775 1121 977 1148 vestrorum
999 1116 1098 1148 sedes

87 1167 195 1202 vultis
218 1168 466 1213 Hispanorum
494 1168 655 1201 colonias
678 1166 780 1199 fieri?
817 1174 954 1200 vestros
981 1174 1099 1211 poste-

87 1233 165 1259 ros,
195 1234 213 1253 a
233 1219 385 1254 summis
405 1226 504 1253 ortos
523 1217 713 1258 heroibus,
750 1220 873 1252 venire
892 1219 929 1251 in
947 1219 1100 1253 servitu-

87 1271 185 1306 tem?
221 1278 255 1305 et
280 1271 419 1305 aboleri
444 1277 658 1304 ornamenta
677 1271 931 1316 Reipublicae,
961 1284 978 1304 a
998 1271 1099 1305 vobis

87 1324 269 1369 sapienter
293 1331 326 1357 et
348 1330 470 1357 sancte
495 1323 656 1358 instituta
686 1324 785 1363 iura,
815 1324 966 1363 iudicia,
996 1324 1100 1358 disci-

87 1376 251 1422 plinam?
306 1375 403 1409 Haec
428 1375 523 1409 enim
551 1375 673 1408 omnia
701 1376 738 1408 iu
765 1376 937 1410 servitute
957 1383 1100 1410 mutan-

87 1435 157 1463 tur.
220 1428 290 1461 Sed
321 1429 365 1461 de
395 1425 462 1461 hac
497 1440 534 1460 re
564 1428 667 1472 plura
693 1428 812 1461 dicere
837 1429 969 1462 ominis
993 1441 1098 1462 causa

87 1481 186 1515 nolo.

192 1532 228 1566 Si
254 1532 364 1577 igitur
390 1538 441 1566 est
465 1530 629 1565 habenda
655 1533 841 1576 potentiae
862 1533 956 1566 ratio
975 1533 1011 1566 in
1032 1534 1101 1567 ele-

88 1584 226 1625 ctione,
261 1590 301 1617 ut
325 1596 390 1628 ego
416 1597 561 1630 quoque
587 1585 765 1623 arbitror,
793 1592 827 1618 et
843 1586 950 1619 fatale
966 1592 1017 1619 est
1036 1583 1101 1619 ho-

88 1649 168 1671 rum
188 1636 329 1681 Regum
355 1637 507 1670 alterum
532 1637 630 1681 eligi:
668 1650 734 1681 ego
754 1638 898 1671 Gallum
924 1638 1100 1677 antefero,

89 1696 124 1722 et
141 1701 373 1735 nequaquam
392 1701 518 1723 censeo
531 1716 540 1729 ,
570 1688 770 1733 Hispanum
790 1690 993 1733 eligendum
1014 1703 1099 1724 esse.

88 1742 160 1776 Sed
185 1742 215 1776 si
238 1742 294 1774 lex
317 1741 487 1786 impedit,
516 1754 560 1774 ne
580 1741 705 1775 Gallus
732 1748 957 1782 accersatur,
986 1743 1100 1786 magis

377 86 437 122 111.
489 85 553 120 DE
581 83 859 120 ELECTIONE
888 84 953 119 ET
983 81 1341 119 CORONATIONE.
1369 81 1550 117 CAROLI
1575 82 1618 119 V.
1649 83 1889 120 CAESARIS.

89 1794 198 1828 etiam
225 1793 422 1838 impediat,
457 1806 502 1827 ne
519 1793 701 1838 Hispanus
724 1794 896 1839 eligatur,
925 1807 1005 1828 cum
1025 1795 1100 1829 eius
1127 1803 1128 1825 ὲ

89 1846 235 1887 electio,
264 1853 440 1892 quantum
461 1846 617 1891 prospici
640 1844 850 1880 humanitus
869 1853 1006 1891 potest,
1034 1847 1100 1880 mi-

88 1900 186 1932 nime
204 1899 373 1933 salutaris
390 1899 510 1932 sutura
530 1898 751 1932 Germaniae
768 1899 946 1933 videatur.
972 1902 1024 1932 Ac
1040 1901 1099 1933 de-

89 1963 278 1985 curramus
308 1953 352 1984 ad
384 1951 566 1985 maiorum
600 1958 809 1985 nostrorum
844 1953 1026 1997 exempla,
1066 1959 1101 1985 et

90 2016 192 2044 vere,
226 2016 302 2037 non
326 2003 453 2037 callida
480 2004 801 2048 interpretatione,
836 2005 949 2049 legem
983 2017 1099 2038 serve-
1126 2010 1128 2029 ³

89 2069 180 2090 mus.
233 2056 286 2089 Ac
307 2068 388 2089 vere
407 2056 667 2090 Germanicum
687 2056 911 2101 principem,
946 2058 1009 2103 qui
1025 2070 1100 2091 non

91 2109 189 2143 aliud
215 2108 461 2149 domicilium,
496 2108 566 2142 nisi
591 2108 627 2141 in
647 2109 843 2143 Germania
872 2107 1001 2149 habet,
1037 2110 1100 2156 qui

91 2160 252 2205 origine,
281 2160 442 2205 ingenio,
468 2161 604 2205 lingua,
633 2162 795 2196 moribus
813 2162 1018 2197 Germanus
1036 2169 1099 2201 est,

90 2213 276 2257 eligamus.
330 2212 404 2247 Nec
428 2226 484 2246 me
510 2226 621 2259 usque
646 2215 736 2247 adeo
760 2221 899 2250 movet,
935 2216 1031 2261 quod
1051 2216 1100 2249 ait

90 2264 329 2310 Moguntinus
352 2265 513 2309 leporem
539 2265 705 2300 leonibus
722 2267 985 2311 imperaturum
1006 2281 1098 2303 csse:

90 2318 204 2362 magis
221 2318 308 2351 illud
328 2318 525 2351 videndum
546 2324 615 2357 est,
644 2330 687 2351 ne
706 2319 881 2353 ciconiam
900 2320 1012 2360 ranis,
1038 2333 1100 2355 seu

92 2371 208 2404 corvis
224 2370 403 2403 vulturem
422 2369 684 2414 praeficiamus.

196 2422 364 2456 Potentia
407 2422 627 2456 Germaniae
669 2424 754 2457 satis
790 2437 917 2468 magna
959 2433 1028 2465 est,
1072 2426 1102 2459 si

93 2486 199 2519 quem
223 2475 412 2519 eligemus,
441 2476 504 2521 qui
520 2475 652 2509 virtute
669 2476 900 2510 autoritatem
920 2477 987 2511 sibi
1004 2491 1101 2511 com-

92 2537 222 2569 parare
247 2527 391 2571 poterit.
446 2527 595 2571 Accepit
617 2525 685 2560 hoc
711 2527 905 2572 Imperium
935 2537 969 2564 et
987 2543 1100 2575 paene

92 2577 254 2612 funditus
287 2579 504 2624 collapsum,
538 2578 754 2624 Rodolplms
782 2582 974 2616 mediocris
1002 2583 1102 2628 prin-

100 2642 201 2674 ceps,
233 2636 372 2664 tantum
398 2639 548 2677 propter
563 2633 731 2665 virtutem
754 2633 905 2673 electus,
938 2647 979 2668 ac
999 2635 1101 2669 brevi

94 2681 141 2714 ita
170 2683 300 2722 erexit,
329 2690 366 2716 ut
391 2685 534 2727 regibus
551 2684 678 2719 vicinis
698 2685 866 2719 omnibus
886 2687 1103 2721 formidabi-

95 2733 137 2767 lis
169 2741 269 2768 esset.
335 2736 454 2769 Audio
480 2736 728 2777 Ludovicnm,
764 2737 899 2782 Regem
927 2739 1102 2774 Franciae

2091 84 2170 122 502

1157 169 1384 212 proximum,
1427 183 1506 204 cum
1539 180 1656 205 essent
1688 173 1732 206 de
1763 171 1920 217 Imperio
1947 173 2166 207 Germanico

1155 233 1360 262 sermones,
1403 229 1437 255 et
1454 223 1601 268 quidam
1631 224 1922 259 Maximilianum
1952 238 2016 270 per
2047 226 2165 259 iocum

1156 281 1318 307 vocasset
1342 275 1525 308 consulem
1545 277 1819 320 Augustannm,
1854 277 2059 322 significans
2084 291 2164 312 eum

1155 324 1279 368 paucis
1306 326 1510 361 civitatibus
1535 328 1736 372 imperare,
1776 330 1915 363 duriter
1947 330 2166 375 increpuisse

1154 377 1284 413 illum,
1324 383 1358 410 et
1396 380 1642 423 respondisse:
1695 380 1772 414 lmo
1807 394 1894 415 vero
1932 395 2163 429 nequaquam

1154 429 1362 462 Germanici
1382 430 1615 474 lmperatoris
1634 434 1794 477 potentia
1813 436 2078 468 contemnenda
2101 441 2166 476 est,

1154 493 1234 513 cum
1261 481 1320 514 ille
1345 484 1469 516 consul
1496 490 1709 529 tympanum
1734 486 1873 530 pulsat,
1909 493 1984 520 tota
2010 487 2163 520 Francia

1154 534 1288 566 tremit.
1335 533 1494 569 Honeste
1512 535 1730 572 Ludovicns.
1776 538 1903 573 Noluit
1927 539 2023 572 enim
2042 540 2079 572 in
2096 539 2165 572 Re-

1153 598 1236 630 gum
1266 587 1492 621 maiestatem
1519 589 1616 622 iocos
1644 597 1706 623 aut
1725 591 1885 623 convicia
1909 591 1999 630 ‹lici;
2035 592 2096 626 sed
2114 598 2166 625 ta-

1154 651 1239 670 men
1266 638 1357 672 illud
1384 640 1492 673 etiam
1518 642 1675 675 ostendit
1705 655 1741 676 se
1762 642 2054 678 Maximilianum
2081 656 2164 689 pro-

1153 696 1235 735 pter
1268 691 1437 725 virtutem
1473 694 1619 727 cuilibet
1652 696 1986 738 potentissimorum
2023 696 2162 741 Regum

1154 755 1278 787 parem
1314 745 1456 779 ducere.
1521 746 1595 780 Nec
1622 748 1713 779 adeo
1742 747 1884 781 videtur
1909 750 2062 782 extincta
2091 761 2164 783 esse

1153 795 1267 829 virtus
1290 795 1326 829 in
1346 797 1492 832 familiis
1512 799 1658 837 vestris,
1688 812 1797 833 nemo
1815 807 1851 833 ut
1878 802 2028 845 reperiri
2054 801 2167 846 possit

1154 845 1222 880 hoc
1238 848 1380 892 fastigio
1398 850 1540 894 dignus.

1257 900 1350 935 Tres
1370 909 1453 936 sunt
1468 903 1647 943 familiae,
1677 903 1875 943 Bavarica,
1904 905 2102 945 saxonica,
2132 913 2166 939 et

1154 950 1361 993 Marchica,
1396 968 1488 1000 quae
1514 957 1671 1001 quadam
1703 957 1953 991 mediocritate
1980 958 2165 1003 potentiae

1154 1006 1388 1038 autoritatem
1415 1007 1450 1040 in
1472 1008 1667 1041 Germania
1687 1010 1779 1042 tueri
1798 1017 1959 1054 possunt.
2015 1010 2061 1043 Et
2083 1017 2166 1044 sunt

1154 1057 1191 1089 in
1219 1055 1274 1091 his
1298 1058 1437 1104 aliquot
1463 1061 1664 1105 principes,
1708 1062 1767 1107 qui
1799 1063 1951 1106 ingeniis
1976 1070 2010 1096 et
2032 1063 2166 1096 virtute

1154 1110 1330 1143 sustinere
1367 1113 1653 1154 magnitudinem
1693 1111 1799 1148 huius
1838 1115 2165 1149 administrationis

1155 1169 1304 1208 queunt.
1359 1163 1413 1197 Ex
1432 1163 1486 1199 his
1505 1165 1533 1199 si
1551 1178 1657 1211 quem
1677 1166 1909 1211 elegerimus,
1940 1168 2165 1201 consentien-

1155 1214 1249 1247 tibus
1290 1216 1490 1261 suss‘ragiis,
1535 1230 1691 1264 eumque
1734 1232 1800 1253 nos
1846 1221 2056 1254 defensuros
2093 1233 2165 1254 esse

1156 1269 1407 1306 ostendemus,
1435 1276 1474 1303 ut
1497 1282 1653 1316 aequum
1681 1278 1749 1304 est:
1791 1284 1916 1307 omnes
1934 1274 2113 1317 principes
2133 1279 2168 1305 et

1155 1320 1281 1364 populi
1306 1327 1412 1354 erunt
1438 1322 1474 1355 in
1500 1323 1629 1356 officio.
1686 1323 1734 1356 Ut
1754 1324 1863 1368 igitur
1881 1322 2009 1358 habeat
2030 1325 2165 1358 autori-

1156 1378 1286 1412 tatem,
1315 1373 1447 1407 virtute
1468 1387 1558 1420 opus
1579 1382 1649 1413 est;
1678 1383 1716 1409 ut
1736 1378 1905 1410 accedant
1925 1378 2018 1412 vires
2039 1377 2165 1411 formi-

1155 1424 1292 1458 dabiles
1317 1427 1447 1460 exteris
1473 1428 1663 1465 omnibus,
1699 1441 1768 1461 una
1795 1442 1833 1462 re
1858 1442 1948 1474 opus
1968 1437 2038 1469 est,
2068 1430 2165 1463 vide—

1155 1477 1238 1509 licet
1257 1477 1464 1512 Electorum
1485 1492 1675 1521 consensu,
1695 1494 1800 1526 quem
1820 1482 1916 1515 inter
1934 1495 2000 1516 nos
2018 1482 2163 1528 quidem

1156 1536 1372 1574 perpetuum
1397 1544 1503 1576 spero
1528 1533 1690 1566 futurum
1717 1546 1804 1569 esse.
1860 1534 1976 1569 Nemo
2001 1541 2050 1569 est
2070 1535 2164 1568 enim

1156 1582 1251 1615 inter
1285 1595 1372 1622 nos,
1408 1584 1470 1629 qui
1496 1584 1564 1618 sibi
1590 1585 1791 1629 potentiam
1817 1587 1976 1633 aliquam
2003 1594 2167 1633 quaerat,

1127 1675 1128 1680 1
1156 1646 1263 1679 quem
1289 1636 1439 1669 ambitio
1465 1643 1526 1670 aut
1549 1638 1619 1671 ulla
1642 1638 1819 1682 cupiditas
1835 1639 2027 1673 incitatura
2046 1640 2166 1673 videa-

1156 1692 1215 1719 tur
1241 1688 1412 1722 adversus
1434 1702 1664 1723 communem
1683 1689 1829 1735 Imperii
1854 1692 2165 1738 tranquillitatei'n.

1156 1738 1238 1770 Tali
1261 1740 1438 1783 sapientia
1468 1748 1500 1773 et
1525 1743 1701 1785 gravitate
1725 1744 1909 1786 praeditos
1931 1757 2005 1778 esse
2021 1744 2165 1778 Electo-

1156 1803 1231 1831 res,
1260 1803 1341 1824 cum
1366 1793 1523 1826 salutare
1549 1801 1601 1828 est
1617 1794 1871 1838 Reipublicae,
1908 1803 1982 1829 tum
2007 1809 2094 1829 vero
2121 1798 2164 1829 ad

1156 1855 1301 1876 omnem
1323 1845 1571 1889 posteritatem
1592 1847 1812 1881 Germaniae
1833 1849 2043 1890 gloriosum.
2098 1848 2167 1882 lta-

1156 1908 1225 1942 que
1253 1896 1403 1931 mirifice
1429 1899 1588 1932 (lelector
1612 1900 1864 1933 recordatione
1894 1898 1998 1935 huius
2025 1909 2164 1935 vestrae

1156 1949 1311 1983 virtutis.
1370 1950 1594 1986 Omittamus
1610 1952 1720 1996 igitur
1738 1952 1952 1997 Hispanum,
1983 1960 2016 1986 et
2036 1955 2166 1987 virtute

1155 2014 1235 2035 cum
1255 2001 1384 2037 exteris
1402 2010 1591 2038 certemus.
1633 2005 1716 2040 Non
1735 2017 1952 2050 quaeramus
1970 2006 2078 2045 alios,
2105 2006 2166 2052 qui

1155 2054 1259 2089 nobis
1284 2055 1466 2099 imperent
1487 2057 1623 2091 otiosis.
1679 2054 1778 2090 Nihil
1799 2058 1894 2090 enim
1914 2058 2098 2101 indignius
2115 2065 2165 2092 est

1154 2107 1249 2141 natis
1269 2104 1416 2141 heroico
1435 2121 1564 2153 genere
1578 2137 1586 2148 ,
1619 2122 1726 2155 quam
1752 2110 1881 2143 inertia
1906 2111 2100 2154 fugitantes
2116 2111 2165 2143 la-

1154 2161 1303 2200 horem,
1332 2160 1412 2195 aliis
1437 2163 1632 2195 concedere
1658 2161 1804 2206 lmperii
1832 2162 2006 2207 gloriam,
2038 2170 2071 2196 et
2094 2175 2166 2197 ser-

1155 2213 1306 2246 vitutem
1324 2226 1518 2248 accersere.

1259 2266 1412 2310 Quoties
1445 2267 1480 2299 in
1515 2267 1711 2300 Germania
1750 2267 1948 2301 mediocres
1985 2268 2165 2312 principes

1156 2324 1417 2352 contraxerunt
1442 2319 1558 2363 regios
1583 2319 1780 2357 exercitus,
1817 2325 1851 2352 et
1878 2331 1933 2352 res
1958 2320 2163 2364 praeclaras

1155 2372 1358 2415 gesserunt!
1429 2371 1512 2405 Fuit
1543 2384 1668 2405 recens
1694 2370 1779 2406 Dux
1802 2371 2002 2411 Saxoniae,
2039 2373 2164 2406 Alber—

1156 2431 1231 2463 tus,
1261 2424 1323 2469 qui
1348 2423 1421 2457 suis
1444 2425 1622 2458 sumtibus
1647 2436 1777 2469 magna
1798 2436 1839 2457 ex
1859 2430 1959 2468 parte
1976 2425 2108 2457 bellum
2128 2425 2163 2456 in

1154 2476 1301 2520 Belgico
1318 2476 1437 2519 gessit.
1491 2476 1616 2522 Quid?
1645 2483 1728 2510 ante
1747 2474 1843 2509 hunc
1861 2483 2017 2522 quantos
2034 2477 2165 2510 exerci-

1156 2536 1212 2563 tus
1231 2540 1337 2572 saepe
1357 2529 1537 2562 contraxit
1553 2527 1720 2562 Marchio
1736 2529 1922 2562 Albertus!
1970 2529 2070 2561 Patri
2090 2535 2164 2565 tuo,

1155 2581 1352 2620 Friderice,
1379 2580 1472 2614 Duci
1489 2582 1658 2621 Ernesto,
1683 2581 1816 2614 bellum
1839 2581 2072 2614 denuntiarat
2089 2580 2164 2613 Rex

1156 2633 1370 2667 Pannoniae
1397 2631 1587 2668 Matthias:
1627 2640 1782 2679 quantas
1809 2633 1950 2678 copias,
1986 2639 2163 2678 quantum

1157 2688 1270 2719 robur
1300 2699 1342 2719 ex
1374 2686 1500 2720 vicinis
1527 2687 1736 2731 regionibus
1764 2685 1883 2719 subito
1908 2691 2167 2718 contraxerunt

1158 2745 1260 2784 pater
1288 2744 1320 2772 et
1349 2744 1499 2783 patruus
1526 2739 1625 2772 tuus!
1680 2737 1804 2783 ltaque
1828 2737 1930 2770 cessit
1952 2737 2054 2771 vobis
2071 2737 2168 2770 Pan—

1629 2787 1712 2826 32*
