2389 3037
68 94 141 128 801

66 191 166 213 mum
182 177 343 212 Balsami
357 175 517 217 hortum,
533 176 669 222 alioqui
685 189 771 210 vero
786 182 936 221 propter
952 176 1066 220 ipsam

63 230 287 265 fertilitatem
313 229 468 263 obnoxia
488 228 774 262 latrunculorum
793 228 993 262 vicinorum
1015 227 1069 259 in-

65 282 311 322 cursionibus,
338 294 383 314 ne
410 280 548 313 incolae
566 280 636 313 loci
653 280 748 314 illius
768 280 931 325 occupati
949 280 1068 312 deme—

65 334 182 368 tendis
197 340 232 367 et
247 332 488 377 importandis
504 332 666 376 frugibus
678 359 686 373 ‚
714 332 883 372 inermes,
905 337 1068 375 tempore

65 385 190 419 messis
224 385 342 418 subito
378 384 416 417 in
451 384 544 428 agris
573 385 866 429 opprimerentur
894 395 913 415 a
942 382 1069 416 vicinis

65 436 348 482 grassatoribus,
373 436 574 476 Arabibus,
603 436 773 469 Moabitis
791 441 825 469 et
843 434 933 468 aliis.

167 487 238 521 Sed
267 485 363 520 hunc
387 488 503 532 ipsum
531 494 612 521 ante
637 485 705 521 lioc
728 494 869 531 tempus
894 486 1066 519 invictum

64 552 230 579 murum,
270 537 460 572 Iordanem
496 539 681 579 videlicet,
722 538 930 584 plenissimo
966 538 1067 570 alveo

63 591 236 625 fluentem
259 598 294 624 et
319 592 578 633 exundantem,
614 591 711 625 Deus
733 603 797 624 suo
824 590 959 635 populo
984 596 1068 622 tunc

63 643 230 688 pervium
255 642 337 676 fecit
359 643 430 684 ita,
457 649 497 677 ut
514 648 630 678 stante
649 649 682 675 et
703 642 925 676 accumulata
947 642 983 674 in
1002 641 1068 673 im-

65 706 227 728 mensam
253 694 385 727 molem
410 706 503 740 aqua
528 694 691 738 superius
708 707 830 728 versus
847 695 981 727 fontem
998 720 1006 732 ‚
1035 699 1069 725 et

62 745 201 791 reliqua
222 746 394 779 inferiore
412 759 505 792 aqua
522 746 699 779 defluente
721 747 758 779 in
781 747 897 779 lacum
916 743 1067 789 Asphal-
1094 751 1095 777 Ξ

63 797 165 838 titen,
194 796 351 831 Hebraei
367 798 466 832 siccis
486 798 637 842 pedibus
656 798 808 832 transire
828 804 984 843 possent.
1021 797 1068 829 At
1094 808 1095 817 ¹

63 855 198 895 quanta
217 849 429 883 multitudo!
466 850 601 884 Textus
617 850 746 883 diserte
765 850 895 895 inquit,
918 861 935 881 a
952 848 1067 882 Moise
1094 885 1095 889 Ἰ

63 907 98 934 et
120 901 232 934 fratre
255 900 386 934 iterum
412 909 603 935 numerato
630 902 764 946 populo
788 902 858 934 iam
882 912 1066 934 accessuro

62 953 108 985 ad
124 950 316 985 Iordanem
329 979 339 993 ,
367 953 512 986 inventa
530 966 603 988 esse
620 960 783 987 sexcenta
808 959 842 986 et
859 964 971 986 unum
989 952 1068 984 mil-
1093 973 1096 992 4

60 1003 109 1036 lia
135 1003 299 1038 virorum
329 1005 577 1039 excedentium
602 1005 813 1039 vicesimum
849 1005 976 1038 aetatis
1002 1015 1069 1036 an-

61 1067 162 1088 num.
195 1053 271 1088 Iam
289 1056 405 1100 cogita
423 1064 563 1091 coetum
582 1058 797 1097 mullernm,
825 1057 1068 1101 impuberum,

62 1106 349 1151 mancipiorum,
385 1109 629 1149 advenarum,
664 1109 727 1154 qui
755 1121 791 1142 se
816 1107 986 1143 Israelitis
1011 1119 1068 1140 ex-

61 1158 230 1192 euntibus
253 1159 537 1201 coniunxerant,
565 1167 600 1193 et
624 1167 809 1205 praeterea
831 1160 989 1204 ingentia
1012 1170 1068 1191 ar-

61 1216 183 1243 menta
204 1210 466 1246 iumentorum.
519 1211 617 1245 Haec
641 1219 739 1245 tanta
766 1212 961 1245 multitudo
986 1223 1065 1244 cum

60 1267 116 1294 tot
134 1273 175 1294 ac
193 1262 302 1296 tantis
319 1262 607 1308 impedimentis,
635 1276 710 1297 non
732 1264 849 1308 potuit
867 1263 984 1297 subito
1004 1274 1067 1307 per

62 1314 195 1345 vadum
218 1313 378 1348 fluminis
398 1321 642 1349 transcurrere
655 1343 664 1356 ‚
697 1317 758 1350 sed
777 1314 873 1349 liaud
890 1315 996 1349 dubie
1014 1315 1068 1346 in-

61 1364 223 1398 tercessit
239 1378 342 1398 mora
363 1367 559 1400 multarum
578 1365 774 1406 horarum,
805 1368 860 1399 vel
878 1367 996 1411 potius
1014 1372 1067 1398 to-

60 1415 131 1449 tius
166 1416 258 1456 diei,
294 1417 409 1450 donec
443 1419 718 1452 innumerabilis
751 1417 839 1451 haec
872 1418 1065 1452 multitudo

61 1466 180 1501 omnis
211 1468 351 1501 traduci
377 1469 516 1513 potuit,
551 1482 623 1516 quo
651 1476 727 1502 toto
753 1476 916 1514 tempore
945 1476 1065 1502 tamen

61 1530 203 1562 semper
237 1519 350 1554 moles
373 1521 432 1553 illa
459 1533 637 1566 aquarum
666 1521 702 1554 in
725 1521 869 1555 sublimi
894 1521 1066 1554 divinitus

60 1575 258 1604 sustentata
277 1571 393 1611 stetit,
421 1584 465 1605 ne
481 1573 674 1612 deflueret,
703 1573 876 1618 quamdiu
893 1586 975 1606 arca
991 1573 1066 1605 foe-

61 1621 157 1656 deris
175 1621 212 1654 in
229 1622 349 1656 medio
369 1624 460 1657 vado
478 1623 642 1658 Iordanis
660 1625 887 1658 consistebat„

165 1671 217 1706 Ita
237 1675 410 1719 temporis
429 1688 573 1721 quoque
591 1676 831 1709 consideratio
850 1675 1067 1720 magnitudi-

61 1737 145 1758 nem
162 1725 327 1759 miraculi
345 1724 450 1761 huius
468 1728 664 1772 plurimum
685 1734 801 1771 auget.

167 1776 237 1810 Sed
257 1777 285 1811 si
303 1778 397 1811 diem
418 1780 524 1812 etiam
543 1779 668 1812 audias
685 1779 886 1818 nominari,
917 1791 988 1823 quo
1004 1790 1067 1822 po-

62 1828 169 1874 pulus
191 1828 354 1864 Iordanis
379 1832 511 1864 vadum
538 1831 723 1870 transivit,
753 1830 866 1863 multo
893 1830 1068 1863 efficacius

63 1886 98 1914 te
119 1880 253 1914 factum
279 1881 397 1926 ipsum
426 1889 576 1927 propter
604 1882 778 1926 temporis
794 1882 972 1915 rationem
991 1893 1068 1914 mo·
1094 1917 1095 1928 ἵ

232 1932 326 1967 Nam
351 1935 380 1967 si
407 1934 547 1968 decimo
575 1934 631 1967 die
662 1934 795 1968 mensis
819 1933 952 1978 Aprilis
981 1933 1069 1966 inci·
1094 1959 1095 1978 ἶ

63 1984 127 2018 das
151 1984 189 2016 in
208 1981 417 2019 huiusmodi
436 1985 647 2020 historicum
666 1986 942 2025 Calendarium,
971 1985 1068 2018 inve-
1094 1983 1095 2028 J

62 2035 214 2081 uiasque
246 2036 296 2069 ibi
328 2038 564 2083 adscriptum:
611 2038 687 2071 Hoc
719 2038 775 2071 die
802 2037 909 2082 primi
937 2037 1068 2071 mensis
1094 2070 1096 2078 k

1094 2086 1095 2098 ³
1123 2087 1188 2126 cit,
1232 2087 1418 2132 multoque
1448 2086 1561 2130 magis
1591 2085 1717 2125 afficit,
1753 2096 1862 2130 quam
1891 2084 1920 2119 si
1948 2083 2024 2118 sine
2049 2083 2121 2117 (liei

63 1932 172 1966 vehit.

63 2086 337 2129 Hebraeorum,
373 2091 547 2134 populum
574 2089 807 2124 Israeliticum
834 2101 897 2133 per
921 2089 1067 2132 plenum

66 2145 102 2173 et
129 2140 370 2174 exundantem
396 2147 471 2174 tum
503 2140 693 2174 Iordanem
724 2142 799 2175 sine
832 2140 984 2174 navibus
1015 2140 1068 2173 in-
1094 2145 1096 2171 ’.

65 2191 244 2224 columem
262 2194 467 2226 traductum
487 2205 578 2226 esse:
613 2193 661 2226 ibi
679 2194 860 2226 mentione
881 2192 949 2225 diei
973 2205 1069 2225 com—
1095 2219 1097 2221 .

64 2244 307 2284 monefactus,
332 2246 434 2290 quasi
454 2245 490 2277 in
507 2257 581 2277 rem
602 2252 825 2289 praesentem
849 2251 881 2277 te
900 2244 981 2277 duci
999 2244 1069 2277 exi-
1096 2277 1097 2283 ¹

1096 2289 1097 2298 ¹
1124 2292 1401 2340 quodChristus
1414 2320 1422 2334 ,
1454 2299 1493 2326 ut
1515 2304 1579 2326 suo
1596 2291 1730 2337 populo
1749 2289 1817 2324 hoe
1834 2291 1950 2335 ipsum
1969 2291 2121 2323 miracu-

66 2294 248 2335 stimabis,
283 2303 317 2328 et
350 2297 636 2341 magnitudinem
671 2297 818 2341 periculi
846 2303 880 2329 et
905 2296 1069 2329 miraculi

66 2346 173 2381 altius
197 2349 416 2392 perpendes,
448 2355 482 2381 et
507 2348 723 2391 cogitatione
748 2355 782 2382 te
807 2349 923 2393 ipsum
946 2348 997 2380 illi
1017 2348 1069 2380 in-

67 2397 165 2443 genti
181 2399 405 2433 multitudini
423 2400 524 2445 quasi
543 2400 757 2434 immiscebis
770 2427 778 2440 ‚
806 2407 912 2446 teque
937 2400 1069 2433 exami-

67 2449 171 2484 nabis
196 2450 234 2483 in
254 2448 351 2484 hunc
376 2454 524 2485 modum
547 2452 789 2496 interrogans:
827 2453 909 2498 Quo
929 2459 966 2485 tn
985 2451 1069 2485 suis·
1095 2477 1098 2483 .

1096 2517 1097 2545 }
1123 2502 1298 2547 solymam
1332 2513 1411 2533 cnm
1440 2511 1572 2544 pompa
1600 2498 1697 2542 regia
1725 2504 1776 2532 est
1799 2497 1979 2536 invectus,
2021 2501 2060 2528 ut
2083 2507 2119 2528 se

1096 2556 1097 2564 ¹
1125 2566 1255 2598 agnum
1280 2554 1323 2585 ad
1343 2550 1527 2585 I'ascliatis
1552 2550 1688 2584 instans
1710 2550 1860 2589 festum,
1888 2547 2118 2580 mactandum

68 2513 122 2536 ses
147 2502 270 2536 animo
295 2504 332 2536 in
360 2510 460 2536 tanto
488 2503 713 2543 discrimine,
741 2504 769 2538 si
794 2505 831 2537 in
849 2511 946 2537 tanta
966 2504 1068 2536 turba

67 2551 258 2587 hominum
284 2562 318 2588 et
342 2555 586 2589 iumentorum
608 2568 671 2600 per
685 2557 842 2589 medium
865 2558 995 2589 vadum
1015 2567 1069 2588 sa-

68 2606 122 2639 xis
147 2617 314 2650 asperum
344 2608 563 2647 incessisses‚
594 2614 627 2640 et
647 2607 815 2641 iumentis
833 2615 894 2641 aut
910 2606 1070 2641 humeris
1096 2603 1097 2629 ἶ

69 2657 140 2691 tuis
176 2658 366 2702 impositos
401 2660 571 2704 parvulos
606 2665 797 2703 gestasses‚
841 2660 930 2693 alios
965 2670 1098 2703 gram,

69 2709 250 2744 diusculos
272 2711 405 2744 liberos
430 2724 537 2745 manu
563 2709 758 2756 prehensos
784 2718 899 2745 tecum
934 2717 1070 2755 raptas·
1096 2705 1098 2736 ἶ

123 2768 305 2800 Mimas-ra.
328 2769 434 2800 opi-za.
481 2770 565 2800 Vox„
583 2769 656 2799 XX.

706 89 1068 124 ADDITAMENTA
1094 88 1161 123 AD
1187 84 1330 121 VOLL.
1358 85 1484 120 l—X.

2043 87 2118 123 802

1121 186 1196 215 ses,
1224 173 1411 217 coniugem
1430 172 1576 216 vestigia
1594 178 1655 205 tua
1671 183 1766 216 pone
1783 171 1978 215 legentem,
2006 177 2041 204 et
2058 178 2121 205 aut

1122 225 1308 270 gravidam
1328 236 1502 269 aegreque
1522 224 1745 256 incedentem
1764 223 1950 268 conqueri,
1977 229 2038 256 aut
2054 223 2119 256 sub

1123 278 1283 322 pondere
1304 288 1426 309 recens
1450 275 1537 308 editi
1555 275 1699 308 infantis
1716 274 1947 319 ingemiscere
1967 274 2121 308 audivis-

1122 341 1194 367 ses;
1222 328 1376 373 denique
1403 339 1528 360 omnes
1553 333 1634 361 tuos
1658 326 1805 360 vidisses
1829 325 2121 360 consternatione

1123 380 1296 425 pallentes
1319 386 1354 412 et
1379 379 1619 423 trepidantes,
1646 390 1686 412 ac
1701 379 1744 411 de
1761 379 1832 411 fine
1848 377 2071 422 periculosae
2087 383 2123 411 et

1123 444 1270 476 asperae
1291 431 1369 463 viae
1385 430 1535 464 subinde
1553 429 1797 464 sciscitantes?
1836 428 1967 464 Nonne
1986 441 2052 474 pro
2066 427 2123 463 his

1122 483 1314 523 sollicitus,
1341 483 1466 516 crebro
1491 483 1660 516 adversus
1683 482 1819 515 flumen
1840 481 1884 514 ad
1902 481 1999 514 illam
2019 481 2124 514 terri—

1122 535 1229 568 bilem
1255 535 1388 568 molem
1412 540 1640 567 coacervatae
1665 533 1703 566 in
1726 533 1939 566 immensam
1965 532 2123 566 altitudi-

1122 599 1204 620 nem
1242 598 1376 632 aquae,
1420 597 1561 630 semper
1595 585 1738 619 ruinam
1773 584 1965 624 minantis,
2002 585 2124 618 oculos

1123 639 1352 678 coniecisses‚
1387 644 1421 670 et
1446 637 1596 671 subinde
1623 637 1866 681 explorassas,
1893 648 1980 668 num
2007 633 2125 669 adhuc

1122 691 1201 724 loco
1234 703 1300 724 suo
1332 696 1447 723 erecta
1475 700 1568 734 aqua
1597 687 1792 722 consistat?
1854 687 1985 722 Nonne
2011 687 2124 721 oculis

1123 742 1225 775 anxie
1250 741 1478 775 intervallum
1503 740 1686 774 ulterioris
1709 740 1810 785 ripae
1836 739 1962 774 fuisses
1987 739 2125 772 dimen-

1121 807 1200 834 sus,
1234 801 1268 826 et
1292 794 1544 838 perlustrasses
1571 792 1692 825 omnia
1718 792 1796 825 loca
1823 792 2008 836 opposita,
2037 803 2125 825 num

1122 846 1202 891 quis
1224 843 1364 879 hostilis
1388 844 1562 878 exercitus
1589 856 1630 877 ex
1650 843 1768 877 vicino
1788 844 1923 888 oppido
1941 840 2125 883 Hiericho,

1123 903 1184 931 aut
1214 898 1359 930 aliunde
1382 898 1426 930 ad
1453 896 1570 940 ripam
1597 895 1734 930 infestis
1759 895 1870 928 armis
1896 894 2124 928 occurreret?

1121 950 1250 983 Nonne
1276 949 1432 994 denique
1455 959 1599 981 omnem
1626 946 1917 992 praecedentium
1935 947 2125 986 incessum,

1123 1008 1156 1034 et
1182 1008 1325 1034 tuorum
1353 1001 1460 1033 etiam
1481 1000 1652 1032 comitum
1673 999 1823 1043 gradum
1838 1025 1847 1040 ,
1875 1004 1915 1032 ut
1930 998 2038 1031 nimis
2054 1004 2125 1031 tar-

1123 1054 1207 1086 dum
1244 1053 1281 1085 in
1316 1059 1417 1085 tanto
1446 1051 1606 1095 periculo
1635 1051 1876 1095 increpasses,
1921 1056 1956 1083 et
1982 1061 2123 1083 moram

1122 1103 1353 1148 castigasses?
1412 1103 1553 1136 Deinde
1586 1102 1647 1136 ubi
1672 1114 1753 1136 cum
1780 1108 1854 1136 tota
1880 1101 2124 1142 multitudine,

1123 1162 1159 1189 et
1180 1168 1261 1189 cum
1286 1162 1346 1189 tua
1372 1154 1507 1188 familia
1533 1154 1746 1195 incolumis,
1772 1154 1809 1186 in
1835 1153 1985 1187 alteram
2004 1154 2123 1198 ripam

1122 1207 1342 1247 emersisses,
1370 1213 1405 1240 et
1422 1212 1544 1251 postea
1562 1206 1731 1246 vidisses,
1758 1218 1840 1239 arca
1859 1218 1901 1239 ex
1918 1205 2039 1239 medio
2058 1205 2124 1239 flu-

1093 1261 1095 1267 '
1122 1260 1228 1294 minis
1260 1260 1354 1292 vado
1382 1259 1419 1291 in
1444 1264 1560 1292 tutum
1585 1258 1705 1292 locum
1733 1263 1938 1303 reportata,
1975 1269 2121 1290 omnem

1122 1312 1220 1344 illam
1236 1311 1451 1355 pendentem
1468 1310 1566 1354 prius
1582 1310 1627 1343 ad
1643 1310 1792 1343 modum
1810 1309 2004 1343 altissimae
2022 1308 2122 1353 rupis

1121 1375 1252 1409 aquam
1278 1363 1396 1396 subito
1418 1362 1613 1406 collapsam
1640 1374 1720 1395 cum
1748 1361 1886 1406 impetu
1903 1362 2060 1401 irruere,
2088 1367 2123 1394 et

1093 1427 1094 1466 }
1121 1427 1194 1448 non
1220 1416 1329 1447 modo
1356 1421 1471 1448 totuin
1497 1414 1659 1453 alveum,
1684 1414 1745 1448 sed
1770 1413 1879 1447 etiam
1900 1413 1978 1446 loca
2001 1413 2121 1446 vicina

1121 1468 1190 1500 late
1214 1466 1385 1511 implere,
1414 1473 1447 1498 et
1471 1465 1576 1498 obvia
1603 1477 1766 1511 quaeque
1788 1471 1963 1503 sternere;
1999 1475 2121 1498 nonne

1120 1518 1188 1551 Dei
1211 1519 1423 1551 immensam
1449 1517 1648 1550 bonitatem
1673 1517 1885 1551 effusissimo
1903 1515 2019 1550 cordis
2036 1528 2122 1560 gau-

1120 1571 1201 1610 dio,
1229 1570 1396 1615 claraque
1416 1581 1502 1602 voce
1522 1568 1788 1613 praedicasses?
1816 1575 1968 1613 tuosque
1989 1567 2121 1601 liberos

1092 1617 1093 1632 ³
1121 1624 1166 1655 ad
1191 1622 1331 1655 easdem
1358 1628 1476 1666 partes
1502 1620 1658 1653 laetitiae
1682 1627 1716 1654 et
1743 1620 1941 1664 gratiarum
1968 1619 2121 1652 actionis

1121 1673 1254 1706 crebris
1274 1674 1422 1707 monitis
1447 1671 1635 1706 vocasses?
1668 1678 1702 1705 et
1725 1670 1820 1705 hunc
1838 1671 1934 1704 diem
1953 1671 2120 1704 omnibus

1121 1724 1224 1758 annis
1254 1724 1348 1757 vitae
1379 1724 1488 1757 totius
1516 1723 1706 1767 diligenter
1729 1723 1932 1762 observari,
1970 1729 2005 1755 et
2031 1722 2121 1755 cele-

1121 1776 1220 1809 brari
1243 1782 1343 1820 grata
1369 1775 1543 1809 memoria
1568 1775 1613 1808 ob
1639 1781 1712 1808 tam
1738 1774 1915 1818 insignem
1937 1773 2121 1807 liberatio-

1121 1840 1202 1861 nem
1222 1827 1363 1871 saepius
1382 1826 1564 1861 iussisses?

1224 1879 1321 1912 Haec
1345 1886 1379 1912 et
1402 1879 1468 1911 alia
1493 1878 1603 1911 multa
1630 1878 1695 1911 tibi
1722 1877 1869 1910 venient
1894 1877 1931 1911 in
1950 1883 2121 1917 mentem,

1122 1928 1215 1964 hanc
1234 1931 1360 1976 populi
1381 1930 1631 1964 liberationem
1650 1929 1893 1964 consideranti
1909 1941 1950 1962 eo
1969 1929 2045 1973 ipso
2062 1928 2120 1962 die

1123 1983 1221 2023 anni,
1250 1996 1322 2028 quo
1340 1984 1432 2016 sacta
1453 1995 1525 2016 esse
1543 1981 1723 2022 scribitur,
1751 1981 1835 2027 quia
1853 1981 1928 2025 ipsa
1948 1980 2121 2024 temporis

1122 2034 1214 2067 ratio
1233 2041 1266 2067 te
1284 2035 1386 2080 quasi
1405 2035 1441 2067 in
1459 2034 1665 2068 societatem
1680 2031 1786 2067 buius
1803 2032 1973 2066 transitus
1991 2033 2121 2076 perdu-

1125 2138 1306 2171 mentione
1340 2139 1456 2172 obiter
1487 2144 1548 2170 aut
1575 2137 1728 2182 legeres,
1767 2143 1829 2170 aut
1854 2135 1998 2170 audires
2023 2135 2119 2168 illam

1125 2190 1326 2223 mirandam
1345 2189 1546 2224 historiam.

1226 2242 1342 2286 Magis
1376 2242 1482 2275 etiam
1519 2239 1772 2280 delectaberis,
1812 2239 1875 2273 ubi
1917 2251 2121 2283 cognosces,

1123 2347 1196 2379 lum
1221 2346 1408 2391 antiquum
1439 2345 1475 2377 in
1504 2344 1716 2377 memoriam
1743 2348 1948 2382 revocaret,
1992 2343 2120 2375 eodem

1096 2394 1097 2403 ¹
1124 2399 1180 2431 die
1197 2398 1335 2431 decimo
1353 2396 1482 2430 mensis
1501 2395 1629 2440 primi,
1657 2395 1701 2427 ab
1720 2392 1788 2428 hoc
1806 2394 1883 2438 ipso
1900 2393 1980 2427 loco
1997 2391 2120 2426 Iorda-

1125 2451 1178 2484 nis
1202 2457 1283 2483 ante
1307 2461 1438 2494 paucos
1463 2447 1536 2481 dies
1561 2446 1762 2491 profectus,
1790 2446 1827 2478 in
1850 2446 1975 2478 urbem
1994 2444 2120 2477 Hiero-

1125 2618 1189 2650 pro
1206 2617 1333 2649 genere
1350 2602 1510 2637 humano
1528 2603 1622 2647 patri
1639 2601 1798 2640 sisteret,
1832 2606 1865 2633 et
1883 2611 1984 2632 suum
2005 2604 2120 2631 trans-

1124 2659 1212 2691 itum
1240 2669 1302 2701 per
1326 2654 1536 2694 Iordanem,
1578 2652 1646 2687 hoc
1673 2659 1744 2692 est,
1788 2651 1988 2695 passionem
2016 2661 2117 2683 suam

1125 2707 1332 2747 inchoaret,
1364 2720 1432 2753 qua
1456 2706 1560 2740 nobis
1585 2711 1706 2749 postea
1731 2702 1953 2741 transituris,
1986 2701 2119 2734 flumen

1544 2755 1590 2790 51
