2453 3037
290 125 338 159 71

396 209 428 243 A
454 217 597 245 centum
624 210 823 255 composita
847 210 1062 248 flectuntur,
1105 215 1145 242 ut
1169 205 1300 243 διακό-

294 273 387 304 σιοι,
415 260 640 307 τριακόσιοι,
666 261 800 307 χίλιοι,
829 259 1074 307 διςχίλιοι83),
1096 258 1298 307 τριςχίλιοι,

291 312 420 361 μτ’ριοι
435 314 495 361 ⁸³).

582 397 1004 435 ‘ETEPOKAJTA.

398 470 519 512 Νοῦς,
547 470 685 517 γραῦς,
721 469 837 510 ναῦς,
874 467 970 514 βοῦς
989 474 1054 501 etc.
1084 466 1245 512 reperies
1265 466 1302 498 in

293 520 611 554 terminationibus
628 519 776 565 quintae
793 519 1059 554 declinationis.

398 590 564 625 Poeticas
580 590 725 633 figuras,
753 596 791 623 ut
809 590 874 635 κρῖ
888 602 954 634 pro
971 588 1125 635 κρῖθον,
1145 594 1186 621 ut
1205 587 1300 631 apud

293 641 564 688 Home1·nm⁸⁵)‚
591 642 657 688 κρῖ
672 638 814 676 λευκόν.
844 640 933 674 Item
950 639 1038 675 λίπα
1054 652 1122 685 pro
1142 640 1302 685 λιπαρῷ,

293 700 334 727 ut
351 692 426 728 λιπ’
447 691 579 741 ἐλαίῳ,
608 699 690 727 tuae
709 693 918 738 diligentiae
937 693 1004 726 erit
1023 692 1155 726 Lector
1182 692 1303 725 obser-

293 757 379 778 vare
390 745 450 791 ⁸⁶).

555 839 754 885 Triplex
776 839 1050 874 Declinatio

710 903 780 936 τοῦ
805 899 896 940 υἱός.

307 960 343 996 S.
375 958 487 1000 ὁυῖϊς
755 954 758 957 ”

373 1015 443 1048 τοῦ
463 1012 559 1052 υἵὶός
799 1009 882 1050 υἷος

372 1066 427 1110 τῷ
445 1064 514 1099 υἵϊι
801 1061 860 1099 υἷϊ

374 1114 443 1151 τὸν
457 1115 538 1151 υἵϊα
803 1113 870 1151 υἷα

375 1163 406 1202 ὦ
424 1165 509 1206 υἷις.

298 1219 345 1254 D,
374 1217 428 1254 τώ
446 1219 518 1255 υἵϊε
804 1216 862 1254 υἷε

375 1273 458 1307 τοῖν
476 1270 590 1307 υἱΐοιν
804 1268 917 1305 υἷοιν.

310 1322 351 1357 P.
382 1322 417 1358 οἱ
433 1323 526 1370 υἵϊες
803 1319 882 1360 υἷες

374 1378 455 1410 τῶν
472 1374 584 1410 υἱΐων
804 1372 901 1408 υἵων

375 1428 453 1466 τοῖς
467 1426 560 1462 υἵϊσι
800 1422 864 1460 καὶ
882 1424 984 1460 υἵασι

376 1476 465 1517 τούς
480 1477 580 1517 υἱΐας
801 1474 887 1516 υἷας

377 1526 408 1564 ὦ
429 1529 517 1569 υἵϊες
804 1525 892 1567 υἷες.

694 1623 794 1657 Alia
809 1636 823 1658 s
852 1623 916 1656 sic

313 1694 348 1728 S.
378 1691 397 1728 ὃ
416 1692 517 1732 vietis·

378 1748 447 1781 τοῦ
463 1744 562 1784 υἱέος

375 1800 430 1844 τῷ
449 1796 524 1832 υἱέϊ
801 1794 876 1830 υἱεῖ

376 1848 444 1884 τὸν
463 1848 545 1884 υἱέα
800 1886 815 1896 1

378 1897 409 1936 ὦ
429 1900 540 1940 υἱεύς.

299 1954 345 1988 D.
374 1951 428 1988 τιὸ
444 1951 519 1988 υἱέε
806 1949 870 1996 υἱῆ

379 2006 462 2040 τοῖν
481 2002 598 2039 υἱέοιν
806 2001 917 2037 υἱοῖν.

310 2058 351 2092 Ρ.
382 2055 417 2092 οἱ
432 2055 526 2095 υἱέες
806 2053 898 2093 υἱεῖς

375 2111 454 2143 τῶν
469 2105 583 2142 υἱέων
805 2105 902 2141 υἱῶν

380 2160 458 2198 τοῖς
475 2157 571 2194 υἱέσι

378 2209 468 2250 τούς
484 2209 586 2249 υἱέας
807 2208 898 2248 υἱεῖς

381 2259 411 2298 ὦ
431 2261 525 2301 υἱέες
806 2260 907 2300 υἱεῖς.

343 2404 393 2432 83)
414 2402 550 2435 ὄις-χίλιοι]
572 2402 612 2427 sic
633 2401 750 2433 scripsi;
776 2401 860 2425 Editt.
882 2400 1073 2425 1522—1557.
1093 2397 1241 2433 δυσ-χίλιοι.

337 2466 385 2498 84)
407 2463 489 2495 δέκα,
508 2480 542 2484 --
560 2462 680 2497 μάρψῃ]
706 2463 747 2488 sic
768 2463 852 2488 Editt.
876 2463 949 2486 1542.
971 2469 1049 2493 sqq.;
1086 2462 1172 2488 Editt.
1195 2462 1311 2486 1522—-

375 2501 468 2525 1541.:
495 2498 569 2524 δίκα.
608 2500 726 2529 Reliqua
745 2499 768 2522 si
789 2499 868 2522 voles
883 2498 1035 2528 adiungito.
1073 2499 1097 2521 A
1111 2499 1221 2522 centum
1235 2503 1312 2521 com-

373 2536 466 2566 posita
486 2537 650 2565 flectuntur,
675 2536 705 2557 ut
724 2531 859 2557 διακόσιοι
879 2533 989 2556 ducenti
1009 2534 1060 2558 etc.
1098 2533 1144 2556 De
1164 2533 1311 2556 Numero

1334 2086 1341 2597 ‹ffimffl——ssnu

373 2570 610 2609 Graecanico.
655 2568 730 2593 Δίκα
750 2569 852 2598 εἴκοσι,
877 2565 1026 2599 τριάκοντα
1046 2581 1080 2585 -
1098 2565 1199 2592 ἑκατόν
1219 2565 1312 2592 διακό-

373 2613 429 2630 σιοι
447 2619 481 2623 -
499 2612 604 2637 μυριοι.

337 2667 387 2695 85)
406 2667 484 2690 nom.
505 2666 535 2689 ll.
557 2665 594 2693 V,
616 2665 675 2690 196.
695 2666 723 2688 et
742 2664 779 2690 al.
802 2664 850 2695 κρῖ
870 2661 984 2695 λευκόν,
1016 2664 1048 2687 11.
1068 2663 1147 2695 XIV,
1168 2663 1229 2690 171.
1248 2660 1311 2687 λίπ’

376 2700 468 2734 ἐλαίῳ.

339 2762 387 2793 86)
409 2763 587 2791 observare]
609 2761 739 2786 iii—Editt.
757 2761 951 2785 1522-1541.
974 2760 1060 2784 deest.

874 121 999 157 PHIL.
1036 121 1150 156 MEL.
1185 119 1391 156 SCRIPTA
1427 119 1769 155 PHILOLOGICA.

2310 120 2360 157 72

1664 207 1798 241 Alias
1828 207 1871 240 in
1902 208 2040 240 tertia

1743 259 1973 304 simplicium.

1369 319 1404 353 S.
1434 316 1454 354 ὃ
1469 316 1550 358 υἱός

1432 374 1502 406 τοῦ
1517 369 1604 405 υἱοῦ

1431 425 1487 468 τῷ
1505 421 1579 468 υἱῷ

1432 473 1500 509 τόν
1516 470 1602 508 υἱόν

1433 521 1464 560 ὦ
1480 524 1556 567 υἱέ,
1586 531 1621 558 et
1637 531 1789 558 caetera.

1511 575 1622 616 Τέλος
1636 579 1700 622 τῆς
1717 574 1921 621 ὀνομάτων
1939 573 2104 615 κλίσεως.

1460 637 1642 671 Hactenus
1662 638 1704 669 (le
1724 636 1885 669 nomine.
1938 634 2045 668 Libet
2067 636 2182 670 obiter
2199 648 2365 670 exercen-

1357 690 1488 723 dorum
1507 701 1706 734 puerorum
1724 688 1840 735 gratia
1860 694 1894 721 et
1913 688 2075 732 exempla
2094 688 2261 730 adiicere,
2285 687 2365 734 qui-

1357 743 1423 775 bus
1448 741 1593 785 regulae
1619 741 1857 774 illustrentur.
1914 739 2070 773 Carmen
2086 739 2238 774 Hesiodi
2263 752 2281 774 e
2306 752 2365 784 ge-

1357 793 1533 837 nealogiis
1552 792 1713 825 Deorum
1735 793 1780 825 ad
1798 791 1891 825 hanc
1908 804 1983 824 rem
2003 791 2119 836 delegi
2136 790 2196 839 ³⁷).

1529 877 1595 912 Ex
1628 877 1822 912 Hesiodi
1850 875 2120 922 Theogonia
2141 876 2188 924 ⁸⁵⁸)

1762 929 1816 962 De
1840 929 1965 963 Musis.

1431 999 1569 1027 [reectum
1586 1003 1725 1029 yraecum
1743 996 1770 1021 Ιι,
1791 997 1809 1020 l.
1837 997 1868 1020 in
1887 997 1981 1021 Editt.
1998 997 2091 1025 1518.,
2118 996 2313 1020 1538—1542.
2340 997 2368 1021 et

1360 1034 1389 1058 in
1410 1033 1576 1057 camerarii
1598 1033 1690 1057 Editt.
1712 1031 1912 1062 adscriptum,
1948 1033 1998 1062 qui
2020 1032 2200 1063 Theoyoniae
2219 1038 2276 1055 uss.
2292 1031 2368 1055 36-

1359 1070 1400 1092 44.
1422 1068 1544 1091 52—55.
1564 1067 1607 1090 60,
1631 1068 1674 1090 61.
1699 1065 1825 1090 64—67.
1853 1066 1980 1090 76—79.
2008 1067 2062 1091 Ed.
2085 1067 2244 1098 Goettliny.
2270 1065 2369 1090 conen·-

1359 1104 1426 1133 net,
1442 1103 1552 1129 omisi.)

1746 1159 1991 1196 Scholia.

1464 1228 1681 1264 Plutarchus
1714 1229 1751 1261 in
1773 1229 1869 1261 libro
1893 1230 1936 1262 de
1962 1229 2152 1263 audiendis
2176 1229 2292 1274 poetis
2316 1228 2370 1261 in-

1361 1282 1458 1328 quit,
1486 1281 1529 1317 τὸ
1554 1284 1634 1317 τῶν
1658 1282 1826 1326 ποιητῶν
1845 1278 2028 1325 μυθῶδες
2044 1279 2114 1316 οὐκ
2132 1279 2371 1328 ἀφιλόσοφον

1361 1332 1467 1369 εἶναι.
1536 1333 1574 1367 Id
1601 1346 1682 1367 cum
1709 1332 1789 1375 aliis
1815 1332 2000 1376 pluribus,
2040 1339 2116 1366 tum
2143 1345 2186 1366 eo
2212 1333 2369 1366 maxime

1361 1393 1569 1419 commento
1586 1385 1654 1432 ⁸⁹),
1698 1390 1750 1417 est
1774 1395 1941 1423 cernere,
1985 1396 2059 1430 quo
2085 1384 2210 1418 Musae
2242 1385 2370 1418 adum-

1360 1439 1526 1472 brantur.
1581 1437 1691 1471 Cuius
1712 1442 1747 1468 et
1762 1433 1832 1468 hoc
1848 1435 2016 1468 volebam
2040 1436 2121 1469 loco
2146 1448 2279 1480 pueros
2307 1436 2370 1469 ad-

1361 1490 1538 1529 monitos,
1565 1501 1610 1522 ne
1628 1487 1757 1533 frigide
1774 1487 1901 1520 lecturi
1922 1494 2093 1532 poemata
2119 1500 2234 1533 nugas
2257 1488 2369 1521 modo

1360 1541 1530 1575 leviculas
1555 1541 1612 1585 agi
1637 1545 1781 1585 putent:
1818 1539 1852 1571 id
1877 1540 1974 1584 quod
1991 1537 2182 1584 Sophistae
2207 1539 2370 1586 quidam,

1362 1592 1397 1628 οἱ
1420 1592 1642 1639 κένταυροι,
1686 1599 1821 1626 temere
1847 1603 2058 1635 persuasum
2084 1589 2231 1626 hahent.
2299 1591 2370 1625 Sed

1361 1657 1487 1679 verum
1517 1651 1588 1685 est,
1617 1646 1716 1691 quod
1738 1643 1897 1677 Graecus
1923 1643 1992 1683 ait,
2027 1641 2073 1678 οὐ
2094 1646 2185 1683 νοῦς
2207 1641 2262 1679 ἑνὶ
2285 1655 2370 1678 κεν-

1360 1694 1569 1744 ταύροισιν.
1641 1695 1767 1742 ltaque
1792 1706 1938 1728 carmen
1961 1694 2110 1729 Hesiodi
2133 1695 2262 1728 Latine
2288 1707 2370 1729 sum

1361 1749 1620 1794 interpretatus
1637 1750 1747 1794 paulo
1767 1746 1911 1786 rudius,
1940 1747 2077 1792 alioqui
2094 1748 2235 1782 Graeco
2259 1747 2369 1781 etiam

1361 1801 1595 1846 interpolato.
1662 1801 1741 1839 τοῖς
1772 1796 1849 1847 γὰρ
1881 1797 1978 1838 νέοις
2004 1797 2167 1845 ἅμιλλαν
2182 1798 2230 1846 ³⁰)
2253 1811 2370 1834 κατα-

1362 1850 1544 1896 σκευάζω.
1598 1850 1751 1887 Scholiis
1773 1850 1932 1895 explico,
1965 1863 2059 1896 quae
2082 1857 2116 1884 et
2143 1849 2369 1897 mythologia

1362 1912 1397 1939 et
1412 1904 1646 1951 grammatica
1665 1904 1760 1937 ratio
1776 1902 1958 1946 deposcit,
1986 1909 2183 1949 utrumque
2202 1903 2240 1936 in
2252 1900 2368 1936 Ther-

1361 1957 1427 1992 site
1445 1969 1485 1990 ac
1504 1954 1615 2002 Chely
1633 1957 1793 1990 facturus
1810 1967 1887 1988 sum
1907 1954 2064 1990 uberius.

1362 2009 1413 2044 36
1439 2008 1514 2042 Iam
1534 2021 1620 2042 vero
1639 2021 1658 2041 a
1678 2007 1792 2042 Musis
1811 2006 2020 2048 ordiamur,
2059 2018 2151 2053 quae
2167 2005 2246 2040 Iovi
2272 2005 2370 2051 patri

1781 2063 1950 2093 canentes

1441 2111 1631 2145 Delectant
1648 2124 1817 2157 magnam
1835 2116 1993 2143 mentem
2009 2110 2103 2143 intra
2124 2108 2338 2155 Olympum,

1440 2164 1608 2199 Dicentes
1627 2176 1719 2211 quae
1735 2170 1830 2203 sunt,
1848 2174 1941 2208 quae
1959 2169 2077 2203 erunt,
2103 2174 2267 2208 quaeque
2286 2168 2370 2195 ante

1778 2217 1937 2253 suerunt,

1830 2267 1884 2300 Ex
1917 2279 2041 2301 earum
2076 2278 2162 2300 vero
2194 2279 2256 2300 ore
2290 2265 2371 2300 fluit

1778 2331 1923 2353 carmen

1442 2268 1540 2302 Voce
1572 2267 1763 2302 concinna.

1399 2414 1447 2446 87)
1468 2414 1780 2445 Hactenus-delegi]
1800 2415 1878 2442 haee,
1899 2417 1927 2438 et
1945 2415 2117 2443 subsequens
2138 2412 2230 2436 textus
2250 2417 2293 2442 gr,
2308 2418 2371 2436 cum

1435 2450 1568 2476 scholiis,
1598 2450 1830 2480 interpretatione
1851 2451 1877 2473 et
1897 2450 2024 2473 examine
2043 2449 2143 2471 desunt
2163 2447 2188 2470 iu
2210 2447 2259 2471 Ed.
2283 2447 2371 2479 1522,

1436 2484 1533 2515 quippe
1554 2485 1579 2508 in
1600 2492 1653 2515 qua
1672 2491 1738 2515 pars
1759 2485 1805 2508 De
1823 2485 1941 2508 Verbo
1966 2483 2101 2513 inscripta
2126 2483 2190 2506 illas
2210 2488 2296 2506 voces
2320 2481 2372 2506 Τέ-

1435 2520 1480 2547 λος
1499 2519 1545 2549 τῆς
1565 2517 1646 2551 ὄνομ.
1667 2519 1738 2543 ulfo.
1759 2520 1884 2550 proxime
1903 2519 2038 2549 sequitur.

1399 2565 1449 2593 88)
1469 2564 1558 2588 Huius
1584 2564 1637 2588 loci
1664 2563 1857 2594 interpretatio
1882 2565 1966 2592 atque
1992 2561 2134 2586 enarratio
2160 2560 2212 2586 iis.
2244 2566 2314 2592 quae
2341 2560 2370 2584 in

1435 2599 1515 2623 huius
1535 2599 1616 2629 Corp.
1635 2599 1699 2622 Vol.
1715 2599 1818 2624 xvnl.
1842 2599 1892 2621 suh
1912 2598 1975 2621 ΝΠ.
1992 2597 2049 2621 L11.
2070 2598 2097 2620 et
2111 2596 2180 2621 Llll.
2201 2602 2235 2620 ex
2255 2595 2371 2620 Hesiodi

1440 2634 1577 2664 Operibus
1597 2634 1777 2664 exhihentur,
1804 2633 1945 2657 addendae
1965 2634 2038 2657 sunt.

1401 2677 1448 2710 89)
1470 2676 1637 2709 commento]
1659 2678 1708 2701 Ed.
1724 2678 1800 2703 1538.
1819 2677 2010 2708 cognomento.
2329 2688 2336 2691 -

1399 2718 1602 2780 90))Ιᾶμῦλλαν]
1624 2721 1665 2745 sic
1685 2721 1857 2745 Editt.154·2.
1880 2727 1955 2750 sqq.;
1981 2719 2165 2751 Editt.¹518.,
2185 2718 2273 2749 1538„
2294 2717 2369 2742 154¹.

1437 2765 1490 2789 ωμι
1527 2765 1571 2781 αν.
1941 2769 1957 2774 “
