2421 3037
242 109 322 145 403

246 197 419 230 sortunet.
489 193 645 238 Ideoque
681 203 697 222 a
722 190 800 222 Deo
830 195 974 234 petant,
1016 196 1055 222 ut
1089 189 1252 233 ipsorum

249 248 376 283 studiis
390 247 508 280 faveat
531 251 565 278 et
584 242 728 287 aspiret.
782 241 910 274 Monet
928 239 996 273 hoc

545 312 573 346 P
584 324 626 346 sa
640 311 693 343 lm
707 323 728 344 u
738 323 753 344 s
781 308 954 344 CXXVII.

351 383 427 419 Nisi
448 382 629 416 Dominus
651 380 894 415 aedificaverit
919 381 1089 419 domurn,
1120 379 1251 413 frustra

247 438 408 475 laborat,
443 434 605 481 quisquis
632 445 709 466 eam
737 433 912 466 aedificat.
972 432 1050 467 Nisi
1074 430 1255 464 Dominus

249 487 459 523 custodierit
491 486 693 525 civitatem,
734 485 865 519 frustra
900 484 1046 528 vigilat,
1091 482 1254 529 quisquis

249 553 326 574 eam
347 539 513 573 custodit.
558 537 705 571 Frustra
726 544 797 578 est,
824 549 928 570 mane
946 548 1110 580 surgere,
1139 535 1254 579 prius-

249 604 357 639 quam
378 591 514 630 illuxit,
543 597 575 623 et
593 602 673 624 sero
693 589 852 623 cubitum
873 589 943 627 ire,
973 595 1007 621 ct
1025 599 1154 631 magna
1172 598 1253 619 cum

249 643 413 677 molestia
440 655 569 687 panem
595 643 712 675 edere.
781 641 850 675 Sed
877 641 1033 686 quietem
1069 641 1131 671 dat
1156 637 1255 672 Deus

248 696 312 735 iis,
340 707 430 741 quos
451 695 578 739 diligit,
631 692 721 727 Ecce
746 693 807 726 filii
830 691 1035 726 haereditas
1057 703 1076 724 a
1093 690 1253 724 Domino

249 754 351 786 sunt,
393 753 427 780 et
450 747 568 792 proles
593 758 723 779 munus
748 746 853 780 illius.
908 743 1015 777 Velut
1040 743 1190 787 sagittae
1218 743 1255 774 in

252 799 367 832 valida
389 811 500 832 manu
518 804 620 837 sunt,
646 798 693 831 ita
710 804 793 831 sunt
811 804 844 830 et
865 794 901 829 hi
919 796 1079 829 iuvenes.
1131 794 1256 828 Foelix

251 858 321 891 est,
358 851 419 897 qui
447 849 654 895 pharetram
681 861 781 884 suam
807 849 940 882 talibus
962 847 1146 892 implevit,
1180 858 1255 879 non

251 903 511 943 confundetur,
545 901 685 948 quoties
711 901 745 933 in
775 907 877 945 porta
907 912 962 933 res
988 899 1056 932 erit
1085 912 1164 932 cum
1191 896 1256 931 ho-

250 955 376 990 stibus.

485 1036 801 1083 Paraphrasis
834 1038 1020 1072 Psalmi.

251 1111 358 1157 Quod
378 1109 505 1149 struis,
534 1115 568 1141 et
587 1108 686 1141 coelo
709 1115 822 1141 certas
843 1108 993 1140 educere
1010 1107 1156 1147 molem,
1282 1115 1283 1131 ¹

302 1162 449 1196 Frustra
469 1162 556 1200 erit,
583 1158 652 1193 hoc
669 1161 801 1193 condat
818 1160 854 1192 ni
874 1158 970 1192 Deus
988 1165 1114 1192 auctor
1133 1171 1236 1204 opus,

251 1215 359 1260 Quod
377 1213 524 1257 vigilas,
552 1213 751 1257 urbemque
769 1218 831 1244 tuo
848 1211 900 1244 vis
919 1211 1035 1244 Marte
1053 1211 1159 1251 tueri,

305 1266 475 1304 Falleris,
505 1264 670 1298 excubias
690 1261 746 1297 hic
765 1263 833 1298 nisi
853 1261 1016 1297 Christus
1033 1270 1128 1307 agat,

252 1318 344 1352 Ante
363 1318 479 1352 solent
496 1329 609 1349 vanae
630 1328 797 1349 somnum
821 1315 884 1348 tibi
905 1316 1048 1348 demere
1066 1328 1186 1355 curae,

305 1371 422 1415 Quam
443 1366 583 1402 revehit
600 1368 733 1402 claram
754 1367 879 1401 lucifer
896 1367 971 1412 ipse
992 1367 1101 1400 diem.

251 1422 297 1457 Et
315 1435 393 1456 cum
412 1422 520 1466 longa
539 1421 614 1454 dies
631 1421 725 1454 tristi
741 1426 954 1464 consumpta
973 1420 1097 1452 labore
1117 1426 1181 1455 est,

306 1475 391 1508 Sera
409 1473 509 1520 quies
531 1485 635 1518 aegre
654 1472 824 1516 languida
844 1471 1006 1505 membra
1023 1472 1132 1505 fovet.

254 1526 479 1571 Conarisque
497 1525 630 1558 famem
648 1525 745 1558 nulla
766 1536 842 1556 non
860 1530 935 1557 arte
952 1524 1090 1567 fugare,

306 1576 405 1613 Nihil
420 1577 494 1622 agis
506 1604 515 1618 ‚
544 1584 578 1610 et
592 1577 722 1611 frustra
743 1575 898 1610 sumitur
915 1575 979 1609 iste
997 1575 1112 1608 labor.

254 1631 382 1665 Servat
399 1629 533 1675 alitque
550 1629 630 1674 pios
649 1640 768 1662 rerum
788 1634 890 1672 pater
909 1627 1067 1672 optimus
1080 1654 1089 1666 ,
1119 1627 1201 1659 inde
1285 1630 1288 1663 ἱ

307 1683 507 1717 Commoda
528 1687 611 1715 sunt
627 1681 721 1713 vitae
738 1686 863 1713 cuncta
884 1680 1037 1724 petenda
1058 1679 1135 1712 tibi.

254 1735 337 1771 Non
349 1736 478 1768 domus
494 1734 568 1778 ipsa
585 1732 665 1771 sihi,
680 1744 754 1765 non
769 1733 853 1765 urbs
869 1738 966 1764 creat
981 1732 1056 1776 ipsa
1072 1737 1259 1775 patronos,

306 1787 465 1821 Foelices
483 1786 575 1819 cives
593 1786 726 1830 datque
740 1784 897 1829 facitque
914 1783 1024 1817 Deus.

253 1839 410 1885 Impetus
428 1844 478 1872 est
496 1838 611 1883 qualis
628 1837 765 1870 volucri
782 1836 1003 1881 rapidaeque
1020 1835 1182 1879 sagittae,

306 1892 409 1937 Quae
421 1918 430 1931 ‚
467 1890 637 1936 quIcquid
658 1889 762 1934 petiit
778 1889 920 1932 longius
936 1894 1013 1920 acta
1026 1915 1034 1927 ,
1062 1886 1155 1920 serit.

254 1944 310 1978 Sic
327 1954 543 1989 quocunque
562 1942 657 1986 rapit
674 1941 817 1975 divinus
835 1940 981 1985 spiritus
1000 1940 1080 1973 illos

306 1995 440 2029 Virtuti
457 2001 589 2039 cogunt
607 1995 730 2027 cedere
749 1999 874 2026 cuncta
896 2004 994 2026 suae.

255 2049 337 2083 Non
355 2048 500 2081 fortuna
525 2047 639 2087 viros,
668 2058 743 2078 non
760 2045 873 2078 virtus
892 2043 1023 2078 deserit
1042 2055 1216 2088 unquam,

306 2100 380 2135 Nec
400 2100 537 2133 ruitura
555 2111 640 2133 suae
658 2098 799 2131 moenia
820 2103 903 2130 sunt
920 2095 1070 2140 patriae.

549 2203 608 2236 De
638 2202 730 2234 vita
762 2198 965 2234 humana.
1286 2215 1289 2237 ᾗ

257 2273 363 2319 Quod
383 2273 475 2306 vitae
495 2273 658 2306 sectabor
676 2269 767 2304 iter?
820 2270 853 2303 Si
875 2270 979 2314 plena
999 2267 1155 2301 tumultu

257 2326 348 2359 Sunt
365 2326 462 2362 fora;
499 2325 526 2358 si
548 2324 640 2357 curis
659 2324 787 2356 domus
806 2322 931 2359 anxia;
968 2320 997 2354 si
1017 2318 1226 2364 peregrinos

258 2378 351 2412 Cura
369 2378 497 2410 domus
513 2376 692 2422 sequitur;
723 2380 942 2407 mercantem
962 2373 991 2406 si
1008 2384 1102 2404 nova
1119 2383 1260 2415 semper
1286 2374 1289 2383 ‘

256 2430 399 2463 Damna
422 2435 589 2468 manent,
617 2439 754 2461 cessare
772 2432 870 2459 vetat
887 2426 915 2460 si
937 2425 1052 2468 turpis
1070 2430 1222 2468 egestas;
1286 2462 1288 2473 Ι

257 2482 292 2516 Si
313 2488 415 2515 vexat
433 2482 537 2514 labor
555 2480 748 2524 agricolam
762 2506 770 2518 ‚
795 2491 894 2511 mare
915 2478 1109 2520 naufragus
1127 2473 1260 2508 horror
1286 2480 1288 2489 ¹

257 2534 430 2573 Infan'nat,
460 2545 669 2578 poenaeque
687 2543 812 2576 graves
829 2531 866 2563 in
884 2529 1019 2563 coelibe
1038 2529 1124 2567 vita,

258 2586 302 2620 Et
321 2586 466 2630 gravior
483 2585 595 2618 cautis
616 2584 773 2617 custodia
796 2595 888 2615 vana
908 2582 1065 2619 maritis;

259 2639 501 2683 Sanguineum
524 2637 551 2670 si
570 2636 694 2669 Martis
714 2648 822 2680 opus,
851 2635 878 2668 si
900 2634 1015 2677 turpis·
1036 2633 1133 2665 lucra

256 2690 448 2731 Focaeus,
477 2697 511 2723 et
527 2690 631 2722 velox
646 2689 772 2732 inopes
793 2698 896 2720 usura
918 2686 1084 2725 trucidat,

259 2742 376 2777 Omne
396 2756 523 2776 aevum
542 2754 667 2780 curae,
697 2740 833 2774 cunctis
850 2751 911 2773 sua
931 2737 1095 2782 displicet
1114 2741 1221 2769 aetas.
1284 2743 1288 2769 Ι

833 102 958 138 Pffll..
996 101 1111 138 MEL.
1142 100 1346 136 SCRIPTA

1286 2338 1289 2353 1
1315 2325 1397 2359 Non
1423 2323 1521 2357 nasci
1549 2335 1623 2357 esse
1647 2324 1803 2361 bonum,

1387 101 1729 137 PHILOLOGICA.
2237 105 2317 141 404

1308 188 1439 222 Sensus
1458 189 1556 223 abest
1573 190 1695 234 parvis
1712 189 1948 230 lactentibus,
1973 195 2006 221 et
2026 201 2222 233 puerorum

1307 240 1407 274 Dura
1426 241 1631 274 rudimenta
1645 269 1654 282 ‚
1679 248 1713 275 et
1733 242 1904 275 iuvenum
1926 241 2118 274 temeraria
2136 243 2248 286 pubes

1280 334 1281 338 Ἰ
1307 292 1465 326 Afflictat
1481 294 1629 326 fortuna
1646 294 1743 327 viros
1761 306 1826 338 per
1844 293 1935 326 bella
1952 320 1960 330 ,
1990 305 2054 337 per
2069 304 2220 339 aequor,

1307 343 1381 379 Iras
1400 345 1620 390 insidiasque
1632 372 1641 386 ,
1669 351 1924 391 catenatosque
1943 345 2106 385 labores,

1308 397 1504 431 Mutandos
1523 409 1665 442 semper
1683 397 1931 441 gravioribus,
1959 397 2034 442 ipsa
2054 403 2217 432 senectus

1280 483 1282 495 ι
1307 448 1481 494 Expectat
1498 450 1559 483 diu
1578 449 1741 495 votisque
1759 455 1880 494 optata
1900 448 2080 494 malignis,

1308 500 1441 534 Obiicit
1459 502 1659 536 innumeris
1675 514 1806 546 corpus
1823 501 2013 534 lacerabile
2028 500 2176 535 morbis.

1309 553 1521 598 Spernimus
1537 554 1574 587 in
1590 566 1783 587 commune
1801 565 1927 588 omnes
1945 553 2161 597 praesentia.
2195 552 2313 599 Quos-

1939 606 2021 638 dam

1281 687 1282 692 ,
1310 656 1461 692 Constat
1478 657 1574 690 nolle
1592 659 1678 692 deos
1695 656 1791 697 fieri,
1820 655 1971 690 Iuturna
1988 656 2181 689 reclamat:

1309 708 1393 754 Quo
1417 709 1528 742 vitam
1556 710 1653 742 dedit
1680 708 1890 742 aeternam?
1939 708 2012 742 Cur
2039 708 2167 742 mortis
2192 709 2313 741 adem-

1940 767 2000 805 pta
2022 767 2075 794 est

1310 812 1508 846 Conditio?
1547 812 1603 846 Sic
1622 811 1794 846 Caucasia
1811 813 1876 846 sub
1891 824 1980 857 rupe
1998 809 2237 845 Prometheus

1310 864 1481 899 Testatur
1499 864 1778 908 Saturnigenam
1791 891 1800 904 ‚
1827 875 1894 897 nec
1908 864 2056 898 nomine
2076 869 2189 898 cessat

1309 916 1476 950 Incusare
1494 915 1614 949 Iovem
1629 943 1637 956 ‚
1666 917 1748 949 data
1767 915 1811 950 sit
1827 917 1924 961 quod
1944 908 2015 949 vita
2036 915 2217 960 perennis.

1310 968 1460 1013 Respice
1481 975 1514 1001 et
1533 969 1577 1001 ad
1598 968 1712 1002 cultus
1731 967 1855 1001 animi.
1892 967 1949 1001 Sic
1967 980 2098 1012 nempe
2117 966 2285 1012 pudicum

1310 1021 1474 1054 Perdidit
1491 1020 1728 1065 Hippolytum
1750 1032 1823 1053 non
1839 1019 1947 1053 foelix
1966 1032 2050 1053 cura
2071 1018 2232 1064 pudoris.

1282 1074 1284 1110 ξ
1309 1075 1357 1107 At
1375 1079 1498 1106 contra
1516 1072 1693 1106 illecebris
1710 1072 1930 1105 maculosam
1949 1073 2079 1105 ducere
2097 1071 2208 1104 vitam

1311 1125 1427 1170 Quem
1446 1125 1557 1165 iuvat,
1575 1124 1693 1169 aspice
1709 1130 1742 1157 et
1758 1125 1802 1156 ad
1819 1136 1954 1168 poenas
1972 1130 2006 1157 et
2022 1123 2173 1157 crimina
2188 1133 2312 1167 regum

1282 1186 1284 1197 ¹
1310 1177 1447 1211 Tereos
1468 1177 1610 1217 incesti,
1639 1176 1695 1208 vel
1711 1176 1829 1210 mollis
1847 1175 2100 1220 Sardanapali.

1311 1229 1504 1263 Perfidiam
1525 1229 1639 1261 vitare
1656 1234 1807 1261 monent
1823 1227 1890 1260 tria
1908 1227 2046 1261 Punica
2066 1226 2174 1265 bella,

1283 1295 1284 1310 1
1311 1282 1379 1315 Sed
1397 1279 1567 1326 prohibet
1586 1292 1730 1314 servare
1751 1280 1857 1313 fidem
1877 1279 1992 1313 deleta
2013 1278 2206 1323 Saguntos.

1283 1333 1284 1352 ³
1310 1333 1401 1367 Vive
1417 1341 1451 1367 et
1468 1333 1644 1367 amicitias
1661 1344 1804 1376 semper
1822 1332 1897 1365 cole
1909 1358 1918 1371 ‚
1947 1330 2085 1365 crimen
2103 1330 2150 1363 ob
2167 1329 2263 1364 istud

1312 1384 1637 1430 Pithagoraeorum
1659 1385 1765 1429 periit
1782 1382 1903 1417 schola
1925 1384 2028 1416 docta
2049 1379 2263 1426 sophorum.

1312 1437 1389 1471 Hoc
1411 1445 1573 1471 metuens
1591 1437 1699 1480 igitur
1716 1436 1832 1469 nullas
1850 1436 1946 1475 cole,
1974 1434 2112 1467 crimen
2131 1433 2289 1467 ob‘istud

1285 1510 1286 1513 =
1312 1489 1447 1523 Timon
1466 1489 1640 1523 Palladiis
1659 1488 1743 1521 olim
1761 1487 1942 1531 lapidatus
1956 1483 2120 1519 Athenis.

1285 1561 1287 1568 ›
1313 1541 1470 1575 Dissidet
1487 1540 1663 1584 ambiguis
1680 1551 1823 1584 semper
1843 1551 1944 1572 mens
1963 1537 2068 1571 obvia
2088 1536 2194 1570 votis.

1314 1594 1386 1628 Nec
1403 1593 1559 1627 voluisse
1576 1591 1716 1626 homini
1734 1591 1818 1625 satis
1835 1598 1904 1631 est,
1933 1596 2055 1634 optata
2075 1593 2255 1622 recusant.

1313 1645 1398 1679 Esse
1413 1645 1451 1678 in
1471 1643 1610 1678 honore
1630 1645 1759 1688 placet,
1779 1656 1864 1676 mox
1879 1642 2062 1687 poenitet,
2081 1647 2116 1674 et
2132 1639 2316 1674 dominari

1314 1698 1363 1731 Ut
1383 1699 1542 1742 possint,
1570 1696 1705 1731 servire
1722 1696 1871 1733 nolunt3
1901 1695 1996 1728 idem
2018 1699 2142 1727 auctus
2161 1689 2305 1726 honore

1312 1748 1474 1783 Invidiae
1493 1749 1672 1782 obiicitur.
1719 1748 1865 1781 Pernox
1883 1753 1935 1781 est
1952 1757 2036 1779 cura
2057 1744 2212 1784 disertis,

1315 1802 1382 1836 Sed
1401 1802 1501 1835 rudis
1519 1808 1651 1835 ornatu
1667 1800 1762 1833 vitae
1780 1806 1889 1833 caret.
1943 1798 2029 1832 Esto
2052 1803 2228 1842 patronus

1313 1854 1358 1887 Et
1377 1855 1527 1887 defende
1542 1866 1642 1891 reos,
1675 1854 1736 1886 sed
1754 1852 1867 1896 gratia
1886 1863 1967 1883 rara
1987 1848 2137 1882 clientis.

1314 1906 1400 1940 Esto
1420 1906 1529 1939 cliens
1542 1933 1550 1946 ‚
1579 1904 1696 1950 gravis
1713 1903 1855 1947 imperii
1875 1914 2027 1947 persona
2048 1900 2207 1945 patroni.

1313 1958 1489 1992 Exercent
1505 1956 1601 1991 hunc
1618 1963 1700 1989 vota
1720 1962 1861 2000 patrum
1877 1982 1885 1994 ‚
1915 1966 1998 1987 mox
2015 1964 2140 1997 aspera
2161 1950 2255 1985 curis

1315 2011 1527 2045 Sollicitudo
1545 2009 1660 2049 subit,
1689 2007 1934 2040 contemnitur
1951 2007 2037 2039 orba
2058 2010 2220 2038 senectus

1314 2062 1359 2096 Et
1376 2062 1570 2108 captatoris
1589 2062 1721 2106 praeda
1742 2067 1793 2094 est
1812 2058 1977 2092 haeredis
1998 2069 2143 2102 egenus,

1314 2115 1434 2148 Vitam
1454 2126 1583 2159 parcus
1600 2125 1703 2157 agas,
1729 2112 1825 2145 avidi
1845 2111 2048 2145 lacerabere
2066 2109 2176 2148 fama,

1286 2177 1288 2200 ἕ
1314 2167 1361 2200 Et
1375 2167 1582 2212 largitorem
1606 2165 1749 2209 gravius
1768 2176 1915 2198 censura
1934 2162 2087 2196 notabit.

1287 2239 1289 2247 ·
1316 2219 1450 2253 Cuncta
1470 2219 1532 2251 tibi
1552 2217 1711 2250 adversis
1730 2217 1910 2250 contraria
1930 2215 2069 2249 casibus
2087 2224 2172 2257 ergo

1315 2272 1461 2317 Optima
1475 2270 1670 2304 Graiorum
1688 2270 1877 2309 sententia,
1896 2268 2030 2314 quippe
2046 2264 2187 2299 homini
2204 2262 2316 2302 aiunt,

1847 2328 1972 2354 natum
2009 2325 2071 2352 aut
2101 2317 2171 2351 cito
2198 2320 2315 2348 morte

1942 2371 2063 2417 potiri.

1600 2461 1734 2495 Dicta
1764 2461 2027 2505 sapientum

1482 2523 1634 2557 Erasmo
1661 2523 1911 2556 Roterodamo
1937 2520 2146 2563 interprete.

1551 2606 1798 2641 Periandri
1826 2602 2078 2639 Corinthii.

1418 2679 1598 2713 Omnibus
1621 2678 1771 2722 placeto.
1832 2675 1934 2709 Bona
1961 2686 2017 2708 res
2043 2673 2154 2719 quies.
2213 2671 2314 2706 Peri*

1314 2733 1432 2767 culosa
1459 2732 1654 2765 temeritas.
1714 2729 1863 2773 Semper
1886 2728 2088 2771 voluptates
2111 2730 2194 2761 sunt
2217 2733 2314 2757 mor-⁴
