2421 3037
314 148 389 186 287

522 231 660 264 Casus
689 227 886 271 pluralis
914 228 1101 262 numeri.

412 289 688 326 Nominativus,
733 287 953 321 accusativus
981 294 1015 321 et
1041 287 1226 322 vocativus
1251 289 1311 322 de-

308 341 483 379 sinuntin
503 353 556 379 es,
585 346 624 372 ut

672 389 884 424 Ardeliones

673 440 801 474 Colles.

408 504 628 542 Neutrorum
665 500 893 539 terminatio,
931 507 969 534 ut
1004 502 1090 536 alias
1127 502 1253 541 etiam,
1290 514 1310 534 a

306 556 436 601 est²⁸)‚
464 561 503 587 ut
526 559 683 597 pectora.

410 607 478 640 Sed
507 603 564 638 hic
594 603 836 637 observabunt
860 604 981 647 pueri,
1010 604 1047 636 in
1073 605 1104 637 ia
1133 604 1229 637 exire
1256 616 1311 645 ea,

306 671 461 705 quorum
480 655 627 689 ablativi
644 655 856 689 desinebant
875 655 912 687 in
932 655 943 687 i
961 662 1099 688 tantum
1121 656 1177 688 vel
1195 655 1231 688 in
1250 656 1261 688 i
1277 662 1312 688 et

306 725 343 751 e,
370 717 409 744 ut
434 708 579 747 mollia,
616 706 814 750 vectigalia.
876 707 1026 740 Praeter
1050 707 1311 752 comparativa,

305 770 345 796 ut
371 762 543 799 meliora,
579 758 759 803 graviora.
814 757 960 791 Veteres
989 765 1110 791 tamen
1139 759 1254 802 pluria
1277 764 1311 791 et

306 815 408 859 plura
427 813 559 846 dixere.

409 864 497 898 Item
518 868 638 895 vetera
655 868 795 893 tantum
817 860 966 899 dicitur,
994 873 1069 893 non
1089 861 1235 894 veteria.

410 916 505 950 Usus
524 914 682 958 aplustra
702 919 733 945 et
753 912 924 956 aplustria
944 912 1038 945 fecit.

410 965 665 1001 Observabunt
699 970 732 996 et
765 963 952 1008 antiquam
976 961 1243 1008 diphthongum
1274 962 1311 996 in

306 1019 516 1054 accusativis
542 1015 753 1054 nominum,
783 1027 938 1060 quorum
964 1015 1113 1059 genitivi
1139 1021 1223 1048 sunt
1244 1026 1310 1047 no-

306 1071 481 1106 minativo
502 1068 646 1103 similes.
701 1065 789 1099 ltem
812 1078 965 1111 quorum
986 1066 1203 1100 nominativi
1222 1065 1312 1100 desi-

306 1130 399 1158 nunt
418 1123 455 1155 in
474 1122 562 1154 duas
581 1124 839 1157 consonantes,
868 1124 907 1151 ut

461 1180 583 1215 Acreis
816 1178 954 1211 omneis

462 1231 636 1267 salubreis
813 1229 946 1273 parteis

461 1284 567 1317 arteis
813 1280 1043 1314 Decembreis
1061 1287 1094 1314 et
1110 1281 1253 1315 similia.

410 1344 539 1379 Graeci
557 1342 749 1376 accusativi
769 1341 978 1374 terminatio
998 1354 1036 1375 as
1054 1347 1117 1381 est,
1144 1348 1194 1382 ut,
1220 1353 1312 1388 κρα-

304 1401 419 1445 τῆρας
437 1408 586 1440 magnos
604 1399 781 1432 statuunt,
811 1400 845 1426 et
864 1393 944 1425 vina
965 1399 1154 1426 coronant.

646 1479 706 1512 De
735 1479 970 1512 Genitivo.

409 1541 639 1577 Tel-minatio
667 1546 719 1573 est
743 1552 802 1572 um
830 1539 885 1571 vel
911 1538 997 1572 ium.
1053 1538 1165 1582 Saepe
1191 1544 1309 1571 autem

305 1593 536 1629 mediocriter
572 1591 722 1624 literatis
756 1588 924 1623 nonnihil
960 1589 1096 1634 negotii
1130 1587 1218 1622 haec
1251 1601 1311 1622 va-

305 1647 413 1681 rietas
437 1645 540 1683 facit,
577 1642 843 1681 dubitantibus,
878 1648 958 1674 utra
983 1640 1240 1674 terminatione
1266 1640 1312 1675 sit

305 1698 491 1733 utendum.

409 1748 568 1782 Proinde
606 1745 706 1790 pueri
742 1744 932 1788 diligenter
966 1742 1023 1777 hic
1047 1743 1311 1778 adsuefaciendi

306 1808 389 1836 sunt
413 1803 458 1834 ad
476 1798 749 1844 perdiscendam
768 1794 873 1829 huius
893 1807 994 1830 casus
1011 1795 1233 1829 varietatem.

768 1863 850 1910 l.‘²⁹)

410 1920 450 1953 ln
475 1919 547 1952 ium
575 1917 743 1951 desinunt
762 1915 905 1954 omnia,
933 1927 1087 1960 quorum
1109 1915 1254 1949 ablativi
1274 1916 1314 1948 fi-

306 1974 412 2007 niunt
429 1972 441 2004 i
456 1976 595 2003 tautum
608 1996 617 2008 ,
645 1969 698 2001 vel
718 1968 726 1999 i
748 1974 781 2000 et
796 1979 813 1999 e
826 1994 836 2007 ‚
863 1974 903 1999 ut

462 2021 601 2066 Ignium
815 2018 955 2052 utilium

463 2072 643 2106 foelicium
815 2069 1004 2103 audacium

464 2124 624 2158 amnium
816 2120 1039 2165 ancipitium.

411 2186 466 2219 Sic
484 2184 622 2228 reliqua
643 2194 661 2213 a
680 2188 795 2225 caput.

463 2235 699 2279 Sapientium.

412 2289 686 2332 Nonnunquam
713 2296 870 2329 syncopa
890 2284 929 2316 fit
947 2283 1149 2327 sapientum
1163 2309 1171 2322 ,
1201 2284 1313 2316 coele-

310 2348 403 2376 stum
424 2340 519 2384 apud
534 2336 738 2381 Virgilium.
793 2335 988 2368 Parentum
1008 2334 1173 2368 usitatius
1191 2341 1253 2368 est,

411 2391 543 2434 Excipe
560 2396 594 2422 ct
613 2387 882 2432 comparativa,
908 2386 1103 2420 Maiorum.
1147 2386 1215 2420 Sed
1233 2386 1312 2430 plus

308 2443 466 2490 plurIum
483 2442 578 2474 facit.

360 2495 405 2528 Et
422 2492 638 2537 composita,
666 2490 872 2529 Artificum,
900 2489 1092 2534 Opificum.

361 2546 447 2580 [tem
465 2543 678 2589 supplicum,
708 2542 868 2585 vigilum,
898 2548 1072 2579 veterum,
1100 2554 1312 2576 memorum.

345 2696 393 2727 28)
414 2698 443 2719 nt
460 2695 534 2753 {llius
554 2695 654 2724 etiam,
679 2700 695 2717 a
715 2695 757 2716 est
768 2695 790 2724 ‚J
820 2694 868 2717 ΕΔ.
889 2700 910 2718 S.
926 2699 965 2717 a.:
1001 2695 1029 2716 ut
1054 2693 1141 2723 alias,
1170 2693 1252 2718 ctiam
1272 2692 1315 2718 hic

378 2732 403 2754 A
426 2737 456 2753 es
473 2747 480 2759 ‚

346 2772 394 2804 2⁹)
414 2773 446 2804 1.]
467 2773 509 2797 hic
532 2779 660 2797 numerus
681 2773 714 2797 ab
733 2772 816 2796 Editt.
840 2772 924 2801 1526.,
948 2771 1022 2795 1546.
1041 2772 1131 2796 abest.

898 142 1022 177 PHIL.
1059 142 1173 177 MEL.
1207 141 1412 176 SCRIPTA
1446 140 1786 176 PHILOLOGICA.

1334 255 1341 269 Ι

2293 145 2369 181 288
2414 119 2421 123 ’

1847 225 1889 260 ii.

1469 287 1505 320 Si
1529 285 1746 319 nominativi
1770 286 1900 320 finiunt
1919 286 2056 320 duabus
2077 288 2372 330 consonantibus,

1364 338 1512 383 genitivi
1523 337 1569 380 3⁰)
1589 337 1662 371 ium
1678 338 1832 377 faciunt,
1861 344 1900 371 ut

1402 399 1491 432 Pars
1499 398 1545 443 3¹)
1574 397 1736 431 Partium
1872 397 2017 430 urbium

1572 449 1717 482 falcium
1873 448 2056 492 glandium

1573 501 1729 534 trabium
1874 500 2047 533 mercium

1574 552 1705 585 artium
1874 548 2091 585 cohortium.

1795 619 1945 664 Excipe:

1573 680 1752 725 Hyemum
1875 679 2079 724 principum

1574 731 1796 775 municipum
1875 731 2082 775 mancipum

1574 782 1751 826 forcipum
1875 783 2025 827 inopum

1576 834 1766 867 coelibum.

1813 908 1869 943 ΠΙ.
1880 909 1925 952 3²)

1471 970 1542 1004 Ubi
1564 983 1666 1015 pares
1685 970 1841 1014 syllabae
1858 969 1894 1001 in
1914 969 2140 1003 nominativo
2158 981 2199 1003 ac
2214 970 2374 1014 genitivo

1365 1028 1467 1062 sunt,
1496 1023 1585 1056 fiunt
1601 1021 1749 1066 genitivi
1768 1034 1830 1065 per
1850 1021 1922 1054 ium
1935 1047 1944 1060 ‚
1973 1027 2013 1054 ut

1576 1081 1730 1115 Collium
1877 1080 2053 1115 mensium

1576 1133 1719 1167 aedium
1876 1132 2019 1166 aurium

1575 1186 1712 1218 sedium
1877 1183 2001 1217 Cicero
2019 1190 2053 1217 et
2066 1185 2190 1218 sedum
2204 1184 2294 1218 dixit
2306 1197 2374 1230 pro

1990 1235 2122 1269 Sextio.

1448 1286 1549 1320 Adde
1578 1287 1694 1320 litium
1878 1284 2006 1317 ditium

1576 1338 1707 1371 virium
1877 1335 2004 1369 salium

1576 1390 1738 1422 manium
1876 1387 2073 1432 penatium.

1793 1456 1926 1501 Excipe
1938 1470 1944 1489 z

1574 1518 1706 1551 Vatum
1876 1517 2047 1550 iuvenum

1575 1582 1704 1603 canum
1876 1580 1987 1612 opum

1575 1633 1764 1666 procerum
1776 1619 1820 1661 33)

1575 1685 1683 1717 apum
1697 1699 1705 1712 ,
1733 1672 1828 1716 apud
1846 1669 2084 1704 Columellam
2102 1676 2138 1703 et
2157 1670 2279 1715 apium
2290 1670 2350 1713 ³²).

1468 1733 1570 1766 Adde
1596 1745 1634 1766 as
1658 1732 1810 1769 assium,
1838 1731 1985 1764 Veteres
2009 1730 2106 1762 enim
2130 1727 2189 1760 hic
2213 1730 2300 1762 assis
2319 1731 2375 1761 di-

1366 1785 1505 1818 cebant.

1877 1830 2033 1864 marium

1877 1883 2036 1916 vadium.

1576 1847 1652 1868 mas

1575 1898 1637 1919 vas

1470 1946 1526 1980 Sic
1543 1944 1706 1990 gentilia:
1744 1943 1900 1988 Arpinas
1927 1940 2172 1986 Arpinatium.

1576 2018 1648 2038 nox
1876 2002 2035 2035 noctium

1573 2057 1634 2089 nix
1876 2053 2014 2086 nivium

1579 2120 1617 2141 os
1877 2105 2010 2139 ossium

1576 2159 1660 2192 faux
1875 2156 2032 2190 faucium

1578 2223 1656 2243 mus
1876 2208 2033 2242 murium
2078 2207 2175 2252 apud
2213 2207 2373 2242 Plinium

1990 2259 2132 2304 reperio
2161 2259 2347 2304 scriptum.

1576 2325 1658 2346 caro
1874 2311 2037 2345 carnium

1575 2377 1637 2398 cor
1875 2363 2050 2397 cordium.

1471 2425 1619 2459 Caetera
1643 2425 1791 2458 nomina
1810 2424 1946 2457 faciunt
1966 2422 2097 2468 plurali
2117 2421 2277 2466 genitivo
2295 2435 2371 2465 um,

1366 2483 1405 2511 ut

1399 2593 1447 2625 30)
1467 2592 1594 2625 genitivi]
1616 2593 1698 2617 Editt.
1721 2593 1808 2623 1546„
1829 2600 1852 2617 s,
1866 2598 1909 2617 ωε
1936 2589 2068 2622 genitivis

1399 2638 1447 2669 31)
1467 2637 1552 2666 Pars]
1573 2637 1601 2660 in
1621 2637 1668 2660 Ed.
1689 2643 1711 2660 s,
1728 2642 1754 2660 a.
1779 2636 1867 2660 deest.

1399 2680 1447 2710 32)
1467 2680 1526 2709 111.]
1546 2680 1588 2704 hie
1608 2686 1678 2704 num.
1700 2681 1734 2704 ab
1753 2679 1835 2703 Editt.
1860 2677 1946 2708 ¹526„
1969 2676 2041 2701 1529.
2062 2678 2152 2702 abest.

1398 2722 1447 2754 ³³)
1468 2724 1626 2754 procerum]
1647 2723 1673 2746 in
1692 2722 1776 2746 Editt.
1799 2721 1886 2752 1546„
1905 2727 1930 2746 s,
1944 2726 1969 2744 ai
1989 2720 2078 2744 deest.

1402 2766 1451 2798 ³4)
1471 2769 1499 2791 et
1517 2765 1621 2798 apium]
1646 2766 1672 2790 in
1692 2766 1753 2791 iisd.
1776 2764 1859 2789 Editt.
1878 2764 1966 2788 deest.
