2421 3037
279 107 353 142 367

382 193 473 227 Belli
501 200 536 227 et
569 192 719 225 militiae
750 190 919 234 genitivis
945 197 1085 225 tantum
1123 191 1286 225 localiter

278 245 333 280 usi
357 251 440 280 sunt
454 245 499 291 ⁹).

646 310 908 353 Numeri.

383 386 559 420 Ordinem
580 386 803 431 significant,
831 385 982 430 primus,
1010 386 1187 419 secundus
1207 391 1284 426 etc„

278 447 310 474 et
331 439 567 482 interrogatio
587 444 735 484 quotus;
764 437 965 471 Numerum
979 437 1036 483 ¹⁰),
1065 450 1172 478 unus,
1199 438 1284 477 duo,

277 498 347 525 tres
369 498 453 530 etc.,
490 497 523 523 et
551 489 788 534 interrogatio
814 495 914 535 quot.
984 488 1110 535 Sedu)
1141 489 1284 523 numeri

275 542 589 582 distributionem,
617 549 656 576 ut
680 541 778 581 bini,
806 541 919 582 terni,
952 541 1140 587 quaterni,
1169 540 1284 586 quini,

277 596 373 635 seni,
401 594 557 639 septeni,
586 594 707 627 octoni
724 593 789 636 12),
826 593 980 633 noveni,
1014 593 1118 632 deni,
1156 592 1284 633 viceni,

278 647 405 680 triceni
419 646 484 692 ¹3),
514 645 752 692 quadrageni.
794 644 900 685 Bini,
928 658 971 690 ye
990 657 1127 678 zweeu.

664 723 697 756 R
716 736 733 756 e
751 735 772 767 g
790 735 812 756 u
828 723 838 755 l
859 736 891 756 a.

377 775 475 819 Ergo
503 776 670 816 interest,
708 787 787 808 cum
818 773 988 807 dicimus:
1025 773 1157 805 Decem
1184 772 1283 805 aurei

275 828 448 863 militibus
475 828 549 860 dati
572 834 676 867 sunt,
705 833 737 860 et
771 826 856 859 deni
880 824 981 858 aurei
1006 824 1181 858 militibus
1209 824 1283 857 dati

273 888 367 916 sunt.
438 880 531 915 Nam
568 881 690 912 decem
731 878 829 911 aurei
866 877 1041 910 militibus
1076 876 1149 909 dati
1188 882 1284 915 sunt,

274 933 450 978 significat
484 938 596 964 totam
631 930 809 975 legionem
840 929 947 962 simul
983 929 1105 961 decem
1142 934 1282 961 tantum

274 997 403 1019 aureos
422 983 616 1028 accepisse,
645 995 720 1015 non
738 981 910 1025 singulos.
974 980 1045 1013 Sed
1072 980 1154 1013 deni
1183 979 1283 1013 aurei

274 1037 476 1082 significant
499 1035 647 1079 singulis
672 1046 745 1068 esse
775 1035 878 1066 datos
902 1034 1024 1065 decem
1053 1044 1203 1071 aureos,
1247 1038 1285 1065 ut

274 1088 449 1123 Germani
488 1087 627 1120 dicunt:
681 1099 723 1131 ye
768 1085 946 1127 eincmss)
993 1082 1103 1117 zellen
1141 1084 1285 1128 gulden.

273 1194 429 1228 scribere
450 1192 554 1231 iussi,
578 1192 687 1237 yeder
707 1201 831 1222 zween
844 1188 901 1235 l⁵).
957 1188 1080 1222 Livius
1099 1187 1233 1221 Decad.
1250 1186 1285 1222 4.

274 1246 367 1279 libro
387 1245 436 1278 1.:
471 1243 574 1276 Binis
592 1243 684 1276 aeris
702 1243 738 1274 in
760 1241 901 1274 modios
918 1241 1053 1285 populo
1074 1240 1285 1274 diviserunt.

275 1298 383 1343 Quod
401 1302 435 1329 et
451 1296 500 1329 sic
519 1295 588 1327 dici
610 1299 769 1339 poterat:
798 1292 966 1337 Singulos
988 1292 1129 1326 modios
1146 1291 1287 1324 duobus
1313 1294 1314 1312 ³

275 1349 412 1383 assibus
432 1348 643 1381 diviserunt.
688 1345 820 1379 Caesar
850 1343 911 1392 [de
939 1345 1031 1377 bello
1053 1344 1119 1377 civ.
1137 1341 1200 1391 I.]:
1231 1343 1285 1375 Ad

275 1401 444 1434 denarios
469 1398 730 1445 quinquaginta
750 1397 785 1429 in
803 1396 962 1441 singulos
980 1396 1123 1430 modios
1141 1404 1287 1428 annona

276 1458 502 1499 pervenerat.
541 1450 666 1484 Livius
688 1447 840 1497 [lib.lll.
858 1447 1040 1496 dec.lV.]:
1073 1447 1111 1481 ln
1127 1447 1287 1491 singulos

276 1506 414 1551 pedites
432 1504 505 1536 dati
524 1501 719 1546 octingenti
738 1500 842 1535 aeris.
884 1500 1008 1534 Livius
1032 1498 1113 1547 [lib.
1130 1499 1188 1533 Vl.
1212 1500 1287 1532 dec.

276 1555 377 1604 IV.]:
406 1555 595 1594 Militibus,
624 1553 686 1598 qui
701 1565 845 1585 currum
864 1552 973 1585 secuti
994 1558 1089 1592 sunt,
1119 1558 1288 1584 centenos

278 1610 422 1642 vicenos
449 1607 579 1653 quinos
605 1617 698 1639 asses
720 1604 859 1641 divisit,
889 1604 924 1636 id
944 1610 1014 1643 est,
1043 1603 1190 1646 singulis
1209 1615 1288 1635 cen-

278 1669 353 1695 tum
373 1660 534 1706 quinque
551 1664 584 1691 et
596 1656 725 1701 viginti
741 1668 846 1690 asses.
883 1656 1075 1689 Suetonius
1094 1654 1184 1702 [vita
1196 1654 1288 1698 Aug.

278 1711 378 1760 4l.]:
408 1709 601 1755 Congiaria
621 1709 756 1754 populo
773 1708 981 1754 frequenter
996 1707 1130 1747 divisit,
1158 1708 1218 1740 sed
1237 1707 1289 1739 di-

279 1776 401 1799 versae
424 1764 496 1796 sere
521 1773 703 1801 summae,
738 1761 848 1793 modo
875 1761 1150 1805 quadragenos,
1178 1760 1288 1791 modo

278 1817 454 1856 tricenos,
482 1824 748 1859 nonnunquam
766 1813 924 1846 ducenos
942 1811 1289 1857 quinquagenosque

278 1881 423 1905 numos.

867 105 991 139 PHIL.
1028 106 1142 140 MEL.
1177 103 1381 139 SCRIPTA
1416 103 1756 141 PHILOLOGICA.

2269 111 2344 146 368

1445 190 1594 224 Ordinis
1613 191 1822 226 nominibus
1839 191 1888 225 sic
1906 192 2055 233 utimur,
2084 193 2226 228 Cicero:
2256 195 2346 229 Ter-

1339 241 1390 275 tio
1409 254 1554 288 quoque
1566 241 1611 290 ¹⁸)
1627 243 1684 277 die
1697 270 1706 284 ,
1734 256 1776 289 ye
1795 255 1853 277 am
1871 243 2007 278 dritten
2028 252 2098 290 tag.

1545 336 1622 376 De
1652 337 2135 390 Impersonalibus.

1441 409 1610 444 Passivae
1628 411 1726 445 vocis
1741 411 1999 456 impersonalia
2019 414 2063 446 ab
2080 413 2249 448 omnibus
2266 426 2345 448 ver-

1338 461 1391 496 bis
1410 468 1486 495 tum
1504 461 1648 503 activis,
1676 469 1753 496 tum
1772 464 1910 498 neutris
1928 466 2073 499 cadunt.
2115 465 2346 500 constructio

1338 526 1487 558 prorsus
1519 514 1684 547 imitatur
1707 515 1869 559 regulam
1893 517 2142 560 passivorum,
2183 524 2347 562 praeter-

1339 578 1447 611 quam
1470 567 1567 612 quod
1590 566 1710 600 nullus
1730 567 1977 602 nominativus
1994 568 2189 613 praecedit.
2251 569 2347 604 Nam

1338 617 1420 650 ideo
1441 618 1610 652 dicuntur
1634 618 1914 662 impersonalia,
1951 625 2006 653 ut:
2036 619 2191 654 Luditur
2216 621 2259 654 de
2282 627 2346 654 tuo

1339 669 1451 703 corio.
1524 668 1600 703 Itur
1625 671 1670 703 ad
1699 682 1774 711 me,
1819 671 1994 717 quoniam
2024 671 2163 705 nemini
2199 671 2348 706 obtrudi

1338 727 1468 765 potest.
1522 720 1563 754 In
1581 722 1675 755 diem
1693 722 1839 757 vivitur.
1893 722 2034 756 Benefit
2051 723 2173 757 multis
2201 735 2220 756 a
2245 723 2347 768 prin-

1340 772 1418 817 cipe
1437 772 1497 819 19).

1442 824 1645 858 Accusativi
1677 825 1836 869 proximi
1868 826 2071 859 activorum
2097 838 2173 860 non
2196 832 2349 871 possunt

1338 874 1643 920 impersonalibus
1679 877 1807 910 subiici
1848 879 1945 922 apud
1980 876 2143 912 Latinos.
2219 877 2347 923 Neque

1339 927 1435 960 enim
1454 935 1550 961 recte
1576 928 1724 961 dicitur:
1762 928 1911 972 Legitur
1929 929 2135 973 Virgilium.
2188 928 2237 962 At
2255 929 2348 963 Ger-

1338 979 1439 1012 mani
1467 992 1507 1013 ea
1517 979 1566 1026 ¹2⁰)
1592 981 1704 1024 figura
1731 981 1787 1014 usi
1810 986 1913 1014 sunt:
1956 980 2047 1013 Man
2071 981 2151 1015 liset
2173 981 2244 1014 den
2264 980 2348 1014 Vir-

1339 1031 1478 1075 gilium.
1550 1031 1607 1066 Sic
1643 1038 1677 1065 et
1712 1032 1859 1066 Graeci:
1908 1029 2254 1081 Ἀναγιγνώσκεται
2279 1029 2348 1068 τὸν

1311 1096 1313 1116 :
1339 1079 1546 1118 Πλάτωνα.

272 1141 398 1174 Livius
430 1138 512 1188 [lib.
528 1138 553 1173 l.
577 1140 652 1172 dec.
669 1137 763 1180 lV.]:
802 1136 975 1170 Consules
999 1137 1102 1169 binas
1127 1135 1286 1180 legiones
1312 1128 1314 1166 ζ

384 1921 453 1954 Sed
486 1917 650 1951 invenias
681 1917 811 1956 etiam,
854 1929 934 1949 cum
969 1914 1207 1950 distributivis
1235 1914 1289 1948 usi
1316 1936 1318 1956 3

281 1972 427 2019 sintlss),
455 1970 624 2004 adiecisse
641 1980 777 2002 nomen
793 1967 943 2012 singuli,
972 1968 1008 2001 id
1030 1968 1163 2011 opinor
1187 1978 1290 2011 prae·
1316 1980 1317 1989 ³

280 2033 335 2060 ter
351 2023 557 2069 analogiam
575 2021 671 2062 fieri,
700 2027 734 2054 et
750 2032 873 2053 rarum
893 2026 955 2053 est.
991 2018 1116 2053 Livius
1133 2017 1214 2067 [lib.
1230 2017 1290 2052 IX.

281 2080 358 2113 dec.
376 2074 475 2123 lV.]:
505 2074 662 2119 Singulis
682 2079 830 2106 centena
849 2072 974 2105 millia.

385 2129 520 2162 Poetae
552 2124 791 2160 distributivis
828 2123 1026 2170 aliquando
1063 2122 1165 2156 abusi
1195 2128 1290 2163 sunt,

284 2188 323 2216 ut
347 2180 537 2225 Virgilius:
572 2178 730 2223 Septeno
756 2176 916 2221 gurgite,
951 2188 1018 2221 pro
1045 2180 1180 2220 septem
1207 2187 1289 2219 gur·
1316 2188 1318 2198 ¹

285 2233 428 2278 gitibus.

285 2336 403 2377 mina,
431 2342 488 2370 ut:
518 2334 633 2367 Binae
651 2333 796 2373 literae,
824 2344 891 2376 pro
907 2333 1046 2366 duabus
1065 2330 1237 2376 epistolis.

357 2471 433 2494 litiae
453 2473 479 2494 et
500 2471 571 2494 domi
592 2470 702 2493 suimus.

324 2505 369 2536 10)
390 2506 553 2534 Numerum]
574 2506 622 2528 Ed.
640 2504 716 2529 1539.
737 2505 791 2528 sed
811 2510 952 2528 munerum

325 2540 366 2571 11)
386 2540 456 2568 Sed]
476 2541 525 2563 Ed.
543 2540 619 2564 1539.
639 2541 674 2562 At

323 2576 371 2603 12)
395 2573 502 2606 octoni]
522 2575 571 2598 Ed.
589 2574 664 2597 ¹539.
683 2573 775 2598 octeni

326 2610 370 2641 13)
390 2608 495 2641 viceni]
518 2609 544 2632 in
567 2609 615 2632 Ed.
634 2609 709 2634 1539.
728 2609 815 2632 deest.

325 2645 368 2675 14)
389 2643 489 2676 einem]
510 2644 537 2667 in
557 2644 607 2669 Ed.
624 2644 698 2667 1526.
720 2644 807 2667 deest.

324 2679 370 2711 15)
391 2680 517 2708 zween.]
537 2679 587 2703 Ed.
605 2679 679 2702 1539.
699 2684 774 2702 zwo.

325 2716 371 2741 16)
392 2714 474 2743 sinn]
495 2714 535 2738 sic
554 2713 746 2743 Editt.1526.‚
770 2712 865 2741 1539‚;
892 2712 942 2737 Ed.
962 2712 1035 2736 1529.
1055 2712 1130 2741 sunt,

326 2749 372 2776 17)
392 2749 529 2779 pluralia]
551 2749 599 2773 Ed.
618 2748 694 2773 1539.
717 2748 803 2773 male:
829 2747 935 2771 Plurali

321 2436 350 2468 9)
372 2436 421 2460 Ed.
439 2436 515 2459 1539.
535 2437 558 2460 h.
573 2437 591 2460 l.
612 2435 704 2459 addit:
731 2435 809 2464 Apud
823 2434 998 2459 Terentium:
1026 2435 1086 2457 Una
1107 2439 1217 2464 semper
1237 2432 1288 2457 mi-
1314 2419 1316 2427 Ι

1316 1993 1318 2018 l

1316 2063 1318 2183 ι

1316 2200 1318 2250 Ι

1312 2396 1317 2542 i

1314 2551 1318 2751 ἱ

1316 2257 1318 2269 ,»
1343 2245 1419 2266 non
1453 2238 1635 2277 putaram.

388 2282 547 2318 Pluralia
569 2282 616 2329 17)
648 2288 771 2315 tamen
800 2279 946 2324 exigunt
970 2279 1200 2313 distributiva
1224 2291 1289 2312 no·
1315 2293 1317 2299 ,

1443 1134 1591 1169 Activae
1610 1134 1707 1168 vocis
1725 1134 2003 1179 impersonalia,
2037 1134 2105 1168 alia
2132 1135 2222 1169 alios
2247 1146 2348 1168 casus

1341 1186 1554 1220 adsciscunt.
1609 1186 1828 1232 Quanquam
1857 1193 1978 1220 autem
2003 1198 2157 1231 persona
2183 1186 2349 1220 videatur

1340 1238 1498 1278 incerta,
1528 1238 1611 1283 quia
1631 1239 1761 1272 desunt
1785 1238 2026 1279 nominativi,
2063 1245 2185 1271 tamen
2209 1237 2349 1284 obliqui

1341 1302 1534 1335 personam
1545 1288 1593 1336 ²¹)
1619 1290 1806 1325 definiunt.
1871 1290 1993 1335 Quare
2019 1289 2277 1334 impersonalia
2299 1289 2349 1323 sic

1342 1342 1536 1375 ordiuntur
1560 1342 1776 1376 sententiam
1793 1368 1802 1382 ,
1834 1348 1873 1375 ut
1894 1341 2114 1386 personalia.
2168 1341 2207 1375 Si
2231 1342 2347 1375 dicas:

1341 1394 1548 1438 Principem
1576 1400 1720 1438 oportet
1748 1393 1868 1438 potius
1894 1393 2079 1427 consulere
2104 1393 2270 1438 publicae
2295 1403 2349 1426 sa-

1314 1446 1428 1486 stuli,
1471 1458 1580 1491 quam
1614 1445 1765 1489 privatis
1797 1445 1995 1478 adfectibus
2027 1457 2166 1478 morem
2207 1455 2350 1488 gerere;

1341 1495 1399 1531 hic
1428 1497 1651 1531 accusativus
1681 1510 1762 1531 cum
1792 1497 1901 1530 verbo
1924 1497 2074 1541 perinde
2098 1494 2246 1529 inchoat
2271 1507 2351 1530 sen—

1341 1550 1514 1587 tentiam,
1543 1555 1578 1582 et
1596 1556 1729 1582 certam
1752 1561 1945 1594 personam
1965 1548 2148 1593 designat,
2176 1554 2216 1581 ut
2232 1547 2350 1580 nomi-

1342 1602 1485 1635 nativus
1505 1614 1585 1634 cum
1609 1602 1741 1641 verbo,
1768 1600 1797 1634 si
1815 1600 1927 1635 dicas:
1956 1600 2130 1645 Princeps
2155 1600 2261 1633 debet
2286 1611 2350 1644 po-

1342 1653 1412 1687 tius
1431 1654 1616 1687 consulere
1635 1653 1798 1697 publicae
1817 1652 1945 1693 saluti,
1981 1664 2089 1698 quam
2114 1651 2264 1697 privatis
2289 1652 2350 1684 ad-

1342 1706 1495 1739 fectibus
1513 1717 1651 1738 morem
1670 1717 1806 1749 gerere.

1447 1757 1627 1803 Pleraque
1645 1763 1766 1791 autem
1788 1757 1897 1789 verba
1923 1754 2129 1800 personalia
2152 1754 2291 1801 alioqui
2301 1755 2350 1802 22)

1343 1809 1611 1843 constructione
1630 1809 1667 1842 in
1682 1807 1939 1854 impersonalia
1962 1808 2193 1852 degenerant.

1660 1902 1835 1947 Regula
1871 1901 2032 1946 prima.

1446 1970 1531 2012 Est,
1571 1971 1740 2011 interest,
1784 1972 1912 2010 refert,
1963 1981 2156 2015 personam
2189 1967 2349 2013 genitivo

1344 2023 1553 2067 designant,
1581 2030 1615 2056 et
1631 2029 1832 2069 sequuntur
1848 2024 1921 2056 fere
1941 2021 2133 2062 infinitiva,
2162 2020 2250 2055 alias
2267 2031 2351 2053 con-

1344 2076 1523 2116 iunctiva,
1564 2082 1605 2109 ut
1633 2082 1666 2109 et
1686 2075 1990 2120 interrogationes
2005 2072 2054 2122 ²3)
2081 2071 2252 2122 [Sueton.
2276 2072 2350 2106 vita

1344 2128 1468 2162 Tiber.
1488 2140 1516 2162 c.
1536 2124 1637 2175 322]
1673 2127 1769 2161 Boni
1793 2128 1948 2173 pastoris
1973 2133 2025 2161 est
2050 2127 2202 2160 tondere
2231 2137 2352 2171 pecus,

1343 2192 1419 2214 non
1452 2180 1657 2224 deglubere.
1723 2180 1808 2214 Non
1842 2186 1894 2215 est
1925 2178 2097 2224 sapientis
2122 2178 2191 2212 viri
2213 2178 2349 2211 dicere:

1716 2232 1950 2277 Reipublicae
1990 2232 2100 2265 refert
2136 2241 2350 2264 conservare

1344 2285 1484 2325 literas,
1512 2290 1567 2324 et,
1605 2290 1643 2317 ut
1668 2291 1929 2319 conserventur
1956 2284 2093 2318 literae.
2155 2282 2348 2317 Salustius:

1380 2419 1424 2452 18)
1446 2420 1567 2450 quoque]
1588 2420 1635 2444 Ed.
1653 2419 1728 2444 1529.
1749 2425 1874 2451 quoquo;
1900 2419 1926 2442 in
1946 2419 1994 2442 Ed.
2014 2418 2089 2442 1539.
2111 2417 2199 2441 deest.

1380 2465 1426 2492 19)
1446 2464 1495 2487 Ed.
1517 2463 1591 2487 1539.
1621 2463 1677 2486 h.1.
1705 2462 1796 2487 addit:
1828 2462 1940 2485 Vivitur
1961 2461 2088 2492 ingenio,
2115 2461 2227 2484 caetera
2250 2459 2345 2484 mortis

1413 2499 1504 2521 erunt.
1549 2497 1626 2521 Mille
1645 2498 1784 2521 hominum
1803 2497 1930 2527 species,
1965 2498 1994 2520 et
2015 2501 2109 2519 rerum
2128 2494 2253 2519 discolor
2270 2501 2345 2518 usus,

1414 2533 1497 2556 Velle
1516 2539 1596 2555 Suum
1616 2532 1711 2562 cuique
1731 2534 1792 2560 cst,
1819 2538 1869 2555 nec
1888 2533 1952 2555 voto
1973 2530 2077 2554 vivitur
2099 2535 2162 2555 uno,

1378 2576 1427 2605 20)
1447 2575 1580 2600 Germani
1599 2576 1646 2604 ea]
1668 2575 1718 2599 Ed.
1736 2575 1812 2599 1539.
1834 2574 2000 2598 Germanica

1375 2619 1423 2649 21)
1444 2620 1609 2650 personam]
1630 2619 1679 2642 Ed.
1699 2619 1775 2643 1529.
1796 2624 1917 2649 persona

1377 2662 1425 2695 22)
1446 2661 1560 2694 alioqui]
1582 2663 1631 2687 Ed.
1651 2662 1726 2687 1539.
1746 2663 1834 2687 male:
1863 2662 1948 2692 aliqui

1377 2707 1427 2735 23)
1447 2708 1477 2730 ut
1497 2707 1525 2730 et
1545 2704 1806 2737 interrogationes]
1831 2705 1988 2731 Ed.1539.:
2023 2710 2085 2729 cum
2113 2702 2264 2735 particula,
2299 2700 2345 2724 aut

1414 2741 1557 2772 particulis
1577 2741 1799 2773 interrogativis
