2421 3037
267 117 342 152 739

268 203 399 238 Omnis
416 203 530 248 pietas
549 208 599 235 est
618 201 742 240 virtus,
774 200 810 233 in
830 198 915 233 hoc:
953 199 1140 245 Quaedam
1160 198 1274 231 virtus

269 262 321 290 est
339 255 466 300 pietas.
502 255 550 287 At
565 264 672 296 supra
690 252 877 292 admonui,
905 251 1152 284 conversionis
1168 262 1271 283 usum

267 320 325 340 me
342 318 416 339 non
433 305 554 337 videre
571 305 665 348 apud
685 309 867 343 oratores,
893 310 956 337 aut
973 304 1010 335 in
1035 309 1109 336 tota
1132 301 1274 334 ratione

267 356 461 403 loquendi,
504 357 549 388 ad
583 352 763 399 sophistas
795 354 884 388 haec
907 354 1050 398 nugalia
1078 353 1274 398 pertinent,

269 409 331 454 qui
349 408 398 441 sic
416 407 600 440 dialectica
628 412 802 447 tractant,
831 413 871 440 ut
896 418 1021 440 eorum
1047 418 1149 439 usum
1174 404 1275 449 peni-

272 466 327 494 tus
344 459 524 504 ignorent.
578 458 669 492 Nam
688 458 767 503 quis
786 459 841 491 vel
859 458 1005 492 insanus
1025 458 1073 491 sic
1092 457 1254 500 colligat:

426 509 556 543 Omnis
575 509 708 542 iustitia
731 516 781 543 est
796 510 911 544 virtus
923 537 932 550 ,

427 560 556 594 Omnis
574 561 688 605 pietas
709 568 761 595 est
778 561 927 601 iustitia,
956 573 1040 605 ergo

423 612 611 658 Quaedam
630 612 744 646 virtus
762 620 813 647 est
832 613 957 657 pietas.

373 673 500 718 Neque
520 673 615 705 enim
635 673 818 707 conclusio
837 673 919 706 talis
934 685 976 706 ex
992 670 1047 705 his
1062 669 1277 715 pronuntia-

269 724 314 758 tis
340 724 488 769 proprie
515 725 768 769 consequitur,
809 736 920 770 quare
952 723 1179 769 syllogismus
1207 721 1277 754 dici

270 788 344 808 non
365 776 489 816 debet,
518 776 555 808 in
573 788 645 821 quo
664 788 738 809 non
765 784 847 821 apte
876 789 954 810 cum
981 775 1119 808 maiore
1146 786 1186 806 ac
1212 773 1277 805 mi-

272 840 362 860 nore
382 826 552 861 cohaeret
570 828 766 862 conclusio.

531 913 593 946 De
620 914 816 947 secunda
846 913 1015 957 figura.

373 983 536 1016 Secunda
556 983 667 1025 figura
689 988 758 1021 est,
785 983 822 1014 in
840 993 910 1027 qua
926 981 1107 1021 medium,
1138 986 1211 1013 tam
1240 980 1278 1012 in

269 1035 428 1075 maiore,
457 1047 565 1080 quam
584 1034 622 1066 in
640 1033 781 1066 minore
798 1032 996 1078 praedicati
1015 1032 1127 1065 vicem
1152 1032 1278 1065 defun-

266 1087 381 1131 gitur,
410 1092 532 1131 estque
553 1085 627 1119 eius
644 1085 867 1118 admirabilis
884 1097 967 1118 usus
994 1084 1030 1117 in
1055 1084 1278 1117 coniectura-

267 1139 360 1172 libus
378 1137 618 1182 argumentis,
647 1137 826 1182 planeque
848 1137 885 1169 in
907 1136 1075 1170 omnibus
1098 1135 1278 1181 quaestio-

268 1191 392 1229 nibus,
429 1189 489 1223 ubi
511 1202 528 1222 e
548 1189 748 1234 posteriore
771 1189 870 1233 prius
895 1188 1090 1234 quiddam,
1126 1200 1189 1221 ceu
1213 1199 1278 1231 per

272 1242 496 1276 coniecturas
515 1242 732 1284 vestigamus
742 1240 800 1286 5³).
846 1239 1055 1273 Incredibile
1072 1246 1135 1279 est,
1164 1250 1278 1285 quan—

269 1301 343 1327 tam
371 1293 666 1326 commoditatem
693 1305 734 1326 ex
758 1290 824 1325 hac
850 1291 1130 1336 argumentandi
1159 1292 1276 1324 forma

269 1352 504 1391 percepturus
529 1345 594 1385 sis,
626 1345 656 1378 si
683 1345 873 1388 diligenter
897 1356 975 1376 eam
1002 1343 1038 1376 in
1064 1342 1279 1376 coniecturis

269 1397 491 1437 exercueris,
524 1404 583 1437 ut,
616 1395 818 1441 Episcopus
840 1408 916 1429 non
945 1395 1195 1439 belligeratur,
1223 1393 1279 1427 Iu-

269 1451 337 1484 lios
354 1449 606 1493 belligeratur,
634 1461 710 1481 non
736 1454 788 1481 est
811 1447 920 1492 igitur
937 1447 1150 1491 Episcopus.
1203 1446 1279 1478 Hac

271 1501 550 1546 argumentandi
576 1501 692 1533 forma
719 1506 753 1533 et
772 1500 897 1533 Cicero
922 1512 1001 1532 cum
1032 1499 1117 1531 alibi
1139 1498 1279 1537 crebro,

273 1560 349 1587 tum
370 1566 436 1598 pro
454 1553 547 1586 Mar.
567 1552 691 1585 Coelio
710 1552 844 1590 utitur,
872 1552 921 1584 sic
938 1551 1123 1594 colligens:
1161 1549 1278 1584 Nemo

270 1605 497 1649 voluptarius
529 1604 715 1637 literarum
748 1603 928 1637 studiosus
959 1609 1031 1642 est,
1073 1608 1109 1634 at
1136 1601 1279 1635 Coelius

271 1657 458 1690 literarum
493 1656 778 1694 studiosusiest,
816 1654 1041 1699 voluptarius
1068 1653 1177 1697 igitur
1206 1665 1280 1685 non

273 1716 343 1749 est,
373 1721 479 1754 quem
498 1707 744 1753 syllogismum
763 1706 925 1739 oratorio
953 1718 1054 1738 more
1079 1704 1281 1749 copiosissi-

270 1774 328 1794 me
347 1761 494 1805 exponit
504 1759 648 1799 Cicero,
676 1759 834 1804 primum
854 1757 1140 1802 complexionem
1165 1756 1278 1800 ipsam

271 1825 500 1858 proponens,
551 1811 681 1844 deinde
718 1811 924 1850 minorem,
973 1815 1055 1853 post
1092 1809 1280 1842 maiorem.

270 1865 365 1899 Nam
401 1862 471 1897 hoc
509 1863 636 1896 ordine
671 1863 744 1896 fere
779 1869 813 1895 et
849 1859 1112 1895 Demosthenes
1155 1860 1280 1894 utitur.

271 1916 390 1950 Verba
410 1915 614 1955 Ciceronis,
644 1927 717 1960 quo
744 1920 905 1948 asuescat
924 1913 1091 1947 iuventus
1117 1914 1162 1946 ad
1189 1911 1280 1945 iudi-

272 1969 366 2002 cium
395 1980 459 2012 per
490 1967 672 2011 exempla,
715 1966 922 2000 subiiciam:
969 1966 1015 1997 At
1049 1976 1135 1997 vero
1169 1963 1206 1996 in
1230 1963 1280 1997 M.

274 2021 397 2055 Coelio
433 2020 565 2064 (dicam
598 2019 692 2052 enim
720 2018 790 2050 iam
822 2016 1060 2051 confidentius
1085 2017 1128 2049 de
1154 2015 1280 2049 studiis

274 2074 348 2106 eius
372 2071 549 2110 honestis,
580 2082 671 2116 quae
700 2072 816 2103 audeo
843 2076 957 2103 vestra
986 2068 1142 2114 quadam
1169 2068 1280 2100 fretus

274 2124 448 2169 sapientia
461 2151 470 2163 ,
498 2123 609 2156 libere
628 2120 808 2168 confiteri)
826 2121 922 2154 nulla
949 2119 1107 2153 luxuries
1125 2119 1280 2163 reperie—

274 2184 352 2215 tur,
389 2176 480 2209 nulli
502 2181 686 2219 sumptus,
724 2174 863 2207 nullum
891 2184 949 2205 aes
974 2172 1153 2211 alienum,
1181 2171 1278 2204 nulla

274 2228 524 2261 conviviorum
552 2240 592 2259 ac
616 2227 811 2259 lustrorum
840 2224 973 2264 libido,
1010 2225 1107 2269 quod
1133 2223 1278 2267 quidem

274 2280 401 2313 vitium
423 2279 558 2312 ventris
577 2286 610 2311 et
631 2279 803 2322 gutturis,
831 2289 906 2309 non
931 2277 1041 2308 modo
1058 2274 1188 2319 non54)
1215 2274 1280 2306 mi—

274 2333 354 2365 nuit
370 2338 465 2365 aetas
483 2329 710 2370 hominibus,
738 2331 798 2363 sed
819 2335 853 2362 et
871 2334 988 2372 auget.
1043 2327 1196 2360 Amores
1219 2338 1281 2359 au-

274 2391 367 2423 tem,
403 2391 436 2416 et
460 2381 527 2416 liae
550 2382 714 2421 delitiae,
759 2393 850 2427 quae
877 2386 1071 2418 vocantur,
1108 2392 1199 2424 quae
1223 2379 1281 2411 fir—

273 2436 389 2468 miore
423 2435 544 2467 animo
572 2434 742 2478 praeditis
771 2432 904 2466 diutius
928 2432 1098 2464 molestae
1126 2443 1199 2463 non
1225 2443 1281 2463 so-

274 2489 348 2521 lent
373 2499 465 2526 esse,
494 2493 633 2519 mature
661 2486 755 2518 enim
785 2492 817 2518 et
844 2484 1006 2517 celeriter
1029 2482 1281 2521 deflorescunt,

273 2552 461 2585 nunquam
480 2536 575 2571 hunc
595 2544 828 2581 occupatum,
857 2536 1141 2580 impeditumque
1159 2541 1281 2568 tenue-

276 2598 372 2625 runt.
426 2590 608 2623 Hactenus
626 2589 750 2622 Cicero
770 2586 890 2621 thema
910 2600 971 2621 seu
992 2586 1278 2631 complexionem

311 2710 358 2738 53)
380 2712 479 2734 Aimot.
493 2714 599 2739 marg:
621 2706 763 2730 secundae
778 2705 884 2735 figurae
900 2711 967 2727 usus
992 2705 1035 2727 est
1056 2704 1083 2727 in
1104 2703 1280 2727 coniecturis.

310 2755 358 2780 5⁴]
379 2751 446 2784 non]
467 2754 517 2776 hoe
536 2751 654 2775 alterum
674 2750 702 2774 in
721 2749 771 2772 Ed.
787 2750 812 2773 2.
834 2748 966 2772 omissum
987 2748 1038 2771 est.

802 113 927 149 PHIL.
955 112 1070 149 MEL.
1098 111 1303 147 SCRIPTA
1330 110 1464 146 VARII
1489 108 1798 145 ARGUMENTI.

2255 108 2329 143 740

1328 196 1528 243 syllogismi
1554 196 1748 241 proponit,
1783 195 1946 230 Coelium
1969 207 2044 228 non
2069 207 2142 229 esse
2166 195 2331 240 volupta-

1328 250 1444 287 1·ium;
1472 246 1603 282 dehinc
1622 248 1800 281 minorem
1820 246 2002 291 producit,
2018 246 2330 280 instructissimam

1328 301 1426 334 illam
1447 300 1591 346 quidem
1612 306 1651 333 ut
1668 299 1803 338 omnia,
1824 296 1880 333 his
1898 298 2030 331 verbis:
2059 297 2230 339 Audistis,
2251 309 2330 331 cum

1330 365 1396 398 pro
1429 364 1465 386 se
1499 353 1652 391 diceret,
1697 350 1845 384 audistis
1871 356 1998 390 antea,
2032 362 2112 383 cum
2133 356 2333 390 accusaret,

1330 403 1566 449 (defendendi
1590 415 1711 437 caussa
1731 400 1839 442 haec,
1865 414 1939 435 non
1963 401 2144 446 gloriandi
2163 401 2332 447 eloquor)

1330 468 1441 500 genus
1465 454 1662 495 orationis,
1703 454 1930 494 facultatem,
1972 453 2112 498 copiam
2141 452 2334 487 sententia-

1331 520 1410 541 rum
1431 513 1538 553 atque
1554 506 1769 545 verborum,
1799 517 1890 551 quae
1911 510 2026 538 vestra
2054 504 2246 549 prudentia
2271 510 2335 544 est,

1331 559 1579 604 perspexistis,
1624 565 1745 604 atque,
1762 557 1799 590 in
1825 569 1866 589 eo
1894 568 1970 589 non
1999 556 2114 590 solum
2149 555 2334 600 ingenium

1332 611 1471 644 elucere
1488 611 1563 644 eius
1582 609 1777 649 videbatis,
1806 608 1904 654 quod
1921 620 2027 652 saepe
2045 608 2152 641 etiam
2178 607 2207 641 si
2230 607 2336 640 indu-

1332 662 1416 696 stria
1436 675 1511 695 non
1528 662 1656 701 alitur,
1688 661 1782 694 valet
1805 667 1927 693 tamen
1950 659 2067 704 ipsum
2092 659 2164 693 suis
2187 658 2334 692 viribus.

1332 714 1400 747 Sed
1426 713 1544 747 inerat
1567 712 1655 758 (nisi
1676 725 1733 746 me
1756 718 1906 757 propter
1928 710 2218 745 benevolentiam
2242 711 2335 744 forte

1331 766 1494 811 fallebat)
1512 764 1629 798 oratio
1646 771 1680 798 et
1695 764 1800 797 bonis
1817 763 1954 797 artibus
1979 762 2141 798 instituta
2153 789 2163 803 ,
2192 768 2226 796 et
2244 774 2335 809 ¹cura

1333 824 1368 850 et
1384 817 1515 861 vigiliis
1533 817 1730 850 elaborata.
1784 815 1965 849 Hactenus
1983 814 2109 849 Cicero
2132 814 2337 859 argumenti

1333 869 1511 902 minorem
1545 867 1666 908 duxit,
1711 879 1819 913 quam
1854 873 2022 908 exornat,
2060 867 2249 912 munitque
2275 866 2337 899 ad-

1333 921 1421 954 iecta
1441 921 1601 961 maiore,
1629 919 1747 953 omnis
1765 918 1860 952 enim
1880 919 1996 952 maior
2014 919 2051 952 in
2075 918 2214 952 duabus
2239 917 2337 962 prio-

1332 973 1431 1006 ribus
1461 973 1583 1017 figuris
1620 970 1862 1004 conformatio
1880 970 1927 1018 ⁵⁵)
1960 971 2137 1016 quaedam
2170 969 2336 1014 gnomica

1333 1031 1385 1058 est
1397 1023 1456 1071 5θ’).
1512 1024 1569 1058 Sic
1587 1035 1673 1056 vero
1692 1023 1769 1056 ille:
1804 1023 1922 1068 Atque
1949 1022 2075 1056 scitote
2096 1021 2250 1063 iudices,
2279 1033 2338 1055 eas

1333 1076 1567 1120 cupiditates,
1595 1087 1688 1121 quae
1710 1074 1930 1108 obiiciuntur
1946 1073 2093 1114 Coelio,
2118 1080 2226 1119 atque
2249 1071 2337 1106 haec

1332 1128 1472 1168 studia,
1499 1129 1541 1161 de
1566 1127 1696 1173 quibus
1722 1126 1887 1170 disputo,
1923 1138 1998 1159 non
2022 1125 2125 1159 facile
2148 1125 2186 1158 in
2209 1125 2335 1158 eodem

1332 1178 1480 1213 homine
1512 1191 1585 1213 esse
1609 1190 1725 1223 posse.
1783 1177 1879 1210 Fieri
1906 1178 2001 1211 enim
2027 1190 2103 1210 non
2128 1182 2263 1221 potest,
2299 1183 2339 1210 ut

1333 1231 1475 1265 animus
1491 1230 1635 1265 libidini
1652 1229 1814 1270 deditus,
1843 1241 1984 1269 amore,
2013 1229 2212 1269 desiderio,
2239 1229 2339 1273 cupi-

1332 1283 1463 1324 ditate,
1492 1295 1554 1328 spe
1579 1282 1714 1322 nimia,
1743 1280 1867 1326 copia,
1896 1281 2019 1325 inopia
2040 1281 2147 1314 etiam
2169 1292 2338 1313 nonnun-

1334 1348 1441 1381 quam
1463 1335 1676 1379 impeditus,
1701 1331 1770 1366 hoc
1787 1333 1964 1378 quidquid
1984 1338 2054 1373 est,
2089 1333 2187 1378 quod
2204 1344 2271 1366 nos
2287 1332 2338 1364 sa-

1334 1387 1446 1421 cimus
1469 1386 1506 1419 in
1531 1387 1705 1426 dicendo,
1734 1396 1809 1417 non
1833 1385 1943 1417 modo
1967 1385 2127 1428 agendo,
2154 1396 2279 1417 verum
2304 1389 2339 1416 et

1333 1439 1525 1482 cogitando
1542 1437 1654 1482 possit
1668 1436 1862 1476 sustinere,
1888 1442 1996 1481 atque
2015 1433 2103 1469 haec
2126 1435 2244 1468 forma
2263 1447 2339 1468 ma-

1333 1490 1390 1523 ior
1407 1497 1458 1524 est
1475 1488 1690 1534 argumenti.
1744 1487 1891 1522 Possem
1917 1485 1986 1520 hoc
2009 1499 2120 1531 genus
2147 1488 2336 1520 innumera

1334 1555 1413 1575 cum
1436 1554 1477 1574 ex
1496 1539 1714 1586 prophanis,
1745 1546 1818 1572 tum
1839 1552 1880 1572 ex
1898 1539 2007 1572 sacris
2025 1539 2230 1573 oratoribus
2255 1551 2340 1583 pro-

1334 1595 1485 1633 ducere,
1521 1593 1592 1626 nisi
1616 1592 1748 1625 nollem
1774 1592 1997 1624 iuventutem
2022 1590 2182 1624 obscuris
2207 1589 2340 1623 alicubi

1335 1644 1505 1689 exemplis
1524 1656 1687 1678 onerare.
1742 1641 1918 1677 Observet
1940 1642 2092 1689 quisque
2108 1648 2340 1687 argumento-

1334 1710 1414 1730 rum
1433 1696 1596 1730 ordinem
1610 1723 1619 1737 ,
1648 1695 1900 1740 rationemque
1919 1695 2110 1739 diligenter
2130 1694 2168 1727 in
2193 1693 2339 1738 optimis

1335 1749 1537 1795 quibusque
1555 1747 1810 1792 scriptoribus,
1839 1760 1911 1792 quo
1930 1753 1965 1780 et
1980 1747 2125 1780 illorum
2144 1745 2340 1780 sententias

1336 1801 1466 1835 certius
1490 1805 1721 1845 assequatur,
1767 1805 1801 1831 et
1823 1799 1979 1839 imitari,
2022 1799 2051 1832 si
2086 1799 2232 1844 quando
2255 1809 2339 1831 usus

1335 1852 1550 1898 postulabit,
1577 1851 1716 1884 facilius
1735 1857 1853 1896 queat.

1415 1938 1538 1972 Modi
1571 1938 1797 1972 secundae
1834 1936 2016 1980 figurae
2060 1942 2263 1981 quatuor

1630 1988 1842 2032 negativi
1880 2000 2044 2022 omnes.

1335 2059 1401 2093 Ces
1439 2058 1556 2092 Nemo
1574 2059 1690 2091 bonus
1708 2064 1758 2090 est
1781 2068 1906 2090 amans
1926 2056 2083 2101 gloriae,

1335 2123 1354 2144 a
1441 2109 1577 2144 Omnes
1613 2107 1821 2153 philosophi
1860 2115 1943 2142 sunt
1986 2115 2148 2143 amantes
2190 2107 2338 2153 gloriae,

1750 2173 1835 2205 ergo

1335 2228 1372 2248 re
1439 2214 1554 2248 Nemo
1574 2210 1874 2257 philosophorum
1897 2218 1948 2246 est
1967 2213 2095 2245 honus.

1336 2274 1422 2308 Cam
1443 2273 1577 2306 Omnes
1596 2272 1682 2305 honi
1701 2279 1783 2306 sunt
1801 2278 2066 2316 contemptores
2083 2270 2238 2315 gloriae,

1336 2339 1371 2360 es
1442 2325 1557 2360 Nemo
1596 2323 1895 2369 philosophorum
1932 2323 2131 2357 contemnit
2172 2323 2337 2367 gloriam,

1751 2388 1836 2420 ergo

1336 2437 1406 2464 tres
1446 2429 1561 2463 Nemo
1582 2426 1882 2472 philosophorum
1902 2428 2017 2460 bonus
2033 2433 2095 2460 est.

1335 2491 1401 2525 Fes
1442 2489 1557 2523 Nemo
1570 2489 1858 2533 voluptariorum
1874 2494 1924 2522 est
1941 2487 2120 2521 studiosus
2135 2486 2336 2527 literarum,

1338 2544 1362 2576 ti
1441 2542 1583 2575 Coelius
1602 2547 1652 2574 est
1668 2541 1848 2574 studiosus
1866 2540 2072 2579 literarum,
2101 2551 2184 2583 ergo

1336 2607 1396 2628 no.
1444 2593 1586 2627 Coelius
1601 2606 1673 2625 non
1693 2600 1742 2626 est
1762 2592 1996 2636 voluptarius.

1369 2699 1419 2725 55)
1439 2695 1634 2728 conformatio]
1655 2697 1704 2720 Ed.
1720 2696 1745 2721 2.
1767 2702 1864 2720 errore
1884 2696 1962 2726 typ.:
1988 2693 2160 2718 conon-matio

1369 2742 1417 2770 56)
1433 2741 1535 2764 Annot.
1547 2746 1644 2772 marga
1659 2739 1791 2764 Guomica
1803 2738 1986 2763 conformatio
1999 2737 2114 2762 moralis
2129 2735 2269 2761 sententia
2281 2736 2334 2759 est.
