2389 3037
687 181 691 185 .
742 149 869 186 xcvi.-

918 150 1249 186 G-RAMMATICA
1285 153 1479 190 LATINA.

2072 162 2147 198 246

340 338 767 388 GRAMMATICA
804 338 1047 374 LATINA
1082 337 1872 390 PHILIPPLMELANTHONIS,

480 424 537 453 AB
572 425 801 455 AUCTORE
836 423 971 453 ANNO
1009 421 1126 456 1526.
1162 427 1322 456 AUCTA
1357 430 1417 458 ET
1440 406 1739 462 itECOGNlTA.

384 538 438 561 DE
465 537 770 562 GRAMMATICA.

180 590 427 624 Grammatica
451 597 503 625 est
531 596 626 623 certa
650 589 822 635 loquendi
847 596 879 622 et
903 589 1081 623 scribendi

76 642 184 676 ratio.
236 641 314 676 Nisi
329 642 425 675 enim
445 642 688 676 Grammatica
707 641 887 674 discernat
903 653 1018 681 voces,
1048 647 1082 674 et

77 695 244 728 ostendat
260 701 392 727 certam
412 695 594 740 quandam
612 693 791 726 rationem
814 694 1081 737 componenda-

75 758 157 779 rum
182 757 330 786 vocum,
366 746 550 791 quomodo
574 744 833 788 intelligemus,
868 746 965 791 quod
992 757 1081 791 quo-

76 798 330 844 modocunque
354 797 510 831 consutis
529 796 647 830 verbis
668 795 840 830 effertur?
868 803 926 836 ut,
952 797 1080 830 Petrus

75 849 250 893 percussit
271 849 422 889 Fabius,
454 846 547 881 nihil
573 848 659 881 certi
684 855 801 882 sonat.
868 847 918 882 Ita
944 848 974 882 si
996 861 1080 893 pro-

74 900 208 934 miscue
233 901 388 941 scribas,
415 899 522 934 Vallo
546 906 580 934 et
594 900 716 941 Fallo,
744 900 1010 934 confundentur
1032 901 1080 933 le-

75 951 234 996 gentium
262 952 386 986 animi.
447 951 511 986 Est
536 964 620 996 ergo
650 953 797 985 inventa
831 953 1079 996 grammatica,

75 1015 167 1049 quae
193 1005 324 1038 certius
346 1004 521 1050 loquendi
546 1010 579 1037 et
604 1004 783 1038 scribendi
807 1004 996 1038 artificium
1023 1004 1078 1038 sit.

74 1054 218 1090 Nomen
231 1054 475 1103 γραμματικὴ
492 1055 716 1089 literaturam
733 1056 910 1100 significat
923 1056 966 1101 ¹).

303 1157 467 1191 Partes
495 1157 843 1191 Grammatices.

177 1222 520 1269 Orthographia
534 1252 542 1264 ,
571 1238 662 1270 quae
679 1227 782 1258 docet
800 1232 894 1259 recte
911 1226 1078 1266 scribere,

74 1283 114 1309 ut
131 1275 235 1308 Vallo
263 1288 328 1320 per
351 1289 394 1315 v,
422 1283 456 1309 et
474 1275 575 1309 Fallo
601 1289 664 1320 per
687 1278 717 1317 f,
747 1277 789 1310 ab
816 1276 947 1323 ὀρθῶς
970 1285 1078 1318 recte,

75 1334 108 1360 et
129 1325 268 1375 γράφω
285 1327 413 1361 scribo.

177 1386 429 1427 Prosodia,
457 1400 548 1433 quae
566 1389 670 1421 docet
687 1395 871 1429 accentus,
899 1396 938 1423 ut
955 1390 1078 1430 libere,

74 1438 197 1472 libere.
250 1436 462 1486 προςῳδία,
491 1439 601 1472 latine
620 1446 796 1473 accentus.

175 1497 492 1543 Etymologia,
521 1512 613 1546 quae
636 1500 844 1534 discrimina
869 1514 1015 1536 casuum
1041 1503 1078 1535 in

74 1551 290 1584 dictionibus
322 1551 453 1592 tradit,
488 1552 612 1592 fortis,
646 1553 807 1593 sortiter,
845 1553 945 1598 lego,
980 1554 1076 1599 legis.

67 1600 338 1650 Ἐτυμολογίαν
355 1602 480 1637 Cicero
500 1604 606 1637 vertit
623 1605 885 1650 veriloquium,
915 1619 955 1639 eo
979 1608 1077 1652 quod

74 1654 271 1687 dictionum
290 1654 548 1699 proprietatem
569 1657 697 1690 tradat.
741 1655 960 1702 Quanquam
981 1659 1075 1691 enim

74 1706 197 1739 eadem
219 1705 436 1749 significent,
464 1706 580 1741 bonus
605 1714 638 1740 et
664 1708 771 1747 boni,
802 1715 922 1742 tamen
941 1709 1008 1742 alia
1026 1717 1077 1744 est

73 1757 111 1789 in
139 1756 210 1790 alio
238 1769 321 1790 casu
344 1757 546 1801 proprietas
572 1758 711 1803 ἔτυμον
740 1771 886 1800 verum,
927 1768 1076 1801 rectum,

73 1814 231 1847 certum,
259 1809 303 1841 ab
321 1807 442 1853 ἐτεὸν,
471 1812 567 1855 quod
586 1811 629 1843 ab
649 1809 722 1855 εἰμὶ
741 1812 941 1851 deducunt,
971 1819 1003 1846 et
1021 1812 1075 1848 λό-

72 1872 138 1908 γος
155 1871 285 1893 sermo.

176 1919 406 1965 Syntaxis,
456 1933 548 1967 quae
595 1923 898 1957 constructionem
948 1937 1073 1959 vocum

73 1971 196 2011 docet,
232 1972 395 2018 adeoque
424 1973 626 2007 orationem
657 1975 833 2015 contexit,
879 1974 1075 2012 συντάττω

74 2021 202 2056 ordino
219 2022 263 2068 ἵ).

124 2115 395 2162 Orthogtapbia
425 2118 610 2152 literarum
639 2121 816 2154 rationem
846 2123 1016 2158 continet.

287 2177 429 2210 Literae
458 2184 528 2212 tres
557 2186 590 2212 et
619 2179 743 2224 viginti
774 2189 867 2216 sunt.

124 2243 560 2289 Abcdefghikln·
583 2258 976 2297 nopqrstuxyz.

126 2295 165 2329 In
183 2294 238 2330 bis
256 2296 415 2330 Graecae
434 2305 516 2331 sunt
535 2299 556 2330 k
574 2306 607 2332 et
623 2312 644 2344 y
662 2308 696 2334 et
713 2315 741 2335 z.

125 2345 148 2381 h
169 2348 341 2392 aspiratio
360 2355 423 2382 est.

1538 545 1742 581 vocales.

1189 606 1207 626 a

1641 635 1680 656 ae
1743 624 1868 658 'Musae

1189 657 1207 702 εἷ
1237 670 1292 705 Ex
1311 669 1366 706 his
1384 673 1588 707 conflantur
1638 687 1679 708 oe
1740 676 1864 710 Foelix

1198 709 1208 728 ¹
1238 722 1453 769 diphthongi
1639 739 1683 760 au
1742 729 1860 761 Audio

1187 761 1209 834 3
1637 791 1681 812 eu
1737 779 1865 814 Eurus.

1134 861 1179 895 Et
1207 862 1354 908 antiqua
1382 863 1434 903 ei,
1462 870 1502 896 ut
1525 865 1678 908 parteis,
1713 867 1863 901 omneis.
1924 868 2032 904 Cuius
2057 883 2140 906 usus

1135 921 1185 948 est
1210 914 1247 946 in
1270 914 1480 948 accusativis
1505 917 1756 951 declinationis
1785 919 1912 952 tertiae
1936 921 2138 963 nominum,

1135 978 1226 1011 quae
1243 966 1381 1000 duabus
1405 969 1686 1003 consonantibus
1705 977 1844 1004 exeunt.
1899 970 2140 1022 Δίφθογγος,

1134 1018 1169 1050 id
1196 1024 1265 1058 est,
1294 1018 1456 1062 geminus
1472 1032 1582 1054 sonus
1601 1021 1705 1055 unius
1725 1022 1902 1066 syllabae,
1930 1031 1970 1057 ut
1989 1032 2140 1069 apparet

1134 1070 1170 1102 in
1196 1082 1262 1109 au,
1300 1082 1343 1103 eu
1360 1069 1404 1116 3).
1469 1070 1565 1106 Nam
1594 1079 1628 1105 et
1651 1085 1690 1106 ae
1725 1080 1758 1106 et
1791 1086 1832 1107 oe
1862 1082 1998 1110 veteres
2031 1077 2139 1111 aliter

1133 1122 1440 1166 pronuntiabant,
1469 1136 1576 1169 quam
1598 1137 1693 1158 nunc
1713 1126 1943 1169 pronuntiari
1960 1128 2088 1162 solent.

1186 1267 1276 1301 Sunt
1299 1268 1460 1314 reliquae
1478 1270 1603 1304 literae
1620 1279 1764 1315 praeter
1779 1273 1931 1308 vocales.

1237 1327 1291 1361 Ex
1308 1326 1361 1362 his
1381 1329 1470 1363 aliae
1486 1338 1569 1364 sunt
1587 1332 1728 1372 Mutae,
1756 1334 1778 1366 b
1797 1346 1814 1366 c
1833 1335 1854 1367 d
1873 1334 1919 1378 fg
1938 1336 1961 1367 k
1980 1348 2002 1380 p
2020 1343 2084 1382 qt,

1235 1380 1336 1413 Aliae
1356 1381 1596 1417 Semivocales
1609 1411 1617 1423 ‚
1644 1384 1709 1416 lm
1727 1397 1751 1417 n
1769 1397 1787 1417 r
1804 1398 1818 1418 s
1837 1398 1857 1418 x
1875 1399 1903 1419 z.

1235 1432 1337 1465 Aliae
1352 1433 1382 1477 ²)
1410 1433 1606 1480 Liquidae‚
1643 1436 1654 1468 l
1679 1449 1712 1468 rn
1738 1449 1761 1469 n
1785 1449 1813 1470 r.
1874 1437 1930 1470 Sic
1954 1439 2137 1480 dicuntur,

1133 1483 1230 1526 quod
1248 1483 1283 1516 in
1300 1484 1399 1517 brevi
1415 1486 1550 1531 syllaba
1569 1500 1833 1534 nonnunquam
1853 1489 2069 1534 liquescant,
2099 1498 2138 1525 ut

1133 1536 1346 1568 extendatur
1363 1537 1521 1581 syllaba,
1551 1540 1739 1579 tenebrae,
1766 1542 1945 1575 tenebrae.
1985 1541 2134 1576 Caetera

1132 1587 1274 1620 docebit
1297 1600 1399 1628 usus,
1429 1590 1559 1623 artium
1580 1592 1760 1635 magister.
1814 1591 1878 1626 Est
1897 1599 2015 1627 autem
2034 1606 2136 1628 accu-

1130 1644 1207 1671 rate
1232 1642 1429 1674 cavendum
1444 1667 1452 1681 ,
1479 1654 1523 1674 ne
1550 1642 1585 1675 in
1604 1643 1793 1676 scribendo
1814 1645 1996 1689 negligant
2013 1645 2136 1680 ortho-

1131 1688 1302 1734 graphiae
1326 1692 1504 1726 rationem
1520 1693 1550 1739 5)
1578 1696 1698 1738 pueri,
1737 1697 1835 1741 quod
1863 1697 2061 1741 expeditius
2087 1699 2136 1732 le-

1131 1748 1261 1785 gantur
1277 1749 1311 1776 et
1327 1743 1594 1788 intelligantur,
1622 1760 1714 1792 quae
1733 1748 1846 1791 probe
1863 1749 1994 1793 scripta
2015 1757 2108 1784 sunt.

1103 1162 1108 1373 ,
1474 1209 1801 1246 consonantes.

1442 1847 1495 1870 DE
1523 1848 1822 1873 ETYMOLOGIA.

1228 1896 1492 1946 Ἐτυμολογία,
1533 1899 1569 1933 id
1603 1908 1673 1941 est,
1717 1902 1918 1946 proprietas
1955 1904 2133 1947 dictionis,

1130 1948 1234 1982 docet
1258 1950 1352 1982 enim
1370 1949 1402 1995 ⁶)
1430 1951 1636 1985 discrimina
1664 1965 1809 1987 casuum
1838 1954 1875 1986 in
1904 1955 2133 1992 dictionibus.

1129 1997 1214 2034 Non
1246 2002 1339 2034 enim
1374 2005 1497 2036 eadem
1530 2010 1580 2037 est
1612 2002 1739 2038 barum
1767 2018 1894 2038 vocum
1920 2007 2132 2051 significatio

1130 2064 1293 2096 prorsus:
1322 2053 1495 2098 Virgilius
1513 2062 1546 2088 et
1564 2055 1778 2100 Virgilium,
1806 2058 1922 2091 scribo
1943 2066 1975 2092 et
1995 2061 2132 2105 scripsi.

1414 2139 1575 2176 Partes
1613 2144 1846 2177 orationis

1529 2200 1608 2226 octo
1638 2201 1731 2228 sunt.

1233 2250 1398 2291 Nomen,
1433 2253 1661 2294 Pronomen,
1689 2254 1868 2295 Verbum,
1895 2258 2131 2300 Adverbium,

1128 2303 1379 2348 participium,
1403 2304 1631 2346 Coniunctio,
1654 2306 1894 2351 Praepositio,
1913 2307 2130 2346 interiectio.

1233 2363 1262 2397 N
1275 2376 1403 2397 omen
1430 2372 1481 2398 est
1499 2378 1581 2410 pars
1601 2367 1788 2408 orationis,
1818 2381 1909 2414 quae
1928 2381 2003 2403 rem
2021 2371 2130 2415 signi-

1128 2415 1226 2453 ficat,
1254 2428 1328 2448 non
1347 2415 1523 2450 actionem
1537 2417 1579 2463 ⁷).

115 2500 141 2530 1)
161 2508 229 2530 quae
249 2503 351 2525 certius
374 2517 405 2522 --
425 2503 576 2533 significat]
597 2504 635 2526 sic
656 2505 738 2528 1-2ditt.
761 2507 845 2530 1526..
868 2507 960 2534 1529.;
991 2510 1072 2533 Editt.
1098 2511 1101 2535 ἴ

150 2535 221 2559 1516.
242 2540 269 2559 et
288 2544 310 2559 s.
325 2543 366 2562 a.:

147 2639 273 2661 videlicet
307 2645 323 2663 a
347 2641 444 2665 literis.

497 2642 564 2664 Nam
596 2640 714 2674 γράμμα
743 2644 881 2674 significat
907 2647 976 2670 idem
1003 2648 1072 2677 quod

149 2673 240 2695 litera.

111 2715 143 2743 2)
161 2721 231 2745 quae
249 2719 479 2743 constructionem
503 2733 531 2736 -—
557 2721 678 2748 ordinm]
707 2721 748 2744 sic
769 2722 853 2747 Editt.
877 2724 960 2751 1526.,
983 2725 1072 2755 1529.;
1096 2713 1100 2763 ὲ

149 2749 229 2772 Editt.
247 2751 319 2774 1548.
341 2754 367 2774 et
386 2759 407 2776 s.
422 2760 461 2777 a:
490 2757 531 2777 oet
552 2755 622 2777 ratio
643 2755 893 2785 coniungendarum
911 2765 1005 2782 vocum
1023 2766 1072 2783 seu

147 2784 289 2808 faciendae
309 2787 457 2812 orationis.
484 2794 501 2812 a
519 2787 676 2818 συντάττω,
699 2791 770 2820 quod
791 2792 929 2822 siguificat
947 2794 1053 2818 ordino.

399 2542 426 2560 ut
447 2541 588 2561 teneamus
608 2541 713 2562 certum
733 2541 879 2565 artificium
900 2543 1026 2572 loquendi
1047 2547 1073 2567 et
1098 2551 1101 2561 ¹

146 2570 287 2594 scribendi.
327 2571 428 2595 Nomen
450 2570 627 2603 ymen-mcum]
649 2575 758 2602 proprie
773 2576 909 2605 significat
926 2579 1072 2601 Germanis
1098 2575 1100 2577 ’

148 2604 361 2630 Scnreibtiuust.
390 2608 472 2630 habet
497 2607 568 2630 enim
594 2613 691 2631 nomen
717 2615 733 2632 a
760 2610 854 2638 primis
881 2612 950 2635 artis
977 2613 1071 2639 initiiS.
1098 2626 1100 2641 2

1161 2552 1191 2578 3)
1212 2551 1237 2574 in
1258 2557 1308 2577 au,
1329 2553 1385 2581 eu.]
1406 2553 1454 2575 Ed.
1477 2553 1567 2577 trus:
1595 2554 1621 2577 in
1642 2560 1676 2577 au
1697 2558 1723 2578 et
1743 2563 1792 2581 eu:
1823 2557 1870 2579 Ed.
1891 2563 1913 2579 s.
1929 2562 1969 2580 a.:
2001 2557 2026 2581 in
2047 2564 2081 2582 au
2101 2560 2129 2581 et

1098 2588 1100 2590 “
1197 2586 1223 2609 in
1245 2592 1287 2609 eu.

1097 2600 1101 2683 1.
1162 2630 1191 2657 4)
1211 2629 1304 2658 Aliae]
1326 2629 1352 2653 in
1373 2630 1456 2656 Editt.
1478 2632 1564 2656 1546..
1591 2640 1612 2656 s.
1627 2639 1651 2656 a.
1673 2633 1759 2657 deest.

1098 2690 1099 2694 ,
1160 2672 1190 2700 5)
1211 2673 1427 2703 orthographiae
1457 2675 1606 2705 rationem]
1636 2677 1718 2700 Editt.
1741 2677 1832 2701 1516..
1861 2686 1880 2699 s.
1898 2683 1937 2700 a.:
1976 2678 2126 2708 orthogra-

1193 2708 1292 2736 phiam.

1160 2749 1190 2780 6)
1213 2749 1295 2783 enin]
1318 2751 1343 2775 in
1363 2753 1439 2776 Editt
1470 2754 1555 2783 1546„
1579 2761 1600 2777 s.
1616 2760 1640 2777 a.
1661 2755 1747 2779 deest.

1160 2794 1191 2822 7)
1211 2794 1362 2823 actionem]
1384 2796 1466 2820 ΕΔΜ.
1492 2797 1576 2820 1546..
1599 2805 1620 2820 s.
1634 2803 1675 2820 a.:
1701 2804 1785 2828 agere
1804 2798 1922 2827 aliquid,
1946 2800 1993 2821 aut
2013 2799 2069 2828 pati

1626 2831 1707 2865 16*
