2421 3037
236 106 309 143 531
874 99 997 135 PHlL.
1025 100 1140 135 MEL.
1170 98 1375 135 SCRIPTA
1407 96 1678 133 HISTORICA.
2240 98 2316 138 532

236 195 304 229 hus
321 194 471 228 derisus.
508 192 592 225 Fuit
611 189 821 234 operculum
843 187 991 230 dignum
1010 187 1157 232 patella,
1183 187 1251 224 OE'in
1413 183 1534 219 XLIII.
1577 184 1677 230 Papa
1713 186 1899 231 quondam
1933 184 2023 219 dixit
2052 187 2096 219 ad
2120 186 2319 222 Bembum:

238 246 338 293 fold)e
359 245 491 280 solutio
512 244 628 289 gebett
648 240 711 285 auf
725 241 792 276 eine
811 240 911 286 folcbe
928 239 1166 285 Qisputation.
1308 238 1341 272 Ο
1357 237 1515 278 Bembe,
1548 238 1682 278 nescis,
1718 244 1853 284 quanta
1880 238 1939 270 illa
1967 238 2087 272 fabula
2115 240 2157 273 de
2176 238 2319 275 Christo

346 296 501 331 XXXIX.
537 295 733 339 Cambyses
750 307 830 327 cuin
854 300 944 327 esset
961 296 1135 327 ducturus
1152 305 1252 327 soro-
1309 291 1414 324 nobis
1434 289 1638 334 profuerit?

240 364 336 387 rein,
363 346 600 391 interrogavit
618 340 844 386 sacerdotes,
871 359 954 379 nam
973 346 1041 380 sibi
1060 345 1255 385 metuebat,
1416 341 1553 376 XLilil.
1591 342 1797 377 Fridericus
1822 342 1905 376 Dux
1932 342 2112 376 Saxoniae
2146 355 2227 377 cum
2259 344 2322 377 ali-

241 403 295 436 cui
313 401 582 445 responderunt
601 400 807 433 sacerdotes
828 397 1005 433 dicentes:
1031 398 1145 433 Nobis
1161 399 1254 431 ‹luae
1311 396 1460 442 quando
1487 395 1679 429 dissereret
1705 408 1784 429 curn
1809 396 1957 429 doctore
1981 392 2207 440 Theologiae
2241 402 2323 430 ante

241 460 323 489 sunt
342 454 452 497 leges:
477 464 562 492 una,
580 451 764 485 neminem
781 451 912 485 debere
928 452 1058 485 ducere
1077 463 1256 490 sororem,
1312 460 1453 487 arcem,
1479 448 1572 481 sorte
1592 449 1738 481 fortuna
1758 447 1849 481 vidit
1869 448 1960 482 duos
1979 448 2177 482 cucullatos
2195 448 2326 482 fratres

241 508 353 540 altera
374 517 473 544 vero,
504 511 541 537 ut
560 517 622 537 rex
640 504 771 545 saciat,
797 505 1043 550 quodcunque
1060 503 1217 536 libuerit.
1312 500 1532 545 praeterire,
1561 501 1692 546 quibus
1717 512 1852 534 nomen
1878 506 1929 535 est
1950 500 2162 535 Minoritae.
2224 500 2327 546 Quos

348 557 488 592 XXXX.
526 556 678 590 Sanctus
695 556 918 601 Augustinus
944 569 1024 590 cum
1050 556 1147 588 illam
1173 566 1256 587 con·
1314 566 1394 587 cum
1414 553 1582 594 vidisset,
1611 554 1710 599 quod
1736 559 1903 598 gererent
1930 552 2047 597 lignea
2067 553 2328 593 calceamenta,

240 611 419 645 fusionem
443 616 477 643 et
494 606 686 643 schismata
709 609 746 643 in
762 608 921 643 Ecclesia
944 609 1102 648 videret,
1132 607 1258 641 videli-
1314 605 1553 650 interrogavit
1573 607 1780 647 doctorem,
1809 606 1949 640 dicens:
1982 604 2037 639 Ex
2054 605 2155 652 quali
2172 605 2271 650 ligno
2289 603 2327 639 hi

242 670 297 697 cet
330 664 429 710 quod
463 662 690 707 expellebant
714 668 877 707 pastores
903 661 1066 707 aliosque
1093 660 1258 705 impone—
1315 658 1423 692 calcei
1443 659 1594 692 confecti
1621 658 1731 693 sunt?
1785 658 1833 692 At
1858 671 1938 692 curn
1966 657 2025 691 ille
2052 659 2329 697 obmutesceret,

240 717 331 750 bam
341 715 420 763 ¹⁸¹),
449 715 577 760 petivit
593 716 739 748 tandem
759 714 837 748 fieri
861 715 1044 748 decretum
1066 726 1083 745 a
1104 712 1258 747 Caesare
1316 717 1351 743 et
1374 710 1426 743 illi
1460 722 1535 743 non
1566 717 1792 752 occurreret,
1834 711 1921 757 quid
1945 712 2201 756 responderet,
2243 716 2329 744 tunc

241 775 366 814 postea
393 766 537 807 statim,
581 767 633 801 illi
658 767 727 801 suit
759 768 962 807 obiectum,
1003 764 1197 800 schismata
1210 764 1259 810 ¹⁹)
1315 762 1485 808 prorupit
1505 762 1542 795 in
1560 760 1649 796 baec
1667 764 1795 797 verba:
1823 762 1871 797 Es
1882 763 2056 808 Magister
2070 763 2107 796 in
2119 760 2268 804 Israhel,
2296 768 2331 796 et

242 822 344 855 nullo
366 821 477 854 modo
502 833 576 854 esse
602 820 812 865 expellenda
839 819 950 853 armis
970 818 1155 859 Caesaris,
1180 816 1260 864 qui·
1315 813 1403 848 baec
1426 814 1598 859 ignoras?
1637 816 1790 849 addens:
1824 815 1921 849 Haec
1940 816 2182 850 calceamenta
2201 821 2329 860 parata

242 875 310 908 bus
336 873 525 919 respondit
548 872 790 917 Augustinus:
826 872 910 906 Non
937 871 1049 917 petivi
1073 871 1258 904 decretum
1316 873 1399 902 sunt
1426 880 1468 901 ex
1493 868 1581 907 ficu,
1625 868 1680 901 cui
1709 868 1896 902 maledixit
1922 867 2019 902 Iesus
2044 868 2185 903 dicens:
2220 880 2329 901 nemo

244 926 323 961 fieri
342 932 467 960 contra
487 923 679 960 schismata
692 924 758 971 ¹⁹),
786 926 847 959 sed
867 930 992 958 contra
1015 924 1188 957 latrones.
1317 920 1437 966 capiat
1458 921 1614 953 fructum
1640 934 1681 954 ex
1708 927 1741 954 te
1767 921 1803 953 in
1831 920 2107 966 sempiternum.
2165 921 2331 954 Pruden-

350 977 441 1013 XLI.
481 977 655 1023 Princeps
681 976 1014 1021 Meckelburgensis
1038 982 1073 1010 et
1093 975 1261 1009 Henbur-
1317 973 1476 1008 tissimus
1496 972 1663 1018 princeps
1682 971 1749 1006 hac
1778 973 2015 1018 responsione
2041 973 2244 1018 significare
2269 985 2331 1006 vo-

245 1031 375 1077 gensis,
400 1044 480 1065 cum
500 1030 545 1064 D.
566 1030 617 1064 M.
635 1027 818 1064 Lutberus
834 1031 930 1073 apud
947 1029 1027 1063 illos
1042 1028 1179 1069 suisset,
1208 1027 1262 1060 in-
1289 1039 1291 1050 ⁴
1318 1026 1385 1060 luit
1404 1023 1613 1071 hypocrisin
1631 1032 1664 1058 et
1681 1038 1807 1059 eorum
1826 1025 2026 1059 interitum.

246 1083 334 1128 cipit
356 1083 524 1129 princeps
547 1081 892 1130 Henburgensis‘²⁰):
930 1082 974 1116 D.
998 1081 1159 1121 Doctor,
1186 1081 1262 1117 Qssie
1288 1053 1292 1101 l
1423 1077 1530 1112 XLV.
1560 1078 1711 1112 Decimo
1730 1078 1859 1125 quinto
1878 1078 1935 1112 die
1948 1078 2083 1123 Aprilis
2101 1089 2198 1111 anno
2218 1075 2331 1113 1558.

244 1136 338 1183 gebet
367 1139 402 1172 εἰ»
425 1145 491 1181 gn),
527 1138 589 1172 ὒαὸ
614 1137 678 1173 mit
707 1136 804 1183 edbrit
829 1138 890 1171 δαό
915 1135 1072 1181 Βεςθΐεῐι,
1109 1137 1170 1171 ba&
1196 1137 1263 1169 υιιῧ
1318 1130 1520 1176 Episcopus
1537 1131 1793 1178 Arolauni2⁰²)
1809 1132 1954 1178 duxque
1966 1130 2143 1164 Franciae
2160 1131 2331 1165 traiectus

245 1200 300 1226 am
335 1187 547 1236 febebiicbsten
580 1188 636 1233 ist!
682 1192 746 1226 nub
781 1191 844 1225 bag
870 1190 932 1225 ῠαῧ
958 1189 1034 1224 uolt
1058 1188 1089 1231 so
1118 1189 1182 1234 1265
1213 1184 1264 1230 ist.
1320 1190 1372 1217 est
1390 1184 1498 1227 globo
1521 1190 1554 1217 et
1583 1185 1673 1217 obiit
1698 1191 1733 1218 et
1762 1185 1870 1219 simul
1892 1197 1964 1219 sex.
2020 1183 2098 1217 Hoc
2114 1183 2253 1218 facinus
2270 1194 2333 1228 pa-

244 1241 450 1286 Rpspomffl
468 1239 670 1276 Lustfflr1153
708 1242 757 1282 Ξῖ
784 1240 908 1288 fursteu
936 1240 1010 1284 font
1039 1244 1142 1286 bare-‚11
1168 1240 1264 1285 tbun,
1320 1242 1456 1269 tratum
1478 1243 1530 1270 est
1548 1237 1706 1272 instante
1725 1235 1815 1271 hora
1836 1237 1975 1271 decima
1996 1236 2034 1269 in
2051 1234 2245 1281 horologio
2266 1235 2334 1269 mi-

244 1294 438 1328 Heinricus
457 1294 625 1339 princeps
645 1295 794 1340 incepit:
822 1295 888 1331 {530
907 1295 1265 1339 tvit1)etuttitl)ctten
1319 1289 1416 1323 nori.
1485 1289 1578 1324 Nam
1613 1296 1807 1337 postquam
1835 1302 1915 1324 cum
1942 1289 2015 1324 suis
2039 1289 2268 1324 senatoribus
2295 1288 2335 1321 in

245 1349 354 1392 batgm
390 1346 489 1392 than,
535 1351 569 1383 cg
598 1357 665 1384 met*
693 1346 796 1394 [engst
829 1348 1018 1394 abgangen.
1088 1347 1265 1380 Videlicet
1321 1341 1713 1388 Grammatophylacio
1733 1342 1780 1389 21)
1819 1342 1959 1389 aliquas
1989 1340 2100 1376 horas
2131 1342 2170 1375 in
2201 1353 2335 1386 cogno-

245 1400 399 1435 Malitia.
869 1406 872 1407 ’
1321 1395 1460 1430 scendis
1481 1396 1633 1435 caussis,
1662 1396 1792 1429 dandis
1808 1395 2045 1441 petendisque
2071 1394 2230 1428 consiliis
2250 1405 2335 1427 con-

352 1451 461 1487 XLII.
508 1453 582 1488 Sub
607 1453 740 1487 Carolo
764 1452 1064 1498 Burgundiorum
1100 1452 1265 1497 principe
1321 1448 1531 1492 sumpsisset
1557 1460 1751 1495 arcemque
1777 1460 1900 1482 versus
1923 1447 1995 1480 iam
2022 1447 2091 1480 iter
2114 1446 2336 1486 tetendisset,

246 1505 354 1540 fuisse
373 1505 533 1539 nobilem
552 1506 694 1545 ferunt,
723 1504 785 1551 qui
806 1502 946 1539 hostem
974 1505 1011 1538 in
1035 1516 1137 1539 suam
1164 1511 1266 1550 pote-
1321 1507 1464 1545 tempus
1484 1500 1579 1533 enim
1599 1500 1764 1534 sumendi
1785 1499 1931 1546 prandii
1950 1506 2048 1540 erat,
2076 1499 2127 1532 ibi
2148 1499 2185 1532 in
2208 1499 2267 1532 via
2290 1499 2336 1532 ad

247 1565 377 1593 statem
398 1559 598 1603 redegerat.
653 1557 770 1591 Huius
789 1557 949 1591 coniunx
967 1570 1003 1591 se
1022 1557 1117 1590 illico
1137 1558 1183 1590 ad
1201 1569 1266 1590 no-
1321 1553 1478 1586 radicem
1501 1552 1656 1593 montis,
1684 1553 1876 1598 improvisi
1893 1559 1928 1586 et
1949 1552 2106 1585 inermes
2124 1563 2142 1584 a
2162 1557 2337 1598 quatuor-

247 1611 358 1645 bilem
394 1611 567 1651 contulit,
611 1610 818 1656 supplicans
843 1609 912 1644 sibi
942 1616 981 1644 ut
1012 1609 1266 1644 restitueretur
1322 1605 1436 1639 decim
1456 1605 1637 1651 equitibus
1659 1605 1778 1639 adorti
1802 1612 1905 1645 sunt,
1943 1603 2007 1651 qui
2032 1604 2100 1639 sibi
2124 1603 2337 1638 bombardis

248 1663 421 1704 maritus,
450 1676 486 1698 se
503 1676 684 1697 summam
702 1662 896 1708 pecuniae,
923 1674 1032 1708 quam
1054 1662 1265 1706 postularet,
1323 1658 1458 1703 optime
1482 1664 1765 1702 prospexerant,
1809 1657 1927 1691 induti
1951 1657 2070 1702 longis
2098 1656 2235 1701 palliis,
2273 1655 2335 1702 qui

249 1718 418 1751 daturam
435 1729 510 1750 esse
529 1722 652 1750 sancte
669 1715 886 1749 affirmabat.
934 1714 1071 1748 Verum
1089 1714 1265 1760 pessimus
1322 1711 1490 1756 protinus
1526 1710 1692 1744 extractis
1725 1709 1937 1744 bombardis
1974 1709 2013 1742 in
2043 1709 2265 1754 Episcopum
2303 1714 2338 1742 et

249 1767 362 1803 homo
380 1775 466 1803 tunc
479 1768 637 1815 denique
654 1768 906 1803 restituturum
919 1767 1093 1800 maritum
1112 1766 1266 1812 promit·
1321 1776 1405 1798 suos
1421 1762 1571 1796 comites
1591 1762 1860 1810 invaseruntw)
1872 1789 1881 1803 ,
1910 1768 1944 1795 et
1961 1762 2082 1796 nullus
2102 1761 2216 1796 evasit
2233 1772 2337 1806 prae-

249 1823 370 1863 tebni,
398 1822 427 1856 si
447 1835 527 1856 cum
547 1822 609 1855 illo
629 1822 865 1855 adulteretur.
907 1819 1171 1854 Honestissima
1190 1831 1266 1853 ma-
1321 1822 1487 1862 terqnam
1521 1815 1654 1849 nobilis
1684 1815 1845 1855 iuvenis,
1884 1814 1948 1860 qui
1981 1814 2161 1858 aufugisse
2193 1813 2337 1847 dicitur.

252 1881 358 1909 trona
378 1875 445 1909 etsi
470 1881 569 1915 erat,
598 1881 721 1908 tamen
745 1873 925 1907 redimere
951 1872 1125 1906 maritum
1152 1871 1266 1906 maxi-
1321 1867 1471 1914 Equites
1497 1880 1583 1901 vero
1609 1866 1679 1901 hoc
1702 1874 1847 1913 patrato
1874 1868 2009 1912 absque
2039 1866 2239 1901 offensione
2267 1865 2337 1899 dis-

251 1940 402 1973 mopere
427 1927 607 1973 cupiebat.
668 1926 828 1961 Accessit
850 1926 973 1972 itaque
1001 1925 1194 1965 maritum,
1232 1930 1267 1958 et
1323 1926 1516 1955 cesserunt.

252 1979 346 2015 hanc
362 1980 592 2027 tyrannicam
611 1992 737 2014 vocem
753 1979 886 2013 nobilis
903 1978 1095 2012 recensuit.
1131 1977 1267 2023 Captus
1427 1971 1552 2006 XLVI·
1595 1972 1743 2007 Nobiles
1777 1971 1949 2005 Laconici
1979 1971 2140 2004 fecer-'int
2172 1970 2241 2004 iter
2272 1982 2338 2015 per

252 2047 314 2080 spe
338 2033 517 2068 libertatis
543 2033 764 2078 potiundae,
805 2031 871 2066 etsi
904 2030 1094 2075 indignum
1127 2031 1268 2065 facinus
1323 2026 1537 2065 Leuctram,
1582 2032 1616 2058 et
1648 2023 1876 2069 hospitaliter
1905 2037 1923 2057 a
1949 2024 2104 2058 Scedaso
2121 2022 2169 2069 23)
2199 2022 2337 2068 accepti

253 2088 331 2121 fore
350 2093 531 2127 cerneret,
561 2092 683 2120 tamen
703 2085 909 2123 annuebat;
943 2085 1006 2118 sed
1032 2083 1103 2116 iam
1129 2084 1268 2117 adulte-
1324 2085 1428 2119 sunt,
1453 2084 1575 2123 postea
1596 2079 1761 2117 redeunt,
1785 2084 1819 2111 et
1834 2074 1967 2122 hospes
1987 2088 2062 2109 non
2083 2076 2221 2116 aderat,
2248 2087 2338 2121 qua-

253 2140 309 2173 rio
334 2146 543 2185 perpetrato
568 2139 760 2173 maledicta
783 2137 895 2172 bestia
931 2143 1075 2181 captum
1106 2136 1267 2170 truncari
1324 2137 1476 2178 propter
1493 2128 1723 2175 hospitaliter
1748 2143 1765 2163 a
1791 2129 1933 2164 filiabus
1955 2135 2039 2164 sunt
2062 2128 2218 2174 accepti,
2247 2139 2338 2174 quas

254 2192 376 2233 iussit,
403 2199 437 2225 et
453 2193 608 2226 cadaver
626 2192 811 2225 adulterae
828 2189 998 2224 reddidit.
1052 2190 1101 2222 At
1121 2189 1179 2222 illa
1199 2195 1269 2224 sta-
1325 2185 1521 2223 vitiarunt,
1564 2190 1597 2216 et
1630 2189 1754 2227 postea
1788 2183 2037 2217 dissecuerunt
2060 2194 2100 2214 ac
2124 2181 2163 2214 in
2186 2186 2335 2226 puteum

255 2245 320 2278 tim
340 2245 475 2278 accedit
493 2244 686 2285 Carolum,
715 2251 823 2291 atque
840 2243 891 2276 illi
910 2248 1024 2276 totam
1043 2255 1120 2275 rem
1141 2242 1269 2275 ordine
1324 2237 1570 2284 proiecerunt.
1640 2235 1793 2281 Hospite
1824 2237 2018 2275 redeunte,
2063 2234 2154 2268 filias
2168 2245 2255 2267 xnon
2280 2232 2338 2266 in-

257 2304 458 2332 enumerat.
512 2297 809 2342 Sapientissimus
826 2302 946 2330 autem
964 2295 1132 2340 princeps
1157 2294 1270 2328 conti·
1325 2290 1443 2329 venit,
1468 2289 1613 2321 tandem
1636 2295 1864 2323 monstrante
1882 2301 1989 2329 cane,
2017 2288 2055 2321 in
2072 2293 2182 2332 puteo
2198 2284 2339 2319 invenit

255 2363 330 2384 nuo
343 2352 544 2391 mandavit,
562 2351 605 2384 ad
618 2364 654 2385 se
672 2348 862 2384 moechum
880 2355 920 2383 ut
937 2354 1122 2388 vocarent,
1144 2354 1269 2393 postea
1298 2362 1300 2367 v
1326 2343 1426 2382 illas,
1454 2341 1595 2387 sepeliit
1614 2348 1647 2375 et
1666 2342 1764 2375 venit
1782 2342 1951 2387 Spartam
1962 2339 2008 2387 24)
2027 2346 2172 2385 petens,
2207 2344 2247 2372 ut
2271 2349 2337 2382 pu-

257 2403 289 2437 ei
308 2403 484 2443 iniunxit,
513 2410 553 2437 ut
570 2403 716 2437 viduam
740 2403 838 2436 illam
865 2401 902 2434 in
928 2413 1078 2435 uxorem
1105 2401 1214 2434 ducat
1238 2406 1270 2433 et
1326 2396 1514 2434 niressiur,
1550 2395 1612 2428 sed
1637 2395 1695 2427 ille
1723 2401 1863 2428 tunium
1888 2394 1956 2428 suit
1980 2393 2125 2430 irrisu&
2168 2403 2252 2424 nam
2278 2389 2337 2423 3⁵15

257 2454 326 2490 hoc
358 2463 464 2501 pacto
498 2455 688 2501 pristinam
718 2454 929 2501 pudicitiam
959 2453 1193 2488 mulierculae
1217 2465 1271 2486 re·
1298 2446 1302 2519 i
1327 2449 1441 2482 multo
1460 2453 1564 2480 erant
1585 2448 1808 2492 potentiores
1834 2447 1919 2487 illo,
1949 2452 1983 2479 et
2002 2456 2132 2489 magna
2152 2455 2271 2489 pugna
2293 2442 2335 2475 ad

257 2515 406 2543 stauret.
454 2508 585 2542 Finitis
602 2521 687 2542 vero
706 2508 840 2553 nuptiis
859 2506 1019 2540 nobilem
1040 2506 1169 2540 ultimo
1188 2518 1271 2551 sup-
1298 2522 1301 2545 i
1326 2497 1556 2547 sepulchrum
1578 2500 1720 2535 illarum
1740 2500 1920 2545 virginum
1941 2499 2032 2532 sacta
2053 2503 2116 2531 est.

257 2562 367 2607 plicio
386 2561 479 2596 affici
496 2574 618 2595 severe
635 2561 823 2595 mandavit
841 2567 875 2594 et
892 2560 928 2593 in
946 2559 1190 2605 possessiones
1206 2571 1271 2592 no-
1298 2547 1301 2568 ¹
1346 2573 1440 2576 *⁴-ffl

286 2615 293 2621 ·
314 2615 321 2621 ·
358 2615 366 2621 ·
401 2628 405 2633 ,
640 2614 647 2620 ·
1341 2603 1428 2631 :200
1448 2602 1585 2625 Arolauni
1605 2602 1636 2630 (i.
1654 2608 1676 2626 e.
1699 2602 1786 2626 Arion
1842 2599 1928 2625 Cod.:
1954 2597 2089 2623 Arciauni

258 2615 340 2649 bms
357 2615 455 2648 ludu]
475 2614 677 2648 conocav't‘
1299 2655 1301 2663 ι
1360 2637 1409 2669 21)
1430 2635 1737 2669 Graminatopiiylacio]
1759 2600 1843 2661 cdiii:
1874 2631 2177 2665 Grammatopiiuslatio

450 2687 486 2690 fi
1360 2673 1410 2702 22)
1430 2674 1612 2702 invaserunt]
1633 2673 1716 2697 Cod.:
1741 2671 1881 2696 miserunt

299 2715 362 2749 180)
383 2712 572 2746 imponebant]
597 2713 678 2737 Cod.:
707 2713 879 2742 imponerent
1361 2709 1410 2737 23)
1430 2708 1569 2737 scedaso]
1589 2708 1673 2733 Cod.:
1706 2706 1856 2732 Scliedasa.
1877 2719 1911 2723 --
1955 2706 2035 2731 Conf.
2057 2702 2198 2729 Plutarchi
2216 2701 2337 2726 amator.

299 2751 343 2783 19)
364 2748 528 2782 schismata]
550 2749 632 2774 Cod.:
663 2748 797 2771 scismata
1299 2754 1301 2761 >
1396 2745 1516 2768 nari-att.
1534 2744 1578 2768 lii.

296 2787 346 2814 20)
366 2782 589 2817 nemini-gensis]
611 2784 677 2808 Cod.
698 2784 772 2807 ii.1.:
803 2782 1031 2813 ueidiburgennis
1362 2779 1411 2812 24)
1431 2776 1574 2811 Spartam]
1594 2779 1677 2804 Cod.:
1704 2777 1853 2809 spartham
