<?xml version="1.0" encoding="UTF-8"?>
<!DOCTYPE html PUBLIC "-//W3C//DTD XHTML 1.0 Transitional//EN"
    "http://www.w3.org/TR/xhtml1/DTD/xhtml1-transitional.dtd">
<html xmlns="http://www.w3.org/1999/xhtml" xml:lang="en" lang="en">
 <head>
  <title>
</title>
<meta http-equiv="Content-Type" content="text/html;charset=utf-8" />
  <meta name='ocr-system' content='tesseract 3.04.00' />
  <meta name='ocr-capabilities' content='ocr_page ocr_carea ocr_par ocr_line ocrx_word'/>
</head>
<body>
  <div class='ocr_page' id='page_1' title='image "./operaquaesupersu20melauoft_0288.png"; bbox 0 0 2421 3037; ppageno 0'>
   <div class='ocr_carea' id='block_1_1' title="bbox 241 99 1255 543">
    <p class='ocr_par' dir='ltr' id='par_1_1' title="bbox 241 99 314 135">
     <span class='ocr_line' id='line_1_1' title="bbox 241 99 314 135; baseline 0 0"><span class='ocrx_word' id='word_1_1' title='bbox 241 99 314 135; x_wconf 85' lang='lat'><strong>551</strong></span> 
     </span>
    </p>

    <p class='ocr_par' dir='ltr' id='par_1_2' title="bbox 241 184 1255 543">
     <span class='ocr_line' id='line_1_2' title="bbox 348 184 1249 230; baseline -0.006 -8"><span class='ocrx_word' id='word_1_2' title='bbox 348 185 519 222; x_wconf 87' lang='lat' dir='ltr'>CXXVII.</span> <span class='ocrx_word' id='word_1_3' title='bbox 555 185 695 219; x_wconf 78' lang='lat' dir='ltr'><strong>Accidit</strong></span> <span class='ocrx_word' id='word_1_4' title='bbox 719 184 848 224; x_wconf 86' lang='lat' dir='ltr'><strong>semel,</strong></span> <span class='ocrx_word' id='word_1_5' title='bbox 885 190 924 217; x_wconf 91' lang='lat' dir='ltr'><strong>ut</strong></span> <span class='ocrx_word' id='word_1_6' title='bbox 951 190 1075 229; x_wconf 89' lang='lat' dir='ltr'><strong>pastor</strong></span> <span class='ocrx_word' id='word_1_7' title='bbox 1101 184 1249 230; x_wconf 86' lang='lat' dir='ltr'><strong>quidam</strong></span> 
     </span>
     <span class='ocr_line' id='line_1_3' title="bbox 242 235 1251 285; baseline -0.004 -12"><span class='ocrx_word' id='word_1_8' title='bbox 242 240 279 273; x_wconf 85' lang='lat' dir='ltr'><strong>in</strong></span> <span class='ocrx_word' id='word_1_9' title='bbox 298 252 389 285; x_wconf 81' lang='lat' dir='ltr'><strong>pago</strong></span> <span class='ocrx_word' id='word_1_10' title='bbox 408 239 619 273; x_wconf 76' lang='lat' dir='ltr'>concionem</span> <span class='ocrx_word' id='word_1_11' title='bbox 642 235 775 269; x_wconf 83' lang='lat' dir='ltr'><strong>habere</strong></span> <span class='ocrx_word' id='word_1_12' title='bbox 802 236 926 277; x_wconf 89' lang='lat' dir='ltr'><strong>vellet,</strong></span> <span class='ocrx_word' id='word_1_13' title='bbox 953 243 987 270; x_wconf 86' lang='lat' dir='ltr'><strong>et</strong></span> <span class='ocrx_word' id='word_1_14' title='bbox 1013 250 1092 271; x_wconf 90' lang='lat' dir='ltr'><strong>cum</strong></span> <span class='ocrx_word' id='word_1_15' title='bbox 1122 249 1251 282; x_wconf 86' lang='lat' dir='ltr'><strong>parum</strong></span> 
     </span>
     <span class='ocr_line' id='line_1_4' title="bbox 242 288 1253 330; baseline -0.006 -3"><span class='ocrx_word' id='word_1_16' title='bbox 242 299 333 327; x_wconf 88' lang='lat' dir='ltr'><strong>esset</strong></span> <span class='ocrx_word' id='word_1_17' title='bbox 365 292 577 329; x_wconf 81' lang='lat' dir='ltr'><strong>instructus,</strong></span> <span class='ocrx_word' id='word_1_18' title='bbox 616 301 656 322; x_wconf 88' lang='lat' dir='ltr'><strong>ac</strong></span> <span class='ocrx_word' id='word_1_19' title='bbox 680 288 819 322; x_wconf 86' lang='lat' dir='ltr'><strong>videret</strong></span> <span class='ocrx_word' id='word_1_20' title='bbox 843 289 932 323; x_wconf 88' lang='lat' dir='ltr'><strong>alios</strong></span> <span class='ocrx_word' id='word_1_21' title='bbox 958 290 1084 324; x_wconf 89' lang='lat' dir='ltr'><strong>doctos</strong></span> <span class='ocrx_word' id='word_1_22' title='bbox 1117 290 1253 330; x_wconf 85' lang='lat' dir='ltr'><strong>adesse,</strong></span> 
     </span>
     <span class='ocr_line' id='line_1_5' title="bbox 243 341 1252 391; baseline -0.003 -14"><span class='ocrx_word' id='word_1_23' title='bbox 243 345 341 391; x_wconf 91' lang='lat' dir='ltr'><strong>quod</strong></span> <span class='ocrx_word' id='word_1_24' title='bbox 367 343 455 376; x_wconf 85' lang='lat' dir='ltr'><strong>alias</strong></span> <span class='ocrx_word' id='word_1_25' title='bbox 486 342 561 375; x_wconf 82' lang='lat' dir='ltr'><strong>fieri</strong></span> <span class='ocrx_word' id='word_1_26' title='bbox 596 353 672 374; x_wconf 88' lang='lat' dir='ltr'><strong>non</strong></span> <span class='ocrx_word' id='word_1_27' title='bbox 705 341 864 381; x_wconf 75' lang='lat' dir='ltr'>solebat,</span> <span class='ocrx_word' id='word_1_28' title='bbox 906 341 1027 375; x_wconf 91' lang='lat' dir='ltr'><strong>statim</strong></span> <span class='ocrx_word' id='word_1_29' title='bbox 1052 341 1252 385; x_wconf 83' lang='lat' dir='ltr'><strong>Evangelio</strong></span> 
     </span>
     <span class='ocr_line' id='line_1_6' title="bbox 241 393 1253 439; baseline -0.001 -11"><span class='ocrx_word' id='word_1_30' title='bbox 241 397 332 429; x_wconf 82' lang='lat' dir='ltr'><strong>lecto</strong></span> <span class='ocrx_word' id='word_1_31' title='bbox 351 394 505 438; x_wconf 82' lang='lat' dir='ltr'><strong>suscepit</strong></span> <span class='ocrx_word' id='word_1_32' title='bbox 531 400 564 426; x_wconf 92' lang='lat' dir='ltr'><strong>et</strong></span> <span class='ocrx_word' id='word_1_33' title='bbox 587 394 631 426; x_wconf 84' lang='lat' dir='ltr'><strong>ad</strong></span> <span class='ocrx_word' id='word_1_34' title='bbox 658 393 843 426; x_wconf 77' lang='lat' dir='ltr'><strong>auditores</strong></span> <span class='ocrx_word' id='word_1_35' title='bbox 869 393 975 428; x_wconf 83' lang='lat' dir='ltr'>dixit:</span> <span class='ocrx_word' id='word_1_36' title='bbox 1011 395 1045 431; x_wconf 62' lang='grc' dir='ltr'><em>Ξ</em></span> <span class='ocrx_word' id='word_1_37' title='bbox 1070 394 1123 439; x_wconf 73' lang='lat' dir='ltr'><strong>ibt</strong></span> <span class='ocrx_word' id='word_1_38' title='bbox 1149 394 1253 430; x_wconf 75' lang='lat' dir='ltr'><strong>lichen</strong></span> 
     </span>
     <span class='ocr_line' id='line_1_7' title="bbox 244 445 1254 493; baseline -0.005 -9"><span class='ocrx_word' id='word_1_39' title='bbox 244 449 331 490; x_wconf 69' lang='lat' dir='ltr'><strong>lesit,</strong></span> <span class='ocrx_word' id='word_1_40' title='bbox 360 446 438 493; x_wconf 74' lang='lat' dir='ltr'><strong>mid)</strong></span> <span class='ocrx_word' id='word_1_41' title='bbox 468 446 600 489; x_wconf 53' lang='lat' dir='ltr'><strong>biincftl</strong></span> <span class='ocrx_word' id='word_1_42' title='bbox 628 445 672 491; x_wconf 81' lang='lat' dir='ltr'><strong>id)</strong></span> <span class='ocrx_word' id='word_1_43' title='bbox 699 445 773 491; x_wconf 63' lang='lat' dir='ltr'><strong>rad&gt;</strong></span> <span class='ocrx_word' id='word_1_44' title='bbox 795 445 898 490; x_wconf 72' lang='lat' dir='ltr'><strong>fenet.</strong></span> <span class='ocrx_word' id='word_1_45' title='bbox 954 446 1032 480; x_wconf 93' lang='lat' dir='ltr'><strong>Hoc</strong></span> <span class='ocrx_word' id='word_1_46' title='bbox 1057 447 1138 480; x_wconf 84' lang='lat' dir='ltr'><strong>ideo</strong></span> <span class='ocrx_word' id='word_1_47' title='bbox 1165 446 1254 480; x_wconf 85' lang='lat' dir='ltr'>dixit</span> 
     </span>
     <span class='ocr_line' id='line_1_8' title="bbox 242 497 1255 543; baseline -0.003 -9"><span class='ocrx_word' id='word_1_48' title='bbox 242 507 278 534; x_wconf 89' lang='lat' dir='ltr'><strong>et</strong></span> <span class='ocrx_word' id='word_1_49' title='bbox 295 499 468 539; x_wconf 75' lang='lat' dir='ltr'><strong>faciebat,</strong></span> <span class='ocrx_word' id='word_1_50' title='bbox 496 504 555 538; x_wconf 86' lang='lat' dir='ltr'><strong>ut,</strong></span> <span class='ocrx_word' id='word_1_51' title='bbox 584 497 611 532; x_wconf 93' lang='lat' dir='ltr'><strong>si</strong></span> <span class='ocrx_word' id='word_1_52' title='bbox 632 498 764 542; x_wconf 84' lang='lat' dir='ltr'><strong>singuli</strong></span> <span class='ocrx_word' id='word_1_53' title='bbox 782 499 931 532; x_wconf 89' lang='lat' dir='ltr'><strong>domum</strong></span> <span class='ocrx_word' id='word_1_54' title='bbox 952 505 1152 539; x_wconf 86' lang='lat' dir='ltr'><strong>currerent,</strong></span> <span class='ocrx_word' id='word_1_55' title='bbox 1179 499 1255 543; x_wconf 91' lang='lat' dir='ltr'><strong>ipse</strong></span> 
     </span>
    </p>
   </div>
   <div class='ocr_carea' id='block_1_2' title="bbox 241 550 1256 651">
    <p class='ocr_par' dir='ltr' id='par_1_3' title="bbox 241 550 1256 651">
     <span class='ocr_line' id='line_1_9' title="bbox 241 550 1256 591; baseline -0.004 -5"><span class='ocrx_word' id='word_1_56' title='bbox 241 551 393 587; x_wconf 87' lang='lat' dir='ltr'><strong>haberet</strong></span> <span class='ocrx_word' id='word_1_57' title='bbox 413 551 638 585; x_wconf 71' lang='lat' dir='ltr'><strong>occasionem</strong></span> <span class='ocrx_word' id='word_1_58' title='bbox 664 551 891 591; x_wconf 86' lang='lat' dir='ltr'><strong>discedendi,</strong></span> <span class='ocrx_word' id='word_1_59' title='bbox 920 564 963 585; x_wconf 91' lang='lat' dir='ltr'><strong>ne</strong></span> <span class='ocrx_word' id='word_1_60' title='bbox 983 551 1195 585; x_wconf 90' lang='lat' dir='ltr'><strong>concionari</strong></span> <span class='ocrx_word' id='word_1_61' title='bbox 1218 550 1256 583; x_wconf 89' lang='lat' dir='ltr'><strong>in</strong></span> 
     </span>
     <span class='ocr_line' id='line_1_10' title="bbox 242 603 670 651; baseline -0.005 -13"><span class='ocrx_word' id='word_1_62' title='bbox 242 603 447 651; x_wconf 86' lang='lat' dir='ltr'><strong>praesentia</strong></span> <span class='ocrx_word' id='word_1_63' title='bbox 469 609 670 648; x_wconf 83' lang='lat' dir='ltr'><strong>cogeretur.</strong></span> 
     </span>
    </p>
   </div>
   <div class='ocr_carea' id='block_1_3' title="bbox 243 671 1260 1189">
    <p class='ocr_par' dir='ltr' id='par_1_4' title="bbox 243 671 1260 1189">
     <span class='ocr_line' id='line_1_11' title="bbox 349 671 1255 713; baseline -0.003 -5"><span class='ocrx_word' id='word_1_64' title='bbox 349 671 537 708; x_wconf 84' lang='lat' dir='ltr'>CXXVIII.</span> <span class='ocrx_word' id='word_1_65' title='bbox 581 672 723 706; x_wconf 83' lang='lat' dir='ltr'><strong>Accidit</strong></span> <span class='ocrx_word' id='word_1_66' title='bbox 753 672 860 713; x_wconf 88' lang='lat' dir='ltr'><strong>olim,</strong></span> <span class='ocrx_word' id='word_1_67' title='bbox 901 679 940 706; x_wconf 89' lang='lat' dir='ltr'><strong>ut</strong></span> <span class='ocrx_word' id='word_1_68' title='bbox 965 674 1037 706; x_wconf 90' lang='lat' dir='ltr'><strong>duo</strong></span> <span class='ocrx_word' id='word_1_69' title='bbox 1063 672 1159 706; x_wconf 84' lang='lat' dir='ltr'><strong>sures</strong></span> <span class='ocrx_word' id='word_1_70' title='bbox 1183 671 1255 705; x_wconf 90' lang='lat' dir='ltr'><strong>iam</strong></span> 
     </span>
     <span class='ocr_line' id='line_1_12' title="bbox 243 724 1255 771; baseline -0.002 -12"><span class='ocrx_word' id='word_1_71' title='bbox 243 727 289 759; x_wconf 88' lang='lat' dir='ltr'><strong>ad</strong></span> <span class='ocrx_word' id='word_1_72' title='bbox 324 724 544 771; x_wconf 88' lang='lat' dir='ltr'><strong>supplicium</strong></span> <span class='ocrx_word' id='word_1_73' title='bbox 569 726 807 763; x_wconf 85' lang='lat' dir='ltr'><strong>ducerentur,</strong></span> <span class='ocrx_word' id='word_1_74' title='bbox 845 737 1001 771; x_wconf 87' lang='lat' dir='ltr'><strong>quorum</strong></span> <span class='ocrx_word' id='word_1_75' title='bbox 1027 737 1139 765; x_wconf 88' lang='lat' dir='ltr'><strong>unus,</strong></span> <span class='ocrx_word' id='word_1_76' title='bbox 1175 737 1255 758; x_wconf 90' lang='lat' dir='ltr'><strong>cum</strong></span> 
     </span>
     <span class='ocr_line' id='line_1_13' title="bbox 245 776 1259 822; baseline -0.003 -10"><span class='ocrx_word' id='word_1_77' title='bbox 245 778 383 812; x_wconf 86' lang='lat' dir='ltr'><strong>videret</strong></span> <span class='ocrx_word' id='word_1_78' title='bbox 405 790 442 812; x_wconf 87' lang='lat' dir='ltr'><strong>se</strong></span> <span class='ocrx_word' id='word_1_79' title='bbox 468 779 513 811; x_wconf 90' lang='lat' dir='ltr'><strong>ad</strong></span> <span class='ocrx_word' id='word_1_80' title='bbox 538 777 754 822; x_wconf 91' lang='lat' dir='ltr'><strong>supplicium</strong></span> <span class='ocrx_word' id='word_1_81' title='bbox 781 778 996 810; x_wconf 86' lang='lat' dir='ltr'><strong>damnatum</strong></span> <span class='ocrx_word' id='word_1_82' title='bbox 1017 789 1113 817; x_wconf 87' lang='lat' dir='ltr'><strong>esse,</strong></span> <span class='ocrx_word' id='word_1_83' title='bbox 1138 776 1259 822; x_wconf 90' lang='lat' dir='ltr'><strong>inquit</strong></span> 
     </span>
     <span class='ocr_line' id='line_1_14' title="bbox 244 828 1259 870; baseline -0.003 -6"><span class='ocrx_word' id='word_1_84' title='bbox 244 831 448 865; x_wconf 88' lang='lat' dir='ltr'><strong>clanculum</strong></span> <span class='ocrx_word' id='word_1_85' title='bbox 466 831 511 864; x_wconf 88' lang='lat' dir='ltr'><strong>ad</strong></span> <span class='ocrx_word' id='word_1_86' title='bbox 528 830 680 864; x_wconf 88' lang='lat' dir='ltr'><strong>iudicem</strong></span> <span class='ocrx_word' id='word_1_87' title='bbox 693 857 701 870; x_wconf 89' lang='lat'><strong>,</strong></span> <span class='ocrx_word' id='word_1_88' title='bbox 729 829 797 864; x_wconf 87' lang='lat' dir='ltr'><strong>sibi</strong></span> <span class='ocrx_word' id='word_1_89' title='bbox 818 829 855 862; x_wconf 91' lang='lat' dir='ltr'><strong>in</strong></span> <span class='ocrx_word' id='word_1_90' title='bbox 874 829 1015 862; x_wconf 84' lang='lat' dir='ltr'><strong>manica</strong></span> <span class='ocrx_word' id='word_1_91' title='bbox 1036 841 1109 864; x_wconf 85' lang='lat' dir='ltr'><strong>esse</strong></span> <span class='ocrx_word' id='word_1_92' title='bbox 1127 828 1178 863; x_wconf 88' lang='grc'><strong>60</strong></span> <span class='ocrx_word' id='word_1_93' title='bbox 1196 841 1259 862; x_wconf 89' lang='lat' dir='ltr'><strong>au-</strong></span> 
     </span>
     <span class='ocr_line' id='line_1_15' title="bbox 243 881 1259 929; baseline -0.004 -11"><span class='ocrx_word' id='word_1_94' title='bbox 243 896 345 925; x_wconf 85' lang='lat' dir='ltr'><strong>reos,</strong></span> <span class='ocrx_word' id='word_1_95' title='bbox 375 895 466 929; x_wconf 91' lang='lat' dir='ltr'><strong>quos</strong></span> <span class='ocrx_word' id='word_1_96' title='bbox 492 883 713 928; x_wconf 86' lang='lat' dir='ltr'><strong>pauperibus</strong></span> <span class='ocrx_word' id='word_1_97' title='bbox 738 881 905 915; x_wconf 85' lang='lat' dir='ltr'><strong>distribui</strong></span> <span class='ocrx_word' id='word_1_98' title='bbox 927 881 1068 926; x_wconf 88' lang='lat' dir='ltr'><strong>cupiat,</strong></span> <span class='ocrx_word' id='word_1_99' title='bbox 1096 893 1259 926; x_wconf 87' lang='lat' dir='ltr'><strong>praeser-</strong></span> 
     </span>
     <span class='ocr_line' id='line_1_16' title="bbox 245 931 1259 970; baseline -0.004 0"><span class='ocrx_word' id='word_1_100' title='bbox 245 936 311 970; x_wconf 86' lang='lat' dir='ltr'><strong>tim</strong></span> <span class='ocrx_word' id='word_1_101' title='bbox 329 949 411 969; x_wconf 88' lang='lat' dir='ltr'><strong>cum</strong></span> <span class='ocrx_word' id='word_1_102' title='bbox 430 935 497 969; x_wconf 89' lang='lat' dir='ltr'><strong>sihi</strong></span> <span class='ocrx_word' id='word_1_103' title='bbox 514 941 605 969; x_wconf 90' lang='lat' dir='ltr'><strong>esset</strong></span> <span class='ocrx_word' id='word_1_104' title='bbox 624 934 869 968; x_wconf 84' lang='lat' dir='ltr'><strong>moriendum.</strong></span> <span class='ocrx_word' id='word_1_105' title='bbox 918 931 1028 967; x_wconf 82' lang='lat' dir='ltr'><strong>Iudex</strong></span> <span class='ocrx_word' id='word_1_106' title='bbox 1046 934 1171 967; x_wconf 86' lang='lat' dir='ltr'><strong>audito</strong></span> <span class='ocrx_word' id='word_1_107' title='bbox 1189 931 1259 966; x_wconf 85' lang='lat' dir='ltr'><strong>hoc</strong></span> 
     </span>
     <span class='ocr_line' id='line_1_17' title="bbox 245 985 1260 1033; baseline -0.001 -11"><span class='ocrx_word' id='word_1_108' title='bbox 245 989 366 1024; x_wconf 85' lang='lat' dir='ltr'><strong>statim</strong></span> <span class='ocrx_word' id='word_1_109' title='bbox 386 988 505 1033; x_wconf 89' lang='lat' dir='ltr'><strong>inquit</strong></span> <span class='ocrx_word' id='word_1_110' title='bbox 525 988 569 1020; x_wconf 88' lang='lat' dir='ltr'><strong>ad</strong></span> <span class='ocrx_word' id='word_1_111' title='bbox 588 993 827 1031; x_wconf 77' lang='lat' dir='ltr'><strong>spectatores:</strong></span> <span class='ocrx_word' id='word_1_112' title='bbox 858 986 911 1029; x_wconf 68' lang='grc' dir='ltr'><strong>(ξι)</strong></span> <span class='ocrx_word' id='word_1_113' title='bbox 931 985 1015 1030; x_wconf 76' lang='lat' dir='ltr'><strong>bistu</strong></span> <span class='ocrx_word' id='word_1_114' title='bbox 1034 985 1136 1030; x_wconf 66' lang='lat' dir='ltr'><strong>biesess</strong></span> <span class='ocrx_word' id='word_1_115' title='bbox 1158 989 1260 1022; x_wconf 72' lang='grc' dir='ltr'><strong>τηαηῧ</strong></span> 
     </span>
     <span class='ocr_line' id='line_1_18' title="bbox 245 1037 1260 1087; baseline -0.004 -9"><span class='ocrx_word' id='word_1_116' title='bbox 245 1040 324 1086; x_wconf 70' lang='lat' dir='ltr'><strong>fon,</strong></span> <span class='ocrx_word' id='word_1_117' title='bbox 353 1040 385 1085; x_wconf 69' lang='lat' dir='ltr'><strong>so</strong></span> <span class='ocrx_word' id='word_1_118' title='bbox 405 1039 493 1086; x_wconf 74' lang='lat' dir='ltr'><strong>ffitet</strong></span> <span class='ocrx_word' id='word_1_119' title='bbox 509 1040 543 1075; x_wconf 83' lang='grc' dir='ltr'><strong>ἰη</strong></span> <span class='ocrx_word' id='word_1_120' title='bbox 561 1040 661 1075; x_wconf 73' lang='lat' dir='ltr'><strong>mibct·</strong></span> <span class='ocrx_word' id='word_1_121' title='bbox 676 1040 808 1087; x_wconf 50' lang='grc' dir='ltr'><strong>ἰλίηείη,</strong></span> <span class='ocrx_word' id='word_1_122' title='bbox 836 1041 896 1074; x_wconf 79' lang='lat' dir='ltr'><strong>ben</strong></span> <span class='ocrx_word' id='word_1_123' title='bbox 921 1049 954 1074; x_wconf 78' lang='lat' dir='ltr'><strong>et</strong></span> <span class='ocrx_word' id='word_1_124' title='bbox 975 1037 1014 1083; x_wconf 77' lang='lat' dir='ltr'><strong>ist</strong></span> <span class='ocrx_word' id='word_1_125' title='bbox 1029 1040 1096 1075; x_wconf 77' lang='lat' dir='ltr'><strong>mit</strong></span> <span class='ocrx_word' id='word_1_126' title='bbox 1112 1039 1190 1075; x_wconf 72' lang='lat' dir='ltr'><strong>moll</strong></span> <span class='ocrx_word' id='word_1_127' title='bbox 1208 1039 1260 1074; x_wconf 68' lang='lat' dir='ltr'><strong>be:</strong></span> 
     </span>
     <span class='ocr_line' id='line_1_19' title="bbox 245 1092 1259 1137; baseline -0.007 -6"><span class='ocrx_word' id='word_1_128' title='bbox 245 1095 337 1131; x_wconf 62' lang='lat' dir='ltr'><strong>funt.</strong></span> <span class='ocrx_word' id='word_1_129' title='bbox 390 1093 576 1127; x_wconf 84' lang='lat' dir='ltr'><strong>Reductus</strong></span> <span class='ocrx_word' id='word_1_130' title='bbox 594 1099 647 1126; x_wconf 90' lang='lat' dir='ltr'><strong>est</strong></span> <span class='ocrx_word' id='word_1_131' title='bbox 668 1092 779 1137; x_wconf 84' lang='lat' dir='ltr'><strong>igitur</strong></span> <span class='ocrx_word' id='word_1_132' title='bbox 803 1092 840 1124; x_wconf 91' lang='lat' dir='ltr'><strong>in</strong></span> <span class='ocrx_word' id='word_1_133' title='bbox 868 1104 1047 1125; x_wconf 79' lang='lat' dir='ltr'><strong>carcerem</strong></span> <span class='ocrx_word' id='word_1_134' title='bbox 1075 1097 1109 1125; x_wconf 91' lang='lat' dir='ltr'><strong>et</strong></span> <span class='ocrx_word' id='word_1_135' title='bbox 1133 1097 1259 1137; x_wconf 83' lang='lat' dir='ltr'><strong>postea</strong></span> 
     </span>
     <span class='ocr_line' id='line_1_20' title="bbox 246 1143 839 1189; baseline -0.003 -9"><span class='ocrx_word' id='word_1_136' title='bbox 246 1146 415 1180; x_wconf 88' lang='lat' dir='ltr'><strong>dimissus</strong></span> <span class='ocrx_word' id='word_1_137' title='bbox 433 1146 517 1178; x_wconf 86' lang='lat' dir='ltr'><strong>data</strong></span> <span class='ocrx_word' id='word_1_138' title='bbox 536 1144 647 1179; x_wconf 88' lang='lat' dir='ltr'><strong>iudici</strong></span> <span class='ocrx_word' id='word_1_139' title='bbox 672 1143 839 1189; x_wconf 90' lang='lat' dir='ltr'><strong>pecunia.</strong></span> 
     </span>
    </p>
   </div>
   <div class='ocr_carea' id='block_1_4' title="bbox 246 1212 1264 1891">
    <p class='ocr_par' dir='ltr' id='par_1_5' title="bbox 246 1212 1264 1891">
     <span class='ocr_line' id='line_1_21' title="bbox 353 1212 1262 1258; baseline -0.003 -9"><span class='ocrx_word' id='word_1_140' title='bbox 353 1213 508 1249; x_wconf 90' lang='lat' dir='ltr'>CXXIX.</span> <span class='ocrx_word' id='word_1_141' title='bbox 540 1213 649 1247; x_wconf 89' lang='lat' dir='ltr'><strong>Aliud</strong></span> <span class='ocrx_word' id='word_1_142' title='bbox 664 1214 857 1248; x_wconf 88' lang='lat' dir='ltr'><strong>ridiculum</strong></span> <span class='ocrx_word' id='word_1_143' title='bbox 878 1213 1175 1258; x_wconf 84' lang='lat' dir='ltr'><strong>acciditTorgae,</strong></span> <span class='ocrx_word' id='word_1_144' title='bbox 1198 1212 1262 1247; x_wconf 86' lang='lat' dir='ltr'><strong>ubi</strong></span> 
     </span>
     <span class='ocr_line' id='line_1_22' title="bbox 246 1263 1262 1314; baseline -0.005 -11"><span class='ocrx_word' id='word_1_145' title='bbox 246 1282 327 1303; x_wconf 90' lang='lat' dir='ltr'><strong>cum</strong></span> <span class='ocrx_word' id='word_1_146' title='bbox 353 1268 411 1302; x_wconf 86' lang='lat' dir='ltr'><strong>fur</strong></span> <span class='ocrx_word' id='word_1_147' title='bbox 437 1267 585 1314; x_wconf 90' lang='lat' dir='ltr'><strong>quidam</strong></span> <span class='ocrx_word' id='word_1_148' title='bbox 611 1267 804 1300; x_wconf 85' lang='lat' dir='ltr'><strong>duceretur</strong></span> <span class='ocrx_word' id='word_1_149' title='bbox 829 1267 874 1299; x_wconf 88' lang='lat' dir='ltr'><strong>ad</strong></span> <span class='ocrx_word' id='word_1_150' title='bbox 898 1265 1137 1312; x_wconf 89' lang='lat' dir='ltr'><strong>supplicium,</strong></span> <span class='ocrx_word' id='word_1_151' title='bbox 1171 1263 1262 1299; x_wconf 81' lang='lat' dir='ltr'><strong>dixit</strong></span> 
     </span>
     <span class='ocr_line' id='line_1_23' title="bbox 247 1317 1262 1364; baseline -0.004 -9"><span class='ocrx_word' id='word_1_152' title='bbox 247 1320 407 1355; x_wconf 88' lang='lat' dir='ltr'><strong>carnifici</strong></span> <span class='ocrx_word' id='word_1_153' title='bbox 424 1332 460 1353; x_wconf 89' lang='lat' dir='ltr'><strong>se</strong></span> <span class='ocrx_word' id='word_1_154' title='bbox 479 1317 612 1353; x_wconf 89' lang='lat' dir='ltr'><strong>habere</strong></span> <span class='ocrx_word' id='word_1_155' title='bbox 633 1330 803 1364; x_wconf 89' lang='lat' dir='ltr'><strong>magnam</strong></span> <span class='ocrx_word' id='word_1_156' title='bbox 830 1318 902 1351; x_wconf 88' lang='lat' dir='ltr'><strong>vim</strong></span> <span class='ocrx_word' id='word_1_157' title='bbox 923 1318 1099 1364; x_wconf 89' lang='lat' dir='ltr'><strong>pecuniae</strong></span> <span class='ocrx_word' id='word_1_158' title='bbox 1115 1318 1154 1351; x_wconf 91' lang='lat' dir='ltr'><strong>in</strong></span> <span class='ocrx_word' id='word_1_159' title='bbox 1172 1318 1262 1352; x_wconf 86' lang='lat' dir='ltr'><strong>cali-</strong></span> 
     </span>
     <span class='ocr_line' id='line_1_24' title="bbox 247 1371 1261 1419; baseline -0.003 -13"><span class='ocrx_word' id='word_1_160' title='bbox 247 1374 299 1419; x_wconf 86' lang='lat' dir='ltr'><strong>gis</strong></span> <span class='ocrx_word' id='word_1_161' title='bbox 319 1372 544 1407; x_wconf 75' lang='lat' dir='ltr'><strong>reconditam</strong></span> <span class='ocrx_word' id='word_1_162' title='bbox 557 1399 566 1412; x_wconf 91' lang='lat'><strong>,</strong></span> <span class='ocrx_word' id='word_1_163' title='bbox 596 1371 723 1406; x_wconf 90' lang='lat' dir='ltr'><strong>iubens</strong></span> <span class='ocrx_word' id='word_1_164' title='bbox 741 1383 822 1404; x_wconf 90' lang='lat' dir='ltr'><strong>eum</strong></span> <span class='ocrx_word' id='word_1_165' title='bbox 842 1383 972 1405; x_wconf 87' lang='lat' dir='ltr'><strong>manus</strong></span> <span class='ocrx_word' id='word_1_166' title='bbox 989 1371 1136 1412; x_wconf 87' lang='lat' dir='ltr'><strong>inferre,</strong></span> <span class='ocrx_word' id='word_1_167' title='bbox 1164 1382 1261 1404; x_wconf 90' lang='lat' dir='ltr'><strong>eam-</strong></span> 
     </span>
     <span class='ocr_line' id='line_1_25' title="bbox 247 1423 1262 1473; baseline -0.004 -13"><span class='ocrx_word' id='word_1_168' title='bbox 247 1439 317 1473; x_wconf 88' lang='lat' dir='ltr'><strong>que</strong></span> <span class='ocrx_word' id='word_1_169' title='bbox 341 1425 409 1460; x_wconf 85' lang='lat' dir='ltr'><strong>sihi</strong></span> <span class='ocrx_word' id='word_1_170' title='bbox 433 1425 596 1465; x_wconf 88' lang='lat' dir='ltr'><strong>auferre,</strong></span> <span class='ocrx_word' id='word_1_171' title='bbox 626 1423 923 1470; x_wconf 85' lang='lat' dir='ltr'><strong>quandoquidem</strong></span> <span class='ocrx_word' id='word_1_172' title='bbox 949 1423 1026 1469; x_wconf 87' lang='lat' dir='ltr'><strong>ipse</strong></span> <span class='ocrx_word' id='word_1_173' title='bbox 1050 1423 1122 1456; x_wconf 89' lang='lat' dir='ltr'><strong>iam</strong></span> <span class='ocrx_word' id='word_1_174' title='bbox 1149 1423 1262 1456; x_wconf 90' lang='lat' dir='ltr'><strong>mori-</strong></span> 
     </span>
     <span class='ocr_line' id='line_1_26' title="bbox 246 1475 1263 1521; baseline -0.006 -8"><span class='ocrx_word' id='word_1_175' title='bbox 246 1486 350 1513; x_wconf 84' lang='lat' dir='ltr'><strong>turus</strong></span> <span class='ocrx_word' id='word_1_176' title='bbox 375 1483 477 1512; x_wconf 89' lang='lat' dir='ltr'><strong>esset.</strong></span> <span class='ocrx_word' id='word_1_177' title='bbox 541 1476 712 1511; x_wconf 75' lang='lat' dir='ltr'><strong>Carnifex</strong></span> <span class='ocrx_word' id='word_1_178' title='bbox 741 1477 862 1510; x_wconf 89' lang='lat' dir='ltr'><strong>statim</strong></span> <span class='ocrx_word' id='word_1_179' title='bbox 888 1488 1020 1521; x_wconf 87' lang='lat' dir='ltr'><strong>magna</strong></span> <span class='ocrx_word' id='word_1_180' title='bbox 1045 1475 1182 1509; x_wconf 89' lang='lat' dir='ltr'><strong>laetitia</strong></span> <span class='ocrx_word' id='word_1_181' title='bbox 1212 1475 1263 1507; x_wconf 85' lang='lat' dir='ltr'><strong>af-</strong></span> 
     </span>
     <span class='ocr_line' id='line_1_27' title="bbox 247 1527 1261 1572; baseline -0.005 -8"><span class='ocrx_word' id='word_1_182' title='bbox 247 1531 360 1564; x_wconf 85' lang='lat' dir='ltr'><strong>fectus</strong></span> <span class='ocrx_word' id='word_1_183' title='bbox 394 1529 567 1563; x_wconf 88' lang='lat' dir='ltr'><strong>iudicavit</strong></span> <span class='ocrx_word' id='word_1_184' title='bbox 601 1527 694 1562; x_wconf 89' lang='lat' dir='ltr'><strong>hanc</strong></span> <span class='ocrx_word' id='word_1_185' title='bbox 727 1528 796 1562; x_wconf 89' lang='lat' dir='ltr'><strong>sibi</strong></span> <span class='ocrx_word' id='word_1_186' title='bbox 828 1528 1048 1572; x_wconf 78' lang='lat' dir='ltr'><strong>peculiarem</strong></span> <span class='ocrx_word' id='word_1_187' title='bbox 1074 1528 1261 1561; x_wconf 86' lang='lat' dir='ltr'><strong>fortunam</strong></span> 
     </span>
     <span class='ocr_line' id='line_1_28' title="bbox 248 1579 1261 1627; baseline -0.006 -9"><span class='ocrx_word' id='word_1_188' title='bbox 248 1595 343 1625; x_wconf 86' lang='lat' dir='ltr'><strong>esse,</strong></span> <span class='ocrx_word' id='word_1_189' title='bbox 372 1581 537 1615; x_wconf 86' lang='lat' dir='ltr'><strong>immittit</strong></span> <span class='ocrx_word' id='word_1_190' title='bbox 555 1580 821 1627; x_wconf 88' lang='lat' dir='ltr'><strong>aliquantulum</strong></span> <span class='ocrx_word' id='word_1_191' title='bbox 840 1592 988 1614; x_wconf 85' lang='lat' dir='ltr'><strong>manum</strong></span> <span class='ocrx_word' id='word_1_192' title='bbox 1002 1607 1011 1621; x_wconf 92' lang='lat'>‚</span> <span class='ocrx_word' id='word_1_193' title='bbox 1039 1581 1101 1615; x_wconf 89' lang='lat' dir='ltr'><strong>sed</strong></span> <span class='ocrx_word' id='word_1_194' title='bbox 1122 1579 1261 1613; x_wconf 89' lang='lat' dir='ltr'><strong>nullam</strong></span> 
     </span>
     <span class='ocr_line' id='line_1_29' title="bbox 248 1631 1263 1682; baseline -0.006 -14"><span class='ocrx_word' id='word_1_195' title='bbox 248 1634 439 1682; x_wconf 89' lang='lat' dir='ltr'><strong>pecuniam</strong></span> <span class='ocrx_word' id='word_1_196' title='bbox 462 1631 741 1679; x_wconf 86' lang='lat' dir='ltr'><strong>apprehendens</strong></span> <span class='ocrx_word' id='word_1_197' title='bbox 765 1632 853 1666; x_wconf 90' lang='lat' dir='ltr'><strong>dicit</strong></span> <span class='ocrx_word' id='word_1_198' title='bbox 880 1634 923 1666; x_wconf 82' lang='lat' dir='ltr'><strong>ad</strong></span> <span class='ocrx_word' id='word_1_199' title='bbox 951 1633 1086 1667; x_wconf 88' lang='lat' dir='ltr'><strong>furem:</strong></span> <span class='ocrx_word' id='word_1_200' title='bbox 1123 1632 1186 1669; x_wconf 54' lang='lat' dir='ltr'><strong>Qu</strong></span> <span class='ocrx_word' id='word_1_201' title='bbox 1210 1632 1263 1668; x_wconf 77' lang='lat' dir='ltr'><strong>be:</strong></span> 
     </span>
     <span class='ocr_line' id='line_1_30' title="bbox 248 1682 1263 1734; baseline -0.01 -10"><span class='ocrx_word' id='word_1_202' title='bbox 248 1687 371 1734; x_wconf 75' lang='lat' dir='ltr'><strong>tteiigst</strong></span> <span class='ocrx_word' id='word_1_203' title='bbox 389 1687 481 1733; x_wconf 79' lang='lat' dir='ltr'><strong>mid).</strong></span> <span class='ocrx_word' id='word_1_204' title='bbox 534 1685 610 1720; x_wconf 88' lang='lat' dir='ltr'><strong>Fur</strong></span> <span class='ocrx_word' id='word_1_205' title='bbox 629 1686 833 1731; x_wconf 84' lang='lat' dir='ltr'><strong>respondit:</strong></span> <span class='ocrx_word' id='word_1_206' title='bbox 871 1685 933 1721; x_wconf 54' lang='lat' dir='ltr'><strong>Qu</strong></span> <span class='ocrx_word' id='word_1_207' title='bbox 959 1684 1044 1729; x_wconf 70' lang='lat' dir='ltr'><strong>miist</strong></span> <span class='ocrx_word' id='word_1_208' title='bbox 1070 1682 1168 1728; x_wconf 72' lang='lat' dir='ltr'><strong>bess&#39;ct·</strong></span> <span class='ocrx_word' id='word_1_209' title='bbox 1190 1685 1263 1730; x_wconf 65' lang='lat' dir='ltr'><strong>bin:</strong></span> 
     </span>
     <span class='ocr_line' id='line_1_31' title="bbox 250 1738 1264 1786; baseline -0.007 -9"><span class='ocrx_word' id='word_1_210' title='bbox 250 1742 302 1777; x_wconf 77' lang='lat' dir='ltr'><strong>ein</strong></span> <span class='ocrx_word' id='word_1_211' title='bbox 319 1738 474 1786; x_wconf 59' lang='lat' dir='ltr'><strong>greiffens</strong></span> <span class='ocrx_word' id='word_1_212' title='bbox 503 1740 601 1785; x_wconf 89' lang='lat' dir='ltr'><strong>quod</strong></span> <span class='ocrx_word' id='word_1_213' title='bbox 627 1751 708 1772; x_wconf 90' lang='lat' dir='ltr'><strong>cum</strong></span> <span class='ocrx_word' id='word_1_214' title='bbox 733 1738 819 1772; x_wconf 89' lang='lat' dir='ltr'><strong>facit</strong></span> <span class='ocrx_word' id='word_1_215' title='bbox 840 1738 1016 1779; x_wconf 78' lang='lat' dir='ltr'><strong>carnifex,</strong></span> <span class='ocrx_word' id='word_1_216' title='bbox 1044 1744 1159 1771; x_wconf 88' lang='lat' dir='ltr'><strong>totam</strong></span> <span class='ocrx_word' id='word_1_217' title='bbox 1187 1749 1264 1770; x_wconf 90' lang='lat' dir='ltr'><strong>ma-</strong></span> 
     </span>
     <span class='ocr_line' id='line_1_32' title="bbox 248 1789 1264 1836; baseline -0.005 -8"><span class='ocrx_word' id='word_1_218' title='bbox 248 1806 339 1828; x_wconf 86' lang='lat' dir='ltr'><strong>num</strong></span> <span class='ocrx_word' id='word_1_219' title='bbox 357 1805 438 1827; x_wconf 90' lang='lat' dir='ltr'><strong>cum</strong></span> <span class='ocrx_word' id='word_1_220' title='bbox 455 1798 613 1827; x_wconf 86' lang='lat' dir='ltr'><strong>stercore</strong></span> <span class='ocrx_word' id='word_1_221' title='bbox 630 1791 788 1825; x_wconf 87' lang='lat' dir='ltr'><strong>maculat</strong></span> <span class='ocrx_word' id='word_1_222' title='bbox 800 1818 809 1831; x_wconf 92' lang='lat'><strong>,</strong></span> <span class='ocrx_word' id='word_1_223' title='bbox 839 1790 922 1836; x_wconf 88' lang='lat' dir='ltr'><strong>quia</strong></span> <span class='ocrx_word' id='word_1_224' title='bbox 943 1791 1002 1824; x_wconf 91' lang='lat' dir='ltr'><strong>ille</strong></span> <span class='ocrx_word' id='word_1_225' title='bbox 1021 1796 1210 1824; x_wconf 88' lang='lat' dir='ltr'><strong>cacaverat</strong></span> <span class='ocrx_word' id='word_1_226' title='bbox 1225 1789 1264 1822; x_wconf 90' lang='lat' dir='ltr'><strong>in</strong></span> 
     </span>
     <span class='ocr_line' id='line_1_33' title="bbox 251 1846 394 1891; baseline 0 -11"><span class='ocrx_word' id='word_1_227' title='bbox 251 1846 394 1891; x_wconf 77' lang='lat' dir='ltr'><strong>caligas.</strong></span> 
     </span>
    </p>
   </div>
   <div class='ocr_carea' id='block_1_5' title="bbox 250 1911 1270 2593">
    <p class='ocr_par' dir='ltr' id='par_1_6' title="bbox 250 1911 1270 2593">
     <span class='ocr_line' id='line_1_34' title="bbox 356 1911 1265 1960; baseline -0.003 -12"><span class='ocrx_word' id='word_1_228' title='bbox 356 1913 493 1948; x_wconf 90' lang='lat' dir='ltr'>CXXX.</span> <span class='ocrx_word' id='word_1_229' title='bbox 531 1913 621 1948; x_wconf 89' lang='lat' dir='ltr'><strong>Cum</strong></span> <span class='ocrx_word' id='word_1_230' title='bbox 640 1913 788 1960; x_wconf 88' lang='lat' dir='ltr'><strong>quidam</strong></span> <span class='ocrx_word' id='word_1_231' title='bbox 814 1925 943 1958; x_wconf 89' lang='lat' dir='ltr'><strong>parum</strong></span> <span class='ocrx_word' id='word_1_232' title='bbox 969 1914 1095 1947; x_wconf 91' lang='lat' dir='ltr'><strong>doctus</strong></span> <span class='ocrx_word' id='word_1_233' title='bbox 1122 1911 1265 1957; x_wconf 87' lang='lat' dir='ltr'><strong>legisset</strong></span> 
     </span>
     <span class='ocr_line' id='line_1_35' title="bbox 251 1964 1263 2012; baseline -0.003 -12"><span class='ocrx_word' id='word_1_234' title='bbox 251 1967 289 2000; x_wconf 86' lang='lat' dir='ltr'><strong>in</strong></span> <span class='ocrx_word' id='word_1_235' title='bbox 318 1966 555 2012; x_wconf 85' lang='lat' dir='ltr'><strong>grammatica</strong></span> <span class='ocrx_word' id='word_1_236' title='bbox 582 1964 678 2001; x_wconf 90' lang='lat' dir='ltr'><strong>hunc</strong></span> <span class='ocrx_word' id='word_1_237' title='bbox 702 1978 845 2000; x_wconf 75' lang='lat' dir='ltr'><strong>versum</strong></span> <span class='ocrx_word' id='word_1_238' title='bbox 877 1965 914 1998; x_wconf 91' lang='lat' dir='ltr'><strong>in</strong></span> <span class='ocrx_word' id='word_1_239' title='bbox 940 1966 1080 1999; x_wconf 88' lang='lat' dir='ltr'><strong>cantico</strong></span> <span class='ocrx_word' id='word_1_240' title='bbox 1104 1964 1263 1998; x_wconf 88' lang='lat' dir='ltr'><strong>Mariae:</strong></span> 
     </span>
     <span class='ocr_line' id='line_1_36' title="bbox 250 2017 1266 2065; baseline -0.004 -11"><span class='ocrx_word' id='word_1_241' title='bbox 250 2019 432 2065; x_wconf 88' lang='lat' dir='ltr'><strong>Dispersit</strong></span> <span class='ocrx_word' id='word_1_242' title='bbox 457 2020 632 2065; x_wconf 90' lang='lat' dir='ltr'><strong>superbos</strong></span> <span class='ocrx_word' id='word_1_243' title='bbox 658 2024 778 2052; x_wconf 90' lang='lat' dir='ltr'><strong>mente</strong></span> <span class='ocrx_word' id='word_1_244' title='bbox 806 2018 924 2052; x_wconf 87' lang='lat' dir='ltr'><strong>cordis</strong></span> <span class='ocrx_word' id='word_1_245' title='bbox 937 2017 1004 2065; x_wconf 79' lang='lat'><strong>⁵⁹),</strong></span> <span class='ocrx_word' id='word_1_246' title='bbox 1041 2024 1075 2052; x_wconf 89' lang='lat' dir='ltr'><strong>et</strong></span> <span class='ocrx_word' id='word_1_247' title='bbox 1104 2017 1266 2051; x_wconf 88' lang='lat' dir='ltr'><strong>vocabu-</strong></span> 
     </span>
     <span class='ocr_line' id='line_1_37' title="bbox 250 2070 1264 2117; baseline -0.005 -10"><span class='ocrx_word' id='word_1_248' title='bbox 250 2073 326 2107; x_wconf 82' lang='lat' dir='ltr'><strong>lum</strong></span> <span class='ocrx_word' id='word_1_249' title='bbox 360 2073 522 2117; x_wconf 72' lang='lat' dir='ltr'><strong>superbos</strong></span> <span class='ocrx_word' id='word_1_250' title='bbox 543 2072 698 2106; x_wconf 88' lang='lat' dir='ltr'><strong>divisum</strong></span> <span class='ocrx_word' id='word_1_251' title='bbox 732 2078 823 2105; x_wconf 88' lang='lat' dir='ltr'><strong>esset</strong></span> <span class='ocrx_word' id='word_1_252' title='bbox 850 2070 920 2111; x_wconf 84' lang='lat' dir='ltr'><strong>ita,</strong></span> <span class='ocrx_word' id='word_1_253' title='bbox 963 2077 1003 2105; x_wconf 91' lang='lat' dir='ltr'><strong>ut</strong></span> <span class='ocrx_word' id='word_1_254' title='bbox 1033 2071 1135 2115; x_wconf 88' lang='lat' dir='ltr'><strong>prior</strong></span> <span class='ocrx_word' id='word_1_255' title='bbox 1170 2070 1264 2103; x_wconf 89' lang='lat' dir='ltr'><strong>linea</strong></span> 
     </span>
     <span class='ocr_line' id='line_1_38' title="bbox 253 2124 1265 2170; baseline -0.004 -11"><span class='ocrx_word' id='word_1_256' title='bbox 253 2125 456 2159; x_wconf 91' lang='lat' dir='ltr'><strong>contineret</strong></span> <span class='ocrx_word' id='word_1_257' title='bbox 481 2124 615 2170; x_wconf 88' lang='lat' dir='ltr'><strong>prioris</strong></span> <span class='ocrx_word' id='word_1_258' title='bbox 641 2124 809 2158; x_wconf 89' lang='lat' dir='ltr'><strong>dictionis</strong></span> <span class='ocrx_word' id='word_1_259' title='bbox 835 2129 977 2168; x_wconf 90' lang='lat' dir='ltr'><strong>partem</strong></span> <span class='ocrx_word' id='word_1_260' title='bbox 1000 2135 1122 2167; x_wconf 80' lang='lat' dir='ltr'><strong>super,</strong></span> <span class='ocrx_word' id='word_1_261' title='bbox 1154 2129 1189 2156; x_wconf 88' lang='lat' dir='ltr'><strong>et</strong></span> <span class='ocrx_word' id='word_1_262' title='bbox 1213 2134 1265 2156; x_wconf 88' lang='lat' dir='ltr'><strong>se-</strong></span> 
     </span>
     <span class='ocr_line' id='line_1_39' title="bbox 254 2176 1267 2224; baseline -0.004 -13"><span class='ocrx_word' id='word_1_263' title='bbox 254 2189 369 2224; x_wconf 88' lang='lat' dir='ltr'><strong>quens</strong></span> <span class='ocrx_word' id='word_1_264' title='bbox 392 2177 567 2222; x_wconf 91' lang='lat' dir='ltr'><strong>inciperet</strong></span> <span class='ocrx_word' id='word_1_265' title='bbox 593 2178 637 2211; x_wconf 89' lang='lat' dir='ltr'><strong>ab</strong></span> <span class='ocrx_word' id='word_1_266' title='bbox 663 2177 790 2211; x_wconf 90' lang='lat' dir='ltr'><strong>ultima</strong></span> <span class='ocrx_word' id='word_1_267' title='bbox 813 2176 949 2221; x_wconf 75' lang='lat' dir='ltr'><strong>syllaba</strong></span> <span class='ocrx_word' id='word_1_268' title='bbox 974 2177 1050 2217; x_wconf 84' lang='lat' dir='ltr'><strong>bos,</strong></span> <span class='ocrx_word' id='word_1_269' title='bbox 1077 2188 1143 2209; x_wconf 89' lang='lat' dir='ltr'><strong>nec</strong></span> <span class='ocrx_word' id='word_1_270' title='bbox 1163 2181 1267 2208; x_wconf 84' lang='lat' dir='ltr'><strong>erant</strong></span> 
     </span>
     <span class='ocr_line' id='line_1_40' title="bbox 254 2227 1267 2275; baseline -0.002 -12"><span class='ocrx_word' id='word_1_271' title='bbox 254 2230 376 2263; x_wconf 87' lang='lat' dir='ltr'><strong>addita</strong></span> <span class='ocrx_word' id='word_1_272' title='bbox 393 2236 526 2275; x_wconf 87' lang='lat' dir='ltr'><strong>puncta</strong></span> <span class='ocrx_word' id='word_1_273' title='bbox 545 2228 814 2263; x_wconf 68' lang='lat' dir='ltr'><strong>cohaerentiam</strong></span> <span class='ocrx_word' id='word_1_274' title='bbox 833 2228 1070 2273; x_wconf 87' lang='lat' dir='ltr'><strong>significantia</strong></span> <span class='ocrx_word' id='word_1_275' title='bbox 1084 2255 1093 2269; x_wconf 90' lang='lat'><strong>,</strong></span> <span class='ocrx_word' id='word_1_276' title='bbox 1120 2227 1180 2261; x_wconf 91' lang='lat' dir='ltr'><strong>ille</strong></span> <span class='ocrx_word' id='word_1_277' title='bbox 1203 2228 1267 2261; x_wconf 87' lang='lat' dir='ltr'><strong>bo-</strong></span> 
     </span>
     <span class='ocr_line' id='line_1_41' title="bbox 253 2280 1267 2326; baseline -0.002 -10"><span class='ocrx_word' id='word_1_278' title='bbox 253 2295 322 2316; x_wconf 90' lang='lat' dir='ltr'><strong>nus</strong></span> <span class='ocrx_word' id='word_1_279' title='bbox 346 2280 458 2315; x_wconf 91' lang='lat' dir='ltr'><strong>homo</strong></span> <span class='ocrx_word' id='word_1_280' title='bbox 484 2282 573 2316; x_wconf 88' lang='lat' dir='ltr'><strong>dixit</strong></span> <span class='ocrx_word' id='word_1_281' title='bbox 600 2295 674 2315; x_wconf 87' lang='lat' dir='ltr'><strong>non</strong></span> <span class='ocrx_word' id='word_1_282' title='bbox 702 2294 776 2316; x_wconf 90' lang='lat' dir='ltr'><strong>esse</strong></span> <span class='ocrx_word' id='word_1_283' title='bbox 804 2294 1001 2326; x_wconf 79' lang='lat' dir='ltr'><strong>congruam</strong></span> <span class='ocrx_word' id='word_1_284' title='bbox 1030 2280 1267 2315; x_wconf 87' lang='lat' dir='ltr'><strong>constructio-</strong></span> 
     </span>
     <span class='ocr_line' id='line_1_42' title="bbox 254 2334 1267 2380; baseline -0.001 -13"><span class='ocrx_word' id='word_1_285' title='bbox 254 2347 360 2376; x_wconf 87' lang='lat' dir='ltr'><strong>nem,</strong></span> <span class='ocrx_word' id='word_1_286' title='bbox 396 2347 479 2368; x_wconf 89' lang='lat' dir='ltr'><strong>nam</strong></span> <span class='ocrx_word' id='word_1_287' title='bbox 505 2335 812 2380; x_wconf 82' lang='lat' dir='ltr'><strong>praepositionem</strong></span> <span class='ocrx_word' id='word_1_288' title='bbox 837 2347 939 2378; x_wconf 80' lang='lat' dir='ltr'><strong>super</strong></span> <span class='ocrx_word' id='word_1_289' title='bbox 962 2346 1087 2379; x_wconf 83' lang='lat' dir='ltr'><strong>regere</strong></span> <span class='ocrx_word' id='word_1_290' title='bbox 1113 2334 1267 2367; x_wconf 89' lang='lat' dir='ltr'><strong>Accusa-</strong></span> 
     </span>
     <span class='ocr_line' id='line_1_43' title="bbox 255 2386 1268 2432; baseline -0.003 -11"><span class='ocrx_word' id='word_1_291' title='bbox 255 2388 393 2427; x_wconf 84' lang='lat' dir='ltr'><strong>tivnm,</strong></span> <span class='ocrx_word' id='word_1_292' title='bbox 421 2394 453 2420; x_wconf 89' lang='lat' dir='ltr'><strong>et</strong></span> <span class='ocrx_word' id='word_1_293' title='bbox 478 2394 517 2421; x_wconf 89' lang='lat' dir='ltr'><strong>ut</strong></span> <span class='ocrx_word' id='word_1_294' title='bbox 545 2387 589 2421; x_wconf 91' lang='lat' dir='ltr'><strong>sit</strong></span> <span class='ocrx_word' id='word_1_295' title='bbox 612 2387 847 2432; x_wconf 83' lang='lat' dir='ltr'><strong>grammatica</strong></span> <span class='ocrx_word' id='word_1_296' title='bbox 866 2387 1108 2426; x_wconf 87' lang='lat' dir='ltr'><strong>constructio,</strong></span> <span class='ocrx_word' id='word_1_297' title='bbox 1138 2386 1268 2419; x_wconf 89' lang='lat' dir='ltr'><strong>debere</strong></span> 
     </span>
     <span class='ocr_line' id='line_1_44' title="bbox 257 2438 1268 2484; baseline -0.002 -11"><span class='ocrx_word' id='word_1_298' title='bbox 257 2453 332 2475; x_wconf 88' lang='lat' dir='ltr'><strong>esse</strong></span> <span class='ocrx_word' id='word_1_299' title='bbox 349 2452 450 2483; x_wconf 80' lang='lat' dir='ltr'><strong>super</strong></span> <span class='ocrx_word' id='word_1_300' title='bbox 468 2441 598 2481; x_wconf 72' lang='lat' dir='ltr'><strong>bovem,</strong></span> <span class='ocrx_word' id='word_1_301' title='bbox 628 2443 662 2474; x_wconf 83' lang='lat' dir='ltr'><strong>et</strong></span> <span class='ocrx_word' id='word_1_302' title='bbox 678 2452 752 2474; x_wconf 89' lang='lat' dir='ltr'><strong>non</strong></span> <span class='ocrx_word' id='word_1_303' title='bbox 774 2452 876 2484; x_wconf 79' lang='lat' dir='ltr'><strong>super</strong></span> <span class='ocrx_word' id='word_1_304' title='bbox 901 2441 970 2474; x_wconf 80' lang='lat' dir='ltr'><strong>bos.</strong></span> <span class='ocrx_word' id='word_1_305' title='bbox 1024 2438 1143 2473; x_wconf 88' lang='lat' dir='ltr'><strong>Iussus</strong></span> <span class='ocrx_word' id='word_1_306' title='bbox 1168 2439 1268 2478; x_wconf 89' lang='lat' dir='ltr'><strong>item,</strong></span> 
     </span>
     <span class='ocr_line' id='line_1_45' title="bbox 257 2490 1270 2538; baseline -0.003 -12"><span class='ocrx_word' id='word_1_307' title='bbox 257 2499 297 2526; x_wconf 91' lang='lat' dir='ltr'><strong>ut</strong></span> <span class='ocrx_word' id='word_1_308' title='bbox 321 2499 517 2538; x_wconf 82' lang='lat' dir='ltr'><strong>exponeret</strong></span> <span class='ocrx_word' id='word_1_309' title='bbox 541 2493 640 2526; x_wconf 90' lang='lat' dir='ltr'><strong>illum</strong></span> <span class='ocrx_word' id='word_1_310' title='bbox 668 2506 830 2527; x_wconf 74' lang='lat' dir='ltr'><strong>versum:</strong></span> <span class='ocrx_word' id='word_1_311' title='bbox 870 2492 1080 2527; x_wconf 84' lang='lat' dir='ltr'><strong>Esurientes</strong></span> <span class='ocrx_word' id='word_1_312' title='bbox 1105 2490 1270 2535; x_wconf 85' lang='lat' dir='ltr'><strong>implevit</strong></span> 
     </span>
     <span class='ocr_line' id='line_1_46' title="bbox 255 2543 1269 2593; baseline 0 -14"><span class='ocrx_word' id='word_1_313' title='bbox 255 2544 416 2593; x_wconf 65' lang='lat' dir='ltr'><strong>bovisffl)</strong></span> <span class='ocrx_word' id='word_1_314' title='bbox 435 2551 469 2578; x_wconf 92' lang='lat' dir='ltr'><strong>et</strong></span> <span class='ocrx_word' id='word_1_315' title='bbox 487 2545 614 2579; x_wconf 79' lang='lat' dir='ltr'><strong>divites</strong></span> <span class='ocrx_word' id='word_1_316' title='bbox 638 2545 774 2580; x_wconf 86' lang='lat' dir='ltr'><strong>dimisit</strong></span> <span class='ocrx_word' id='word_1_317' title='bbox 796 2546 831 2578; x_wconf 91' lang='lat' dir='ltr'><strong>in</strong></span> <span class='ocrx_word' id='word_1_318' title='bbox 861 2558 944 2579; x_wconf 86' lang='lat' dir='ltr'><strong>aves</strong></span> <span class='ocrx_word' id='word_1_319' title='bbox 955 2544 1022 2591; x_wconf 73' lang='lat'><strong>⁶⁰),</strong></span> <span class='ocrx_word' id='word_1_320' title='bbox 1059 2545 1109 2583; x_wconf 63' lang='grc' dir='ltr'><strong>(Ξῖ</strong></span> <span class='ocrx_word' id='word_1_321' title='bbox 1134 2544 1194 2590; x_wconf 68' lang='lat' dir='ltr'><strong>bat</strong></span> <span class='ocrx_word' id='word_1_322' title='bbox 1219 2543 1269 2579; x_wconf 76' lang='lat' dir='ltr'><strong>bie</strong></span> 
     </span>
    </p>
   </div>
   <div class='ocr_carea' id='block_1_6' title="bbox 292 2674 530 2705">
    <p class='ocr_par' dir='ltr' id='par_1_7' title="bbox 292 2674 530 2705">
     <span class='ocr_line' id='line_1_47' title="bbox 292 2674 530 2705; baseline -0.004 -6"><span class='ocrx_word' id='word_1_323' title='bbox 292 2675 341 2703; x_wconf 76' lang='lat'><strong>59)</strong></span> <span class='ocrx_word' id='word_1_324' title='bbox 360 2675 429 2700; x_wconf 73' lang='lat' dir='ltr'><strong>huc.</strong></span> <span class='ocrx_word' id='word_1_325' title='bbox 444 2675 469 2705; x_wconf 78' lang='lat'><strong>1,</strong></span> <span class='ocrx_word' id='word_1_326' title='bbox 486 2674 530 2699; x_wconf 86' lang='lat'><strong>51.</strong></span> 
     </span>
    </p>
   </div>
   <div class='ocr_carea' id='block_1_7' title="bbox 296 2727 503 2758">
    <p class='ocr_par' dir='ltr' id='par_1_8' title="bbox 296 2727 503 2758">
     <span class='ocr_line' id='line_1_48' title="bbox 296 2727 503 2758; baseline 0 -7"><span class='ocrx_word' id='word_1_327' title='bbox 296 2727 342 2758; x_wconf 80' lang='lat'><strong>60)</strong></span> <span class='ocrx_word' id='word_1_328' title='bbox 362 2728 440 2751; x_wconf 83' lang='lat' dir='ltr'><strong>bovis</strong></span> <span class='ocrx_word' id='word_1_329' title='bbox 459 2746 465 2753; x_wconf 90' lang='lat'>.</span> <span class='ocrx_word' id='word_1_330' title='bbox 479 2745 484 2750; x_wconf 95' lang='lat'>.</span> <span class='ocrx_word' id='word_1_331' title='bbox 498 2745 503 2751; x_wconf 92' lang='lat'>.</span> 
     </span>
    </p>
   </div>
   <div class='ocr_carea' id='block_1_8' title="bbox 332 2761 1109 2794">
    <p class='ocr_par' dir='ltr' id='par_1_9' title="bbox 332 2761 1109 2794">
     <span class='ocr_line' id='line_1_49' title="bbox 332 2761 1109 2794; baseline 0 -7"><span class='ocrx_word' id='word_1_332' title='bbox 332 2763 415 2787; x_wconf 80' lang='lat' dir='ltr'><strong>bonis</strong></span> <span class='ocrx_word' id='word_1_333' title='bbox 436 2782 441 2787; x_wconf 90' lang='lat'>.</span> <span class='ocrx_word' id='word_1_334' title='bbox 464 2782 469 2788; x_wconf 86' lang='lat'>.</span> <span class='ocrx_word' id='word_1_335' title='bbox 492 2782 497 2789; x_wconf 88' lang='lat'>.</span> <span class='ocrx_word' id='word_1_336' title='bbox 519 2763 637 2794; x_wconf 81' lang='lat' dir='ltr'><strong>inanes,</strong></span> <span class='ocrx_word' id='word_1_337' title='bbox 656 2762 686 2786; x_wconf 88' lang='lat' dir='ltr'><strong>ut</strong></span> <span class='ocrx_word' id='word_1_338' title='bbox 708 2761 843 2792; x_wconf 81' lang='lat' dir='ltr'><strong>scriptum</strong></span> <span class='ocrx_word' id='word_1_339' title='bbox 868 2763 912 2786; x_wconf 82' lang='lat' dir='ltr'><strong>est</strong></span> <span class='ocrx_word' id='word_1_340' title='bbox 937 2762 1002 2786; x_wconf 87' lang='lat' dir='ltr'><strong>Luc.</strong></span> <span class='ocrx_word' id='word_1_341' title='bbox 1020 2762 1043 2794; x_wconf 78' lang='lat'><strong>1,</strong></span> <span class='ocrx_word' id='word_1_342' title='bbox 1065 2762 1109 2787; x_wconf 80' lang='lat'><strong>53.</strong></span> 
     </span>
    </p>
   </div>
   <div class='ocr_carea' id='block_1_9' title="bbox 524 2722 1295 2757">
    <p class='ocr_par' dir='ltr' id='par_1_10' title="bbox 524 2722 1295 2757">
     <span class='ocr_line' id='line_1_50' title="bbox 524 2722 1295 2757; baseline 0.001 -7"><span class='ocrx_word' id='word_1_343' title='bbox 524 2726 552 2750; x_wconf 88' lang='lat' dir='ltr'><strong>in</strong></span> <span class='ocrx_word' id='word_1_344' title='bbox 572 2727 656 2755; x_wconf 84' lang='lat' dir='ltr'><strong>aves]</strong></span> <span class='ocrx_word' id='word_1_345' title='bbox 675 2726 716 2750; x_wconf 87' lang='lat' dir='ltr'><strong>sic</strong></span> <span class='ocrx_word' id='word_1_346' title='bbox 736 2731 883 2756; x_wconf 82' lang='lat' dir='ltr'><strong>perperam</strong></span> <span class='ocrx_word' id='word_1_347' title='bbox 903 2726 971 2757; x_wconf 77' lang='lat' dir='ltr'><strong>legit</strong></span> <span class='ocrx_word' id='word_1_348' title='bbox 989 2726 1044 2750; x_wconf 81' lang='lat' dir='ltr'><strong>iste</strong></span> <span class='ocrx_word' id='word_1_349' title='bbox 1058 2726 1186 2751; x_wconf 80' lang='lat' dir='ltr'><strong>indoctus</strong></span> <span class='ocrx_word' id='word_1_350' title='bbox 1200 2732 1267 2757; x_wconf 85' lang='lat' dir='ltr'><strong>pro:</strong></span> <span class='ocrx_word' id='word_1_351' title='bbox 1293 2722 1295 2746; x_wconf 62' lang='grc' dir='ltr'><strong>ι’</strong></span> 
     </span>
    </p>
   </div>
   <div class='ocr_carea' id='block_1_10' title="bbox 878 95 1682 133">
    <p class='ocr_par' dir='ltr' id='par_1_11' title="bbox 878 95 1682 133">
     <span class='ocr_line' id='line_1_51' title="bbox 878 95 1682 133; baseline 0.002 -2"><span class='ocrx_word' id='word_1_352' title='bbox 878 95 1002 133; x_wconf 90' lang='lat' dir='ltr'>PHIL.</span> <span class='ocrx_word' id='word_1_353' title='bbox 1030 97 1145 132; x_wconf 86' lang='lat' dir='ltr'>MEL.</span> <span class='ocrx_word' id='word_1_354' title='bbox 1173 96 1379 131; x_wconf 83' lang='lat' dir='ltr'>SCRIPTA</span> <span class='ocrx_word' id='word_1_355' title='bbox 1408 95 1682 133; x_wconf 80' lang='lat' dir='ltr'>HISTORICA.</span> 
     </span>
    </p>
   </div>
   <div class='ocr_carea' id='block_1_11' title="bbox 2240 97 2318 136">
    <p class='ocr_par' dir='ltr' id='par_1_12' title="bbox 2240 97 2318 136">
     <span class='ocr_line' id='line_1_52' title="bbox 2240 97 2318 136; baseline 0.038 -3"><span class='ocrx_word' id='word_1_356' title='bbox 2240 97 2318 136; x_wconf 73' lang='lat'><strong>552</strong></span> 
     </span>
    </p>
   </div>
   <div class='ocr_carea' id='block_1_12' title="bbox 1306 183 2332 1755">
    <p class='ocr_par' dir='ltr' id='par_1_13' title="bbox 1306 183 2318 387">
     <span class='ocr_line' id='line_1_53' title="bbox 1306 183 2318 232; baseline 0.003 -13"><span class='ocrx_word' id='word_1_357' title='bbox 1306 184 1537 231; x_wconf 61' lang='lat' dir='ltr'><strong>sgungcricbcn</strong></span> <span class='ocrx_word' id='word_1_358' title='bbox 1554 183 1654 229; x_wconf 71' lang='lat' dir='ltr'><strong>ctfiitt</strong></span> <span class='ocrx_word' id='word_1_359' title='bbox 1679 185 1740 220; x_wconf 81' lang='lat' dir='ltr'><strong>mit</strong></span> <span class='ocrx_word' id='word_1_360' title='bbox 1765 183 1872 229; x_wconf 67' lang='lat' dir='ltr'><strong>nebien</strong></span> <span class='ocrx_word' id='word_1_361' title='bbox 1899 188 1963 220; x_wconf 71' lang='lat' dir='ltr'><strong>»nb</strong></span> <span class='ocrx_word' id='word_1_362' title='bbox 1990 185 2038 220; x_wconf 81' lang='lat' dir='ltr'><strong>bie</strong></span> <span class='ocrx_word' id='word_1_363' title='bbox 2065 186 2186 231; x_wconf 67' lang='lat' dir='ltr'><strong>reid9en</strong></span> <span class='ocrx_word' id='word_1_364' title='bbox 2213 185 2318 232; x_wconf 62' lang='lat' dir='ltr'><strong>fdyicft</strong></span> 
     </span>
     <span class='ocr_line' id='line_1_54' title="bbox 1307 237 2317 283; baseline 0.003 -12"><span class='ocrx_word' id='word_1_365' title='bbox 1307 247 1340 272; x_wconf 79' lang='lat' dir='ltr'><strong>et</strong></span> <span class='ocrx_word' id='word_1_366' title='bbox 1357 240 1389 271; x_wconf 84' lang='lat' dir='ltr'><strong>in</strong></span> <span class='ocrx_word' id='word_1_367' title='bbox 1409 237 1456 272; x_wconf 77' lang='lat' dir='ltr'><strong>bic</strong></span> <span class='ocrx_word' id='word_1_368' title='bbox 1475 238 1590 282; x_wconf 65' lang='lat' dir='ltr'><strong>vbget,</strong></span> <span class='ocrx_word' id='word_1_369' title='bbox 1620 238 1761 272; x_wconf 67' lang='lat' dir='ltr'><strong>bat-finib</strong></span> <span class='ocrx_word' id='word_1_370' title='bbox 1780 239 1854 272; x_wconf 64' lang='grc' dir='ltr'><strong>τοῦτ</strong></span> <span class='ocrx_word' id='word_1_371' title='bbox 1876 248 1991 272; x_wconf 76' lang='lat' dir='ltr'><strong>armen</strong></span> <span class='ocrx_word' id='word_1_372' title='bbox 2020 238 2087 272; x_wconf 78' lang='lat' dir='ltr'><strong>Ieiit</strong></span> <span class='ocrx_word' id='word_1_373' title='bbox 2109 239 2229 283; x_wconf 66' lang='lat' dir='ltr'><strong>miifien</strong></span> <span class='ocrx_word' id='word_1_374' title='bbox 2258 239 2317 274; x_wconf 66' lang='lat' dir='ltr'><strong>im&gt;</strong></span> 
     </span>
     <span class='ocr_line' id='line_1_55' title="bbox 1306 287 2317 336; baseline 0.003 -12"><span class='ocrx_word' id='word_1_375' title='bbox 1306 299 1374 324; x_wconf 79' lang='lat' dir='ltr'><strong>met</strong></span> <span class='ocrx_word' id='word_1_376' title='bbox 1398 289 1478 333; x_wconf 59' lang='lat' dir='ltr'><strong>{bue</strong></span> <span class='ocrx_word' id='word_1_377' title='bbox 1506 288 1608 333; x_wconf 58' lang='grc' dir='ltr'>βείω)</span> <span class='ocrx_word' id='word_1_378' title='bbox 1631 287 1711 331; x_wconf 75' lang='lat' dir='ltr'><strong>ess&#39;en</strong></span> <span class='ocrx_word' id='word_1_379' title='bbox 1741 292 1806 325; x_wconf 72' lang='lat' dir='ltr'><strong>vnb</strong></span> <span class='ocrx_word' id='word_1_380' title='bbox 1839 290 1886 324; x_wconf 78' lang='lat' dir='ltr'><strong>bic</strong></span> <span class='ocrx_word' id='word_1_381' title='bbox 1915 288 2059 335; x_wconf 57' lang='lat' dir='ltr'><strong>&amp;tetthen</strong></span> <span class='ocrx_word' id='word_1_382' title='bbox 2090 291 2210 335; x_wconf 67' lang='lat' dir='ltr'><strong>miifien</strong></span> <span class='ocrx_word' id='word_1_383' title='bbox 2240 292 2317 336; x_wconf 66' lang='lat' dir='ltr'><strong>efien</strong></span> 
     </span>
     <span class='ocr_line' id='line_1_56' title="bbox 1307 342 1900 387; baseline 0 -10"><span class='ocrx_word' id='word_1_384' title='bbox 1307 347 1383 387; x_wconf 73' lang='lat' dir='ltr'><strong>gnte</strong></span> <span class='ocrx_word' id='word_1_385' title='bbox 1403 342 1536 387; x_wconf 61' lang='lat' dir='ltr'><strong>biisslcin</strong></span> <span class='ocrx_word' id='word_1_386' title='bbox 1558 344 1623 377; x_wconf 75' lang='lat' dir='ltr'><strong>mit&gt;</strong></span> <span class='ocrx_word' id='word_1_387' title='bbox 1642 343 1718 387; x_wconf 78' lang='lat' dir='ltr'><strong>giite</strong></span> <span class='ocrx_word' id='word_1_388' title='bbox 1737 342 1900 387; x_wconf 71' lang='lat' dir='ltr'><strong>nogclein.</strong></span> 
     </span>
    </p>

    <p class='ocr_par' dir='ltr' id='par_1_14' title="bbox 1309 399 2332 1755">
     <span class='ocr_line' id='line_1_57' title="bbox 1414 399 2321 447; baseline -0.001 -12"><span class='ocrx_word' id='word_1_389' title='bbox 1414 400 1568 436; x_wconf 90' lang='lat' dir='ltr'>CXXXI.</span> <span class='ocrx_word' id='word_1_390' title='bbox 1602 401 1679 446; x_wconf 86' lang='lat' dir='ltr'><strong>Ego</strong></span> <span class='ocrx_word' id='word_1_391' title='bbox 1698 399 1889 447; x_wconf 89' lang='lat' dir='ltr'><strong>Philippus</strong></span> <span class='ocrx_word' id='word_1_392' title='bbox 1907 408 1989 435; x_wconf 87' lang='lat' dir='ltr'><strong>ante</strong></span> <span class='ocrx_word' id='word_1_393' title='bbox 2011 401 2172 435; x_wconf 90' lang='lat' dir='ltr'><strong>triduum</strong></span> <span class='ocrx_word' id='word_1_394' title='bbox 2199 400 2321 446; x_wconf 88' lang='lat' dir='ltr'><strong>accepi</strong></span> 
     </span>
     <span class='ocr_line' id='line_1_58' title="bbox 1310 452 2322 500; baseline 0.001 -14"><span class='ocrx_word' id='word_1_395' title='bbox 1310 452 1521 498; x_wconf 86' lang='lat' dir='ltr'><strong>epistolam,</strong></span> <span class='ocrx_word' id='word_1_396' title='bbox 1566 454 1602 487; x_wconf 91' lang='lat' dir='ltr'><strong>in</strong></span> <span class='ocrx_word' id='word_1_397' title='bbox 1631 467 1700 500; x_wconf 91' lang='lat' dir='ltr'><strong>qua</strong></span> <span class='ocrx_word' id='word_1_398' title='bbox 1722 454 1865 499; x_wconf 88' lang='lat' dir='ltr'><strong>scripsit</strong></span> <span class='ocrx_word' id='word_1_399' title='bbox 1891 452 1981 487; x_wconf 87' lang='lat' dir='ltr'><strong>mihi</strong></span> <span class='ocrx_word' id='word_1_400' title='bbox 2006 455 2062 487; x_wconf 78' lang='lat' dir='ltr'><strong>vir</strong></span> <span class='ocrx_word' id='word_1_401' title='bbox 2089 453 2322 498; x_wconf 85' lang='lat' dir='ltr'><strong>dignissimus</strong></span> 
     </span>
     <span class='ocr_line' id='line_1_59' title="bbox 1309 505 2321 552; baseline -0.001 -13"><span class='ocrx_word' id='word_1_402' title='bbox 1309 506 1378 539; x_wconf 82' lang='lat' dir='ltr'><strong>fide</strong></span> <span class='ocrx_word' id='word_1_403' title='bbox 1404 519 1445 539; x_wconf 90' lang='lat' dir='ltr'><strong>ex</strong></span> <span class='ocrx_word' id='word_1_404' title='bbox 1467 505 1622 540; x_wconf 79' lang='lat' dir='ltr'><strong>Livonia</strong></span> <span class='ocrx_word' id='word_1_405' title='bbox 1641 506 1867 547; x_wconf 86' lang='lat' dir='ltr'><strong>Hermanus,</strong></span> <span class='ocrx_word' id='word_1_406' title='bbox 1896 519 2003 552; x_wconf 89' lang='lat' dir='ltr'><strong>quem</strong></span> <span class='ocrx_word' id='word_1_407' title='bbox 2030 506 2103 541; x_wconf 89' lang='lat' dir='ltr'><strong>sci0</strong></span> <span class='ocrx_word' id='word_1_408' title='bbox 2130 518 2207 540; x_wconf 89' lang='lat' dir='ltr'><strong>non</strong></span> <span class='ocrx_word' id='word_1_409' title='bbox 2233 505 2321 540; x_wconf 81' lang='lat' dir='ltr'><strong>salsa</strong></span> 
     </span>
     <span class='ocr_line' id='line_1_60' title="bbox 1311 557 2322 604; baseline 0.001 -14"><span class='ocrx_word' id='word_1_410' title='bbox 1311 557 1486 599; x_wconf 90' lang='lat' dir='ltr'><strong>scribere,</strong></span> <span class='ocrx_word' id='word_1_411' title='bbox 1514 571 1638 592; x_wconf 89' lang='lat' dir='ltr'><strong>recens</strong></span> <span class='ocrx_word' id='word_1_412' title='bbox 1661 571 1736 593; x_wconf 90' lang='lat' dir='ltr'><strong>esse</strong></span> <span class='ocrx_word' id='word_1_413' title='bbox 1755 565 1940 603; x_wconf 90' lang='lat' dir='ltr'><strong>sumptum</strong></span> <span class='ocrx_word' id='word_1_414' title='bbox 1959 558 2175 603; x_wconf 90' lang='lat' dir='ltr'><strong>supplicium</strong></span> <span class='ocrx_word' id='word_1_415' title='bbox 2193 571 2212 591; x_wconf 87' lang='lat' dir='ltr'><strong>a</strong></span> <span class='ocrx_word' id='word_1_416' title='bbox 2232 570 2322 604; x_wconf 87' lang='lat' dir='ltr'><strong>quo-</strong></span> 
     </span>
     <span class='ocr_line' id='line_1_61' title="bbox 1312 608 2323 657; baseline 0.001 -15"><span class='ocrx_word' id='word_1_417' title='bbox 1312 610 1409 650; x_wconf 87' lang='lat' dir='ltr'><strong>dam,</strong></span> <span class='ocrx_word' id='word_1_418' title='bbox 1428 611 1489 657; x_wconf 91' lang='lat' dir='ltr'><strong>qui</strong></span> <span class='ocrx_word' id='word_1_419' title='bbox 1502 618 1627 656; x_wconf 85' lang='lat' dir='ltr'><strong>captus</strong></span> <span class='ocrx_word' id='word_1_420' title='bbox 1645 618 1722 644; x_wconf 86' lang='lat' dir='ltr'><strong>erat</strong></span> <span class='ocrx_word' id='word_1_421' title='bbox 1735 617 1767 644; x_wconf 85' lang='lat' dir='ltr'><strong>et</strong></span> <span class='ocrx_word' id='word_1_422' title='bbox 1778 608 2037 656; x_wconf 89' lang='lat' dir='ltr'><strong>deprehensus,</strong></span> <span class='ocrx_word' id='word_1_423' title='bbox 2054 610 2117 657; x_wconf 87' lang='lat' dir='ltr'><strong>qui</strong></span> <span class='ocrx_word' id='word_1_424' title='bbox 2134 610 2323 644; x_wconf 85' lang='lat' dir='ltr'><strong>manifeste</strong></span> 
     </span>
     <span class='ocr_line' id='line_1_62' title="bbox 1312 662 2322 709; baseline 0.001 -15"><span class='ocrx_word' id='word_1_425' title='bbox 1312 662 1532 706; x_wconf 79' lang='lat' dir='ltr'><strong>praebuerat</strong></span> <span class='ocrx_word' id='word_1_426' title='bbox 1549 675 1693 698; x_wconf 89' lang='lat' dir='ltr'><strong>causam</strong></span> <span class='ocrx_word' id='word_1_427' title='bbox 1712 663 1840 698; x_wconf 88' lang='lat' dir='ltr'><strong>mortis</strong></span> <span class='ocrx_word' id='word_1_428' title='bbox 1858 663 1974 703; x_wconf 86' lang='lat' dir='ltr'><strong>alteri,</strong></span> <span class='ocrx_word' id='word_1_429' title='bbox 1991 662 2076 709; x_wconf 91' lang='lat' dir='ltr'><strong>quia</strong></span> <span class='ocrx_word' id='word_1_430' title='bbox 2096 668 2222 708; x_wconf 88' lang='lat' dir='ltr'><strong>postea</strong></span> <span class='ocrx_word' id='word_1_431' title='bbox 2237 674 2322 696; x_wconf 91' lang='lat' dir='ltr'><strong>con-</strong></span> 
     </span>
     <span class='ocr_line' id='line_1_63' title="bbox 1311 714 2326 763; baseline 0.001 -16"><span class='ocrx_word' id='word_1_432' title='bbox 1311 714 1424 748; x_wconf 84' lang='lat' dir='ltr'><strong>fessus</strong></span> <span class='ocrx_word' id='word_1_433' title='bbox 1443 727 1479 748; x_wconf 92' lang='lat' dir='ltr'><strong>se</strong></span> <span class='ocrx_word' id='word_1_434' title='bbox 1497 715 1886 763; x_wconf 61' lang='lat' dir='ltr'><strong>incantationibusw)</strong></span> <span class='ocrx_word' id='word_1_435' title='bbox 1906 715 2075 749; x_wconf 89' lang='lat' dir='ltr'><strong>morbum</strong></span> <span class='ocrx_word' id='word_1_436' title='bbox 2094 714 2264 755; x_wconf 84' lang='lat' dir='ltr'><strong>movisse,</strong></span> <span class='ocrx_word' id='word_1_437' title='bbox 2291 720 2326 748; x_wconf 84' lang='lat' dir='ltr'><strong>et</strong></span> 
     </span>
     <span class='ocr_line' id='line_1_64' title="bbox 1314 766 2326 807; baseline 0.001 -8"><span class='ocrx_word' id='word_1_438' title='bbox 1314 766 1458 807; x_wconf 89' lang='lat' dir='ltr'><strong>deinde,</strong></span> <span class='ocrx_word' id='word_1_439' title='bbox 1476 780 1556 800; x_wconf 91' lang='lat' dir='ltr'><strong>cum</strong></span> <span class='ocrx_word' id='word_1_440' title='bbox 1569 768 1676 801; x_wconf 82' lang='lat' dir='ltr'><strong>vellet</strong></span> <span class='ocrx_word' id='word_1_441' title='bbox 1688 767 1996 802; x_wconf 78' lang='lat' dir='ltr'><strong>incantationibus</strong></span> <span class='ocrx_word' id='word_1_442' title='bbox 2008 768 2129 801; x_wconf 88' lang='lat' dir='ltr'><strong>levare</strong></span> <span class='ocrx_word' id='word_1_443' title='bbox 2141 767 2326 807; x_wconf 88' lang='lat' dir='ltr'><strong>morbum,</strong></span> 
     </span>
     <span class='ocr_line' id='line_1_65' title="bbox 1312 818 2326 864; baseline 0.001 -13"><span class='ocrx_word' id='word_1_444' title='bbox 1312 830 1388 851; x_wconf 88' lang='lat' dir='ltr'><strong>non</strong></span> <span class='ocrx_word' id='word_1_445' title='bbox 1404 819 1576 864; x_wconf 87' lang='lat' dir='ltr'><strong>potuisse.</strong></span> <span class='ocrx_word' id='word_1_446' title='bbox 1631 818 1685 853; x_wconf 91' lang='lat' dir='ltr'><strong>lbi</strong></span> <span class='ocrx_word' id='word_1_447' title='bbox 1703 827 1738 854; x_wconf 88' lang='lat' dir='ltr'><strong>et</strong></span> <span class='ocrx_word' id='word_1_448' title='bbox 1754 818 1822 854; x_wconf 91' lang='lat' dir='ltr'><strong>hoc</strong></span> <span class='ocrx_word' id='word_1_449' title='bbox 1843 821 2025 855; x_wconf 87' lang='lat' dir='ltr'><strong>confessus</strong></span> <span class='ocrx_word' id='word_1_450' title='bbox 2041 826 2093 854; x_wconf 89' lang='lat' dir='ltr'><strong>est</strong></span> <span class='ocrx_word' id='word_1_451' title='bbox 2109 819 2146 853; x_wconf 93' lang='lat' dir='ltr'><strong>in</strong></span> <span class='ocrx_word' id='word_1_452' title='bbox 2169 830 2326 859; x_wconf 89' lang='lat' dir='ltr'><strong>carcere,</strong></span> 
     </span>
     <span class='ocr_line' id='line_1_66' title="bbox 1313 871 2326 918; baseline 0 -14"><span class='ocrx_word' id='word_1_453' title='bbox 1313 883 1348 905; x_wconf 92' lang='lat' dir='ltr'><strong>se</strong></span> <span class='ocrx_word' id='word_1_454' title='bbox 1367 871 1566 917; x_wconf 79' lang='lat' dir='ltr'><strong>quotannis</strong></span> <span class='ocrx_word' id='word_1_455' title='bbox 1588 872 1722 906; x_wconf 90' lang='lat' dir='ltr'><strong>factum</strong></span> <span class='ocrx_word' id='word_1_456' title='bbox 1750 885 1823 907; x_wconf 88' lang='lat' dir='ltr'><strong>esse</strong></span> <span class='ocrx_word' id='word_1_457' title='bbox 1848 873 1975 917; x_wconf 91' lang='lat' dir='ltr'><strong>lupum</strong></span> <span class='ocrx_word' id='word_1_458' title='bbox 1999 884 2064 918; x_wconf 90' lang='lat' dir='ltr'><strong>per</strong></span> <span class='ocrx_word' id='word_1_459' title='bbox 2087 871 2162 906; x_wconf 89' lang='lat' dir='ltr'><strong>dies</strong></span> <span class='ocrx_word' id='word_1_460' title='bbox 2189 871 2326 905; x_wconf 90' lang='lat' dir='ltr'><strong>duode-</strong></span> 
     </span>
     <span class='ocr_line' id='line_1_67' title="bbox 1313 922 2328 968; baseline 0.001 -12"><span class='ocrx_word' id='word_1_461' title='bbox 1313 922 1404 964; x_wconf 87' lang='lat' dir='ltr'><strong>cim,</strong></span> <span class='ocrx_word' id='word_1_462' title='bbox 1433 930 1516 968; x_wconf 88' lang='lat' dir='ltr'><strong>post</strong></span> <span class='ocrx_word' id='word_1_463' title='bbox 1543 924 1700 958; x_wconf 90' lang='lat' dir='ltr'><strong>natalem</strong></span> <span class='ocrx_word' id='word_1_464' title='bbox 1729 925 1823 958; x_wconf 88' lang='lat' dir='ltr'><strong>diem</strong></span> <span class='ocrx_word' id='word_1_465' title='bbox 1849 924 2001 958; x_wconf 89' lang='lat' dir='ltr'><strong>Domini</strong></span> <span class='ocrx_word' id='word_1_466' title='bbox 2024 924 2155 959; x_wconf 89' lang='lat' dir='ltr'><strong>vidisse</strong></span> <span class='ocrx_word' id='word_1_467' title='bbox 2181 936 2217 958; x_wconf 91' lang='lat' dir='ltr'><strong>se</strong></span> <span class='ocrx_word' id='word_1_468' title='bbox 2239 935 2328 968; x_wconf 88' lang='lat' dir='ltr'><strong>par-</strong></span> 
     </span>
     <span class='ocr_line' id='line_1_68' title="bbox 1314 975 2328 1023; baseline 0 -15"><span class='ocrx_word' id='word_1_469' title='bbox 1314 987 1397 1008; x_wconf 88' lang='lat' dir='ltr'><strong>vam</strong></span> <span class='ocrx_word' id='word_1_470' title='bbox 1426 975 1582 1021; x_wconf 91' lang='lat' dir='ltr'><strong>speciem</strong></span> <span class='ocrx_word' id='word_1_471' title='bbox 1607 977 1731 1022; x_wconf 88' lang='lat' dir='ltr'><strong>pueri,</strong></span> <span class='ocrx_word' id='word_1_472' title='bbox 1761 978 1823 1023; x_wconf 91' lang='lat' dir='ltr'><strong>qui</strong></span> <span class='ocrx_word' id='word_1_473' title='bbox 1849 977 2002 1017; x_wconf 88' lang='lat' dir='ltr'><strong>diceret,</strong></span> <span class='ocrx_word' id='word_1_474' title='bbox 2030 983 2071 1010; x_wconf 92' lang='lat' dir='ltr'><strong>ut</strong></span> <span class='ocrx_word' id='word_1_475' title='bbox 2096 981 2328 1010; x_wconf 89' lang='lat' dir='ltr'><strong>convertere-</strong></span> 
     </span>
     <span class='ocr_line' id='line_1_69' title="bbox 1314 1027 2327 1074; baseline 0 -13"><span class='ocrx_word' id='word_1_476' title='bbox 1314 1027 1430 1061; x_wconf 90' lang='lat' dir='ltr'><strong>turin</strong></span> <span class='ocrx_word' id='word_1_477' title='bbox 1450 1029 1599 1074; x_wconf 86' lang='lat' dir='ltr'><strong>lupum,</strong></span> <span class='ocrx_word' id='word_1_478' title='bbox 1632 1035 1759 1074; x_wconf 89' lang='lat' dir='ltr'><strong>postea</strong></span> <span class='ocrx_word' id='word_1_479' title='bbox 1785 1042 1865 1063; x_wconf 91' lang='lat' dir='ltr'><strong>cum</strong></span> <span class='ocrx_word' id='word_1_480' title='bbox 1892 1042 1968 1063; x_wconf 91' lang='lat' dir='ltr'><strong>non</strong></span> <span class='ocrx_word' id='word_1_481' title='bbox 1996 1030 2149 1070; x_wconf 84' lang='lat' dir='ltr'><strong>faceret,</strong></span> <span class='ocrx_word' id='word_1_482' title='bbox 2186 1027 2327 1062; x_wconf 88' lang='lat' dir='ltr'><strong>venisse</strong></span> 
     </span>
     <span class='ocr_line' id='line_1_70' title="bbox 1313 1080 2327 1127; baseline -0.002 -13"><span class='ocrx_word' id='word_1_483' title='bbox 1313 1080 1469 1125; x_wconf 88' lang='lat' dir='ltr'><strong>speciem</strong></span> <span class='ocrx_word' id='word_1_484' title='bbox 1487 1081 1686 1115; x_wconf 89' lang='lat' dir='ltr'><strong>terribilem</strong></span> <span class='ocrx_word' id='word_1_485' title='bbox 1704 1094 1784 1116; x_wconf 90' lang='lat' dir='ltr'><strong>cum</strong></span> <span class='ocrx_word' id='word_1_486' title='bbox 1800 1082 1941 1127; x_wconf 88' lang='lat' dir='ltr'><strong>flagello</strong></span> <span class='ocrx_word' id='word_1_487' title='bbox 1954 1109 1963 1123; x_wconf 93' lang='lat'><strong>,</strong></span> <span class='ocrx_word' id='word_1_488' title='bbox 1991 1087 2026 1115; x_wconf 88' lang='lat' dir='ltr'><strong>et</strong></span> <span class='ocrx_word' id='word_1_489' title='bbox 2043 1081 2092 1114; x_wconf 90' lang='lat' dir='ltr'><strong>ita</strong></span> <span class='ocrx_word' id='word_1_490' title='bbox 2111 1092 2327 1114; x_wconf 88' lang='lat' dir='ltr'><strong>conversum</strong></span> 
     </span>
     <span class='ocr_line' id='line_1_71' title="bbox 1315 1131 2327 1179; baseline 0 -13"><span class='ocrx_word' id='word_1_491' title='bbox 1315 1145 1390 1167; x_wconf 85' lang='lat' dir='ltr'><strong>esse</strong></span> <span class='ocrx_word' id='word_1_492' title='bbox 1421 1132 1458 1165; x_wconf 92' lang='lat' dir='ltr'><strong>in</strong></span> <span class='ocrx_word' id='word_1_493' title='bbox 1486 1133 1612 1178; x_wconf 89' lang='lat' dir='ltr'><strong>lupum</strong></span> <span class='ocrx_word' id='word_1_494' title='bbox 1627 1160 1636 1174; x_wconf 91' lang='lat'><strong>,</strong></span> <span class='ocrx_word' id='word_1_495' title='bbox 1680 1140 1805 1179; x_wconf 86' lang='lat' dir='ltr'><strong>postea</strong></span> <span class='ocrx_word' id='word_1_496' title='bbox 1828 1133 2052 1168; x_wconf 88' lang='lat' dir='ltr'><strong>concurrisse</strong></span> <span class='ocrx_word' id='word_1_497' title='bbox 2077 1133 2212 1167; x_wconf 89' lang='lat' dir='ltr'><strong>multos</strong></span> <span class='ocrx_word' id='word_1_498' title='bbox 2236 1131 2327 1166; x_wconf 87' lang='lat' dir='ltr'><strong>alios</strong></span> 
     </span>
     <span class='ocr_line' id='line_1_72' title="bbox 1314 1185 2330 1232; baseline -0.002 -13"><span class='ocrx_word' id='word_1_499' title='bbox 1314 1185 1440 1230; x_wconf 88' lang='lat' dir='ltr'><strong>lupos,</strong></span> <span class='ocrx_word' id='word_1_500' title='bbox 1475 1192 1510 1218; x_wconf 92' lang='lat' dir='ltr'><strong>et</strong></span> <span class='ocrx_word' id='word_1_501' title='bbox 1535 1185 1733 1220; x_wconf 87' lang='lat' dir='ltr'><strong>cucurrisse</strong></span> <span class='ocrx_word' id='word_1_502' title='bbox 1758 1198 1824 1232; x_wconf 91' lang='lat' dir='ltr'><strong>per</strong></span> <span class='ocrx_word' id='word_1_503' title='bbox 1846 1187 1983 1232; x_wconf 80' lang='lat' dir='ltr'><strong>sylvas,</strong></span> <span class='ocrx_word' id='word_1_504' title='bbox 2021 1185 2197 1219; x_wconf 80' lang='lat' dir='ltr'><strong>lacerasse</strong></span> <span class='ocrx_word' id='word_1_505' title='bbox 2222 1196 2330 1229; x_wconf 89' lang='lat' dir='ltr'><strong>pecu-</strong></span> 
     </span>
     <span class='ocr_line' id='line_1_73' title="bbox 1315 1234 2331 1284; baseline -0.002 -13"><span class='ocrx_word' id='word_1_506' title='bbox 1315 1238 1389 1278; x_wconf 89' lang='lat' dir='ltr'><strong>des,</strong></span> <span class='ocrx_word' id='word_1_507' title='bbox 1417 1234 1628 1273; x_wconf 87' lang='lat' dir='ltr'><strong>hominibus</strong></span> <span class='ocrx_word' id='word_1_508' title='bbox 1645 1244 1769 1272; x_wconf 86' lang='lat' dir='ltr'><strong>tamen</strong></span> <span class='ocrx_word' id='word_1_509' title='bbox 1787 1251 1861 1272; x_wconf 90' lang='lat' dir='ltr'><strong>non</strong></span> <span class='ocrx_word' id='word_1_510' title='bbox 1879 1237 2039 1284; x_wconf 89' lang='lat' dir='ltr'><strong>potuisse</strong></span> <span class='ocrx_word' id='word_1_511' title='bbox 2056 1248 2201 1277; x_wconf 90' lang='lat' dir='ltr'><strong>nocere,</strong></span> <span class='ocrx_word' id='word_1_512' title='bbox 2225 1248 2331 1281; x_wconf 89' lang='lat' dir='ltr'><strong>prae-</strong></span> 
     </span>
     <span class='ocr_line' id='line_1_74' title="bbox 1315 1287 2330 1336; baseline -0.003 -12"><span class='ocrx_word' id='word_1_513' title='bbox 1315 1296 1424 1324; x_wconf 89' lang='lat' dir='ltr'><strong>eunte</strong></span> <span class='ocrx_word' id='word_1_514' title='bbox 1445 1290 1508 1324; x_wconf 91' lang='lat' dir='ltr'><strong>illo</strong></span> <span class='ocrx_word' id='word_1_515' title='bbox 1533 1291 1738 1335; x_wconf 88' lang='lat' dir='ltr'><strong>spectaculo</strong></span> <span class='ocrx_word' id='word_1_516' title='bbox 1762 1303 1843 1325; x_wconf 92' lang='lat' dir='ltr'><strong>cum</strong></span> <span class='ocrx_word' id='word_1_517' title='bbox 1867 1290 2011 1336; x_wconf 82' lang='lat' dir='ltr'><strong>flagello</strong></span> <span class='ocrx_word' id='word_1_518' title='bbox 2036 1289 2179 1335; x_wconf 85' lang='lat' dir='ltr'><strong>pavisse</strong></span> <span class='ocrx_word' id='word_1_519' title='bbox 2205 1300 2267 1323; x_wconf 89' lang='lat' dir='ltr'><strong>eos</strong></span> <span class='ocrx_word' id='word_1_520' title='bbox 2291 1287 2330 1321; x_wconf 89' lang='lat' dir='ltr'><strong>in</strong></span> 
     </span>
     <span class='ocr_line' id='line_1_75' title="bbox 1314 1340 2331 1390; baseline -0.002 -15"><span class='ocrx_word' id='word_1_521' title='bbox 1314 1342 1485 1384; x_wconf 85' lang='lat' dir='ltr'><strong>flumine,</strong></span> <span class='ocrx_word' id='word_1_522' title='bbox 1512 1349 1546 1376; x_wconf 92' lang='lat' dir='ltr'><strong>et</strong></span> <span class='ocrx_word' id='word_1_523' title='bbox 1563 1343 1623 1376; x_wconf 83' lang='lat' dir='ltr'><strong>illa</strong></span> <span class='ocrx_word' id='word_1_524' title='bbox 1642 1344 1734 1377; x_wconf 89' lang='lat' dir='ltr'><strong>facta</strong></span> <span class='ocrx_word' id='word_1_525' title='bbox 1756 1356 1830 1379; x_wconf 89' lang='lat' dir='ltr'><strong>esse</strong></span> <span class='ocrx_word' id='word_1_526' title='bbox 1849 1342 2046 1390; x_wconf 87' lang='lat' dir='ltr'><strong>quotannis</strong></span> <span class='ocrx_word' id='word_1_527' title='bbox 2062 1354 2127 1387; x_wconf 91' lang='lat' dir='ltr'><strong>per</strong></span> <span class='ocrx_word' id='word_1_528' title='bbox 2149 1341 2225 1376; x_wconf 88' lang='lat' dir='ltr'><strong>dies</strong></span> <span class='ocrx_word' id='word_1_529' title='bbox 2239 1340 2331 1375; x_wconf 88' lang='lat' dir='ltr'><strong>duo-</strong></span> 
     </span>
     <span class='ocr_line' id='line_1_76' title="bbox 1316 1391 2330 1441; baseline -0.004 -12"><span class='ocrx_word' id='word_1_530' title='bbox 1316 1395 1452 1436; x_wconf 88' lang='lat' dir='ltr'><strong>decim,</strong></span> <span class='ocrx_word' id='word_1_531' title='bbox 1495 1402 1620 1440; x_wconf 87' lang='lat' dir='ltr'><strong>postea</strong></span> <span class='ocrx_word' id='word_1_532' title='bbox 1651 1396 1827 1441; x_wconf 90' lang='lat' dir='ltr'><strong>recepisse</strong></span> <span class='ocrx_word' id='word_1_533' title='bbox 1851 1396 2007 1441; x_wconf 87' lang='lat' dir='ltr'><strong>speciem</strong></span> <span class='ocrx_word' id='word_1_534' title='bbox 2036 1392 2210 1429; x_wconf 79' lang='lat' dir='ltr'><strong>hominis.</strong></span> <span class='ocrx_word' id='word_1_535' title='bbox 2275 1391 2330 1426; x_wconf 87' lang='lat' dir='ltr'><strong>Ita</strong></span> 
     </span>
     <span class='ocr_line' id='line_1_77' title="bbox 1314 1444 2331 1492; baseline -0.002 -13"><span class='ocrx_word' id='word_1_536' title='bbox 1314 1447 1481 1480; x_wconf 89' lang='lat' dir='ltr'><strong>narravit</strong></span> <span class='ocrx_word' id='word_1_537' title='bbox 1505 1447 1565 1481; x_wconf 90' lang='lat' dir='ltr'><strong>ille</strong></span> <span class='ocrx_word' id='word_1_538' title='bbox 1592 1448 1629 1481; x_wconf 90' lang='lat' dir='ltr'><strong>in</strong></span> <span class='ocrx_word' id='word_1_539' title='bbox 1656 1460 1810 1483; x_wconf 86' lang='lat' dir='ltr'><strong>carcere.</strong></span> <span class='ocrx_word' id='word_1_540' title='bbox 1864 1447 1919 1482; x_wconf 85' lang='lat' dir='ltr'><strong>Ibi</strong></span> <span class='ocrx_word' id='word_1_541' title='bbox 1942 1446 2092 1487; x_wconf 81' lang='lat' dir='ltr'><strong>videtis,</strong></span> <span class='ocrx_word' id='word_1_542' title='bbox 2127 1446 2228 1492; x_wconf 90' lang='lat' dir='ltr'><strong>quod</strong></span> <span class='ocrx_word' id='word_1_543' title='bbox 2242 1444 2331 1478; x_wconf 80' lang='lat' dir='ltr'><strong>Dia-</strong></span> 
     </span>
     <span class='ocr_line' id='line_1_78' title="bbox 1314 1496 2331 1546; baseline -0.002 -14"><span class='ocrx_word' id='word_1_544' title='bbox 1314 1499 1419 1533; x_wconf 89' lang='lat' dir='ltr'><strong>bolus</strong></span> <span class='ocrx_word' id='word_1_545' title='bbox 1438 1496 1570 1532; x_wconf 87' lang='lat' dir='ltr'><strong>habeat</strong></span> <span class='ocrx_word' id='word_1_546' title='bbox 1588 1506 1803 1544; x_wconf 89' lang='lat' dir='ltr'><strong>potestatem</strong></span> <span class='ocrx_word' id='word_1_547' title='bbox 1828 1500 1932 1546; x_wconf 87' lang='lat' dir='ltr'><strong>quasi</strong></span> <span class='ocrx_word' id='word_1_548' title='bbox 1950 1500 2249 1543; x_wconf 89' lang='lat' dir='ltr'><strong>circumspectam</strong></span> <span class='ocrx_word' id='word_1_549' title='bbox 2267 1509 2331 1531; x_wconf 86' lang='lat' dir='ltr'><strong>au-</strong></span> 
     </span>
     <span class='ocr_line' id='line_1_79' title="bbox 1316 1551 2331 1597; baseline -0.002 -12"><span class='ocrx_word' id='word_1_550' title='bbox 1316 1551 1464 1585; x_wconf 89' lang='lat' dir='ltr'><strong>toritate</strong></span> <span class='ocrx_word' id='word_1_551' title='bbox 1482 1551 1604 1585; x_wconf 89' lang='lat' dir='ltr'><strong>divina</strong></span> <span class='ocrx_word' id='word_1_552' title='bbox 1617 1579 1626 1592; x_wconf 91' lang='lat'>‚</span> <span class='ocrx_word' id='word_1_553' title='bbox 1655 1552 1704 1585; x_wconf 89' lang='lat' dir='ltr'><strong>ita</strong></span> <span class='ocrx_word' id='word_1_554' title='bbox 1732 1559 1771 1586; x_wconf 88' lang='lat' dir='ltr'><strong>ut</strong></span> <span class='ocrx_word' id='word_1_555' title='bbox 1793 1565 1869 1586; x_wconf 89' lang='lat' dir='ltr'><strong>non</strong></span> <span class='ocrx_word' id='word_1_556' title='bbox 1894 1553 2007 1597; x_wconf 89' lang='lat' dir='ltr'><strong>possit</strong></span> <span class='ocrx_word' id='word_1_557' title='bbox 2025 1563 2156 1585; x_wconf 90' lang='lat' dir='ltr'><strong>nocere</strong></span> <span class='ocrx_word' id='word_1_558' title='bbox 2173 1555 2331 1590; x_wconf 86' lang='lat' dir='ltr'><strong>tantum,</strong></span> 
     </span>
     <span class='ocr_line' id='line_1_80' title="bbox 1316 1602 2332 1650; baseline -0.001 -14"><span class='ocrx_word' id='word_1_559' title='bbox 1316 1610 1493 1650; x_wconf 86' lang='lat' dir='ltr'><strong>quantum</strong></span> <span class='ocrx_word' id='word_1_560' title='bbox 1513 1604 1621 1637; x_wconf 85' lang='lat' dir='ltr'><strong>vellet</strong></span> <span class='ocrx_word' id='word_1_561' title='bbox 1633 1631 1641 1644; x_wconf 89' lang='lat'>‚</span> <span class='ocrx_word' id='word_1_562' title='bbox 1669 1610 1765 1638; x_wconf 88' lang='lat' dir='ltr'><strong>certe</strong></span> <span class='ocrx_word' id='word_1_563' title='bbox 1781 1611 1930 1638; x_wconf 92' lang='lat' dir='ltr'><strong>noceret</strong></span> <span class='ocrx_word' id='word_1_564' title='bbox 1947 1602 2177 1643; x_wconf 87' lang='lat' dir='ltr'><strong>hominibus,</strong></span> <span class='ocrx_word' id='word_1_565' title='bbox 2203 1602 2233 1637; x_wconf 91' lang='lat' dir='ltr'><strong>si</strong></span> <span class='ocrx_word' id='word_1_566' title='bbox 2249 1614 2332 1647; x_wconf 91' lang='lat' dir='ltr'><strong>pos-</strong></span> 
     </span>
     <span class='ocr_line' id='line_1_81' title="bbox 1316 1654 2330 1699; baseline -0.002 -10"><span class='ocrx_word' id='word_1_567' title='bbox 1316 1662 1381 1696; x_wconf 85' lang='lat' dir='ltr'><strong>set,</strong></span> <span class='ocrx_word' id='word_1_568' title='bbox 1409 1656 1471 1690; x_wconf 90' lang='lat' dir='ltr'><strong>sed</strong></span> <span class='ocrx_word' id='word_1_569' title='bbox 1482 1655 1675 1699; x_wconf 61' lang='lat' dir='ltr'><strong>Deusffnon</strong></span> <span class='ocrx_word' id='word_1_570' title='bbox 1694 1657 1860 1691; x_wconf 88' lang='lat' dir='ltr'><strong>concedit</strong></span> <span class='ocrx_word' id='word_1_571' title='bbox 1878 1657 1928 1696; x_wconf 87' lang='lat' dir='ltr'><strong>ei;</strong></span> <span class='ocrx_word' id='word_1_572' title='bbox 1962 1657 1991 1691; x_wconf 89' lang='lat' dir='ltr'><strong>si</strong></span> <span class='ocrx_word' id='word_1_573' title='bbox 2010 1657 2224 1690; x_wconf 89' lang='lat' dir='ltr'><strong>concederet</strong></span> <span class='ocrx_word' id='word_1_574' title='bbox 2241 1654 2330 1699; x_wconf 88' lang='lat' dir='ltr'><strong>ipse,</strong></span> 
     </span>
     <span class='ocr_line' id='line_1_82' title="bbox 1316 1706 2245 1755; baseline -0.001 -13"><span class='ocrx_word' id='word_1_575' title='bbox 1316 1715 1433 1742; x_wconf 87' lang='lat' dir='ltr'><strong>totum</strong></span> <span class='ocrx_word' id='word_1_576' title='bbox 1455 1721 1568 1753; x_wconf 85' lang='lat' dir='ltr'><strong>genus</strong></span> <span class='ocrx_word' id='word_1_577' title='bbox 1586 1706 1789 1743; x_wconf 86' lang='lat' dir='ltr'><strong>humanum</strong></span> <span class='ocrx_word' id='word_1_578' title='bbox 1810 1710 1979 1755; x_wconf 89' lang='lat' dir='ltr'><strong>perderet</strong></span> <span class='ocrx_word' id='word_1_579' title='bbox 1996 1709 2035 1742; x_wconf 92' lang='lat' dir='ltr'><strong>in</strong></span> <span class='ocrx_word' id='word_1_580' title='bbox 2051 1720 2124 1743; x_wconf 81' lang='lat' dir='ltr'><strong>una</strong></span> <span class='ocrx_word' id='word_1_581' title='bbox 2139 1706 2245 1742; x_wconf 84' lang='lat' dir='ltr'><strong>hora.</strong></span> 
     </span>
    </p>
   </div>
   <div class='ocr_carea' id='block_1_13' title="bbox 1317 1765 2333 2298">
    <p class='ocr_par' dir='ltr' id='par_1_15' title="bbox 1317 1765 2333 2079">
     <span class='ocr_line' id='line_1_83' title="bbox 1422 1765 2331 1815; baseline -0.002 -13"><span class='ocrx_word' id='word_1_582' title='bbox 1422 1768 1594 1804; x_wconf 90' lang='lat' dir='ltr'>CXXXII.</span> <span class='ocrx_word' id='word_1_583' title='bbox 1629 1769 1704 1803; x_wconf 87' lang='lat' dir='ltr'><strong>Iam</strong></span> <span class='ocrx_word' id='word_1_584' title='bbox 1730 1770 1862 1804; x_wconf 90' lang='lat' dir='ltr'><strong>dicitur</strong></span> <span class='ocrx_word' id='word_1_585' title='bbox 1887 1771 1931 1805; x_wconf 93' lang='lat' dir='ltr'><strong>de</strong></span> <span class='ocrx_word' id='word_1_586' title='bbox 1955 1783 2038 1815; x_wconf 85' lang='lat' dir='ltr'><strong>rege</strong></span> <span class='ocrx_word' id='word_1_587' title='bbox 2055 1769 2230 1815; x_wconf 84' lang='lat' dir='ltr'><strong>Anglico,</strong></span> <span class='ocrx_word' id='word_1_588' title='bbox 2267 1765 2331 1814; x_wconf 88' lang='lat' dir='ltr'><strong>qui</strong></span> 
     </span>
     <span class='ocr_line' id='line_1_84' title="bbox 1318 1819 2333 1869; baseline -0.002 -15"><span class='ocrx_word' id='word_1_589' title='bbox 1318 1834 1400 1855; x_wconf 88' lang='lat' dir='ltr'><strong>cum</strong></span> <span class='ocrx_word' id='word_1_590' title='bbox 1423 1828 1663 1866; x_wconf 85' lang='lat' dir='ltr'><strong>aegrotasset,</strong></span> <span class='ocrx_word' id='word_1_591' title='bbox 1692 1824 1791 1869; x_wconf 90' lang='lat' dir='ltr'><strong>quod</strong></span> <span class='ocrx_word' id='word_1_592' title='bbox 1814 1824 1909 1856; x_wconf 90' lang='lat' dir='ltr'><strong>mori</strong></span> <span class='ocrx_word' id='word_1_593' title='bbox 1936 1823 2062 1863; x_wconf 82' lang='lat' dir='ltr'><strong>vellet,</strong></span> <span class='ocrx_word' id='word_1_594' title='bbox 2097 1821 2253 1856; x_wconf 89' lang='lat' dir='ltr'><strong>venisset</strong></span> <span class='ocrx_word' id='word_1_595' title='bbox 2275 1819 2333 1852; x_wconf 91' lang='lat' dir='ltr'><strong>vir</strong></span> 
     </span>
     <span class='ocr_line' id='line_1_85' title="bbox 1319 1871 2332 1920; baseline -0.002 -13"><span class='ocrx_word' id='word_1_596' title='bbox 1319 1874 1489 1920; x_wconf 90' lang='lat' dir='ltr'><strong>quidam,</strong></span> <span class='ocrx_word' id='word_1_597' title='bbox 1518 1874 1581 1920; x_wconf 92' lang='lat' dir='ltr'><strong>qui</strong></span> <span class='ocrx_word' id='word_1_598' title='bbox 1608 1874 1772 1909; x_wconf 81' lang='lat' dir='ltr'><strong>dixisset:</strong></span> <span class='ocrx_word' id='word_1_599' title='bbox 1801 1875 1960 1909; x_wconf 91' lang='lat' dir='ltr'><strong>Domine</strong></span> <span class='ocrx_word' id='word_1_600' title='bbox 1986 1887 2069 1915; x_wconf 86' lang='lat' dir='ltr'><strong>rex,</strong></span> <span class='ocrx_word' id='word_1_601' title='bbox 2105 1886 2169 1908; x_wconf 87' lang='lat' dir='ltr'><strong>vos</strong></span> <span class='ocrx_word' id='word_1_602' title='bbox 2193 1871 2332 1906; x_wconf 85' lang='lat' dir='ltr'><strong>vixistis</strong></span> 
     </span>
     <span class='ocr_line' id='line_1_86' title="bbox 1317 1923 2332 1972; baseline -0.003 -12"><span class='ocrx_word' id='word_1_603' title='bbox 1317 1924 1492 1961; x_wconf 87' lang='lat' dir='ltr'><strong>hactenus</strong></span> <span class='ocrx_word' id='word_1_604' title='bbox 1508 1926 1545 1960; x_wconf 91' lang='lat' dir='ltr'><strong>in</strong></span> <span class='ocrx_word' id='word_1_605' title='bbox 1565 1924 1634 1960; x_wconf 91' lang='lat' dir='ltr'><strong>hoc</strong></span> <span class='ocrx_word' id='word_1_606' title='bbox 1654 1939 1787 1972; x_wconf 85' lang='lat' dir='ltr'><strong>regno,</strong></span> <span class='ocrx_word' id='word_1_607' title='bbox 1815 1928 1877 1962; x_wconf 91' lang='lat' dir='ltr'><strong>sed</strong></span> <span class='ocrx_word' id='word_1_608' title='bbox 1894 1940 1977 1961; x_wconf 90' lang='lat' dir='ltr'><strong>mox</strong></span> <span class='ocrx_word' id='word_1_609' title='bbox 1994 1926 2147 1960; x_wconf 89' lang='lat' dir='ltr'><strong>venietis</strong></span> <span class='ocrx_word' id='word_1_610' title='bbox 2170 1926 2210 1958; x_wconf 92' lang='lat' dir='ltr'><strong>in</strong></span> <span class='ocrx_word' id='word_1_611' title='bbox 2232 1923 2332 1958; x_wconf 87' lang='lat' dir='ltr'><strong>aliud</strong></span> 
     </span>
     <span class='ocr_line' id='line_1_87' title="bbox 1318 1975 2331 2026; baseline 0.001 -14"><span class='ocrx_word' id='word_1_612' title='bbox 1318 1991 1493 2024; x_wconf 86' lang='lat' dir='ltr'><strong>regnum,</strong></span> <span class='ocrx_word' id='word_1_613' title='bbox 1530 1980 1629 2026; x_wconf 88' lang='lat' dir='ltr'><strong>quod</strong></span> <span class='ocrx_word' id='word_1_614' title='bbox 1654 1986 1706 2013; x_wconf 91' lang='lat' dir='ltr'><strong>est</strong></span> <span class='ocrx_word' id='word_1_615' title='bbox 1728 1986 1931 2014; x_wconf 87' lang='lat' dir='ltr'><strong>aeternum.</strong></span> <span class='ocrx_word' id='word_1_616' title='bbox 1993 1980 2075 2016; x_wconf 52' lang='lat' dir='ltr'><strong>20.ss</strong></span> <span class='ocrx_word' id='word_1_617' title='bbox 2102 1978 2140 2024; x_wconf 72' lang='lat' dir='ltr'><strong>ist</strong></span> <span class='ocrx_word' id='word_1_618' title='bbox 2165 1975 2331 2025; x_wconf 64' lang='lat' dir='ltr'><strong>gemisslid)</strong></span> 
     </span>
     <span class='ocr_line' id='line_1_88' title="bbox 1318 2029 2306 2079; baseline -0.003 -11"><span class='ocrx_word' id='word_1_619' title='bbox 1318 2030 1461 2079; x_wconf 72' lang='lat' dir='ltr'><strong>gemefen</strong></span> <span class='ocrx_word' id='word_1_620' title='bbox 1478 2031 1630 2067; x_wconf 79' lang='lat' dir='ltr'><strong>Sanctus</strong></span> <span class='ocrx_word' id='word_1_621' title='bbox 1645 2032 1803 2077; x_wconf 81' lang='lat' dir='ltr'><strong>Angelus</strong></span> <span class='ocrx_word' id='word_1_622' title='bbox 1816 2059 1825 2073; x_wconf 86' lang='lat'>‚</span> <span class='ocrx_word' id='word_1_623' title='bbox 1853 2036 1908 2069; x_wconf 76' lang='lat' dir='ltr'><strong>ber</strong></span> <span class='ocrx_word' id='word_1_624' title='bbox 1923 2034 1958 2069; x_wconf 81' lang='lat' dir='ltr'><strong>in</strong></span> <span class='ocrx_word' id='word_1_625' title='bbox 1978 2032 2047 2076; x_wconf 69' lang='lat' dir='ltr'><strong>a1fo</strong></span> <span class='ocrx_word' id='word_1_626' title='bbox 2065 2032 2125 2077; x_wconf 74' lang='lat' dir='ltr'><strong>bat</strong></span> <span class='ocrx_word' id='word_1_627' title='bbox 2141 2029 2306 2078; x_wconf 69' lang='lat' dir='ltr'><strong>gettssstet.</strong></span> 
     </span>
    </p>

    <p class='ocr_par' dir='ltr' id='par_1_16' title="bbox 1320 2091 2332 2298">
     <span class='ocr_line' id='line_1_89' title="bbox 1424 2091 2332 2139; baseline 0 -13"><span class='ocrx_word' id='word_1_628' title='bbox 1424 2091 1610 2127; x_wconf 87' lang='lat' dir='ltr'>CXXXIII.</span> <span class='ocrx_word' id='word_1_629' title='bbox 1656 2093 1795 2127; x_wconf 89' lang='lat' dir='ltr'><strong>Doctor</strong></span> <span class='ocrx_word' id='word_1_630' title='bbox 1831 2094 2045 2139; x_wconf 86' lang='lat' dir='ltr'><strong>Henningus</strong></span> <span class='ocrx_word' id='word_1_631' title='bbox 2082 2093 2226 2138; x_wconf 88' lang='lat' dir='ltr'><strong>sapiens</strong></span> <span class='ocrx_word' id='word_1_632' title='bbox 2261 2092 2332 2135; x_wconf 88' lang='lat' dir='ltr'><strong>vir,</strong></span> 
     </span>
     <span class='ocr_line' id='line_1_90' title="bbox 1321 2144 2332 2192; baseline -0.001 -13"><span class='ocrx_word' id='word_1_633' title='bbox 1321 2158 1400 2179; x_wconf 90' lang='lat' dir='ltr'><strong>cum</strong></span> <span class='ocrx_word' id='word_1_634' title='bbox 1426 2146 1625 2192; x_wconf 85' lang='lat' dir='ltr'><strong>aliquando</strong></span> <span class='ocrx_word' id='word_1_635' title='bbox 1649 2146 1917 2191; x_wconf 83' lang='lat' dir='ltr'><strong>disputaremus</strong></span> <span class='ocrx_word' id='word_1_636' title='bbox 1946 2148 1990 2181; x_wconf 92' lang='lat' dir='ltr'><strong>de</strong></span> <span class='ocrx_word' id='word_1_637' title='bbox 2015 2145 2226 2180; x_wconf 87' lang='lat' dir='ltr'><strong>definitione</strong></span> <span class='ocrx_word' id='word_1_638' title='bbox 2255 2144 2332 2178; x_wconf 89' lang='lat' dir='ltr'><strong>ani-</strong></span> 
     </span>
     <span class='ocr_line' id='line_1_91' title="bbox 1320 2197 2332 2244; baseline -0.001 -13"><span class='ocrx_word' id='word_1_639' title='bbox 1320 2211 1401 2232; x_wconf 86' lang='lat' dir='ltr'><strong>mae</strong></span> <span class='ocrx_word' id='word_1_640' title='bbox 1426 2198 1678 2239; x_wconf 86' lang='lat' dir='ltr'><strong>Aristotelica,</strong></span> <span class='ocrx_word' id='word_1_641' title='bbox 1722 2206 1756 2233; x_wconf 88' lang='lat' dir='ltr'><strong>et</strong></span> <span class='ocrx_word' id='word_1_642' title='bbox 1785 2212 1850 2244; x_wconf 84' lang='lat' dir='ltr'><strong>ego</strong></span> <span class='ocrx_word' id='word_1_643' title='bbox 1875 2200 2066 2233; x_wconf 89' lang='lat' dir='ltr'><strong>recitarem</strong></span> <span class='ocrx_word' id='word_1_644' title='bbox 2093 2198 2125 2232; x_wconf 93' lang='lat' dir='ltr'><strong>ei</strong></span> <span class='ocrx_word' id='word_1_645' title='bbox 2151 2197 2332 2231; x_wconf 90' lang='lat' dir='ltr'><strong>definitio-</strong></span> 
     </span>
     <span class='ocr_line' id='line_1_92' title="bbox 1321 2248 2332 2298; baseline -0.001 -14"><span class='ocrx_word' id='word_1_646' title='bbox 1321 2263 1424 2284; x_wconf 89' lang='lat' dir='ltr'><strong>nem:</strong></span> <span class='ocrx_word' id='word_1_647' title='bbox 1450 2251 1582 2285; x_wconf 85' lang='lat' dir='ltr'><strong>Anima</strong></span> <span class='ocrx_word' id='word_1_648' title='bbox 1602 2258 1653 2285; x_wconf 89' lang='lat' dir='ltr'><strong>est</strong></span> <span class='ocrx_word' id='word_1_649' title='bbox 1668 2252 1762 2285; x_wconf 86' lang='lat' dir='ltr'><strong>actio</strong></span> <span class='ocrx_word' id='word_1_650' title='bbox 1780 2252 1896 2297; x_wconf 89' lang='lat' dir='ltr'><strong>prima</strong></span> <span class='ocrx_word' id='word_1_651' title='bbox 1919 2252 2083 2298; x_wconf 88' lang='lat' dir='ltr'><strong>corporis</strong></span> <span class='ocrx_word' id='word_1_652' title='bbox 2108 2248 2248 2297; x_wconf 90' lang='lat' dir='ltr'><strong>physici</strong></span> <span class='ocrx_word' id='word_1_653' title='bbox 2273 2262 2332 2283; x_wconf 88' lang='lat' dir='ltr'><strong>or-</strong></span> 
     </span>
    </p>
   </div>
   <div class='ocr_carea' id='block_1_14' title="bbox 1293 2302 2330 2348">
    <p class='ocr_par' dir='ltr' id='par_1_17' title="bbox 1293 2302 2330 2348">
     <span class='ocr_line' id='line_1_93' title="bbox 1293 2302 2330 2348; baseline -0.001 -12"><span class='ocrx_word' id='word_1_654' title='bbox 1293 2338 1295 2343; x_wconf 27' lang='grc'><strong><em>4</em></strong></span> <span class='ocrx_word' id='word_1_655' title='bbox 1322 2303 1439 2348; x_wconf 81' lang='lat' dir='ltr'><strong>ganici</strong></span> <span class='ocrx_word' id='word_1_656' title='bbox 1462 2304 1622 2348; x_wconf 84' lang='lat' dir='ltr'><strong>potentia</strong></span> <span class='ocrx_word' id='word_1_657' title='bbox 1650 2304 1760 2337; x_wconf 82' lang='lat' dir='ltr'><strong>vitam</strong></span> <span class='ocrx_word' id='word_1_658' title='bbox 1787 2302 1974 2345; x_wconf 84' lang='lat' dir='ltr'><strong>habentis,</strong></span> <span class='ocrx_word' id='word_1_659' title='bbox 2010 2304 2100 2337; x_wconf 89' lang='lat' dir='ltr'><strong>dixit</strong></span> <span class='ocrx_word' id='word_1_660' title='bbox 2126 2303 2203 2336; x_wconf 90' lang='lat' dir='ltr'><strong>ille:</strong></span> <span class='ocrx_word' id='word_1_661' title='bbox 2239 2302 2330 2348; x_wconf 61' lang='grc' dir='ltr'><strong>ἓΒαῇ</strong></span> 
     </span>
    </p>
   </div>
   <div class='ocr_carea' id='block_1_15' title="bbox 1292 2134 1298 2712">
    <p class='ocr_par' dir='ltr' id='par_1_18' title="bbox 1292 2134 1298 2712">
     <span class='ocr_line' id='line_1_94' title="bbox 1292 2134 1298 2712; baseline 0 0"><span class='ocrx_word' id='word_1_662' title='bbox 1292 2134 1298 2712; x_wconf 95' lang='lat' dir='ltr'><strong> </strong></span> 
     </span>
    </p>
   </div>
   <div class='ocr_carea' id='block_1_16' title="bbox 1292 2747 1296 2776">
    <p class='ocr_par' dir='ltr' id='par_1_19' title="bbox 1292 2747 1296 2776">
     <span class='ocr_line' id='line_1_95' title="bbox 1292 2747 1296 2776; baseline 0 0"><span class='ocrx_word' id='word_1_663' title='bbox 1292 2747 1296 2776; x_wconf 70' lang='lat'><em>2</em></span> 
     </span>
    </p>
   </div>
   <div class='ocr_carea' id='block_1_17' title="bbox 1321 2353 2332 2614">
    <p class='ocr_par' dir='ltr' id='par_1_20' title="bbox 1321 2353 2332 2614">
     <span class='ocr_line' id='line_1_96' title="bbox 1322 2353 2331 2403; baseline 0 -12"><span class='ocrx_word' id='word_1_664' title='bbox 1322 2355 1359 2401; x_wconf 75' lang='lat' dir='ltr'><strong>ist</strong></span> <span class='ocrx_word' id='word_1_665' title='bbox 1385 2359 1465 2399; x_wconf 67' lang='grc' dir='ltr'><strong>ῦαέ,</strong></span> <span class='ocrx_word' id='word_1_666' title='bbox 1500 2355 1600 2403; x_wconf 70' lang='lat' dir='ltr'><strong>maid)</strong></span> <span class='ocrx_word' id='word_1_667' title='bbox 1625 2358 1689 2393; x_wconf 75' lang='lat' dir='ltr'><strong>mir</strong></span> <span class='ocrx_word' id='word_1_668' title='bbox 1714 2360 1773 2394; x_wconf 75' lang='lat' dir='ltr'><strong>ben</strong></span> <span class='ocrx_word' id='word_1_669' title='bbox 1799 2358 1886 2403; x_wconf 49' lang='lat' dir='ltr'><strong>§pete</strong></span> <span class='ocrx_word' id='word_1_670' title='bbox 1911 2359 1978 2394; x_wconf 68' lang='lat' dir='ltr'><strong>»nb</strong></span> <span class='ocrx_word' id='word_1_671' title='bbox 2000 2356 2089 2403; x_wconf 74' lang='lat' dir='ltr'><strong>mad)</strong></span> <span class='ocrx_word' id='word_1_672' title='bbox 2114 2355 2179 2392; x_wconf 78' lang='lat' dir='ltr'><strong>mit</strong></span> <span class='ocrx_word' id='word_1_673' title='bbox 2202 2353 2252 2391; x_wconf 82' lang='lat' dir='ltr'><strong>nie</strong></span> <span class='ocrx_word' id='word_1_674' title='bbox 2280 2355 2331 2391; x_wconf 82' lang='lat' dir='ltr'><strong>nit</strong></span> 
     </span>
     <span class='ocr_line' id='line_1_97' title="bbox 1322 2408 2330 2456; baseline -0.004 -12"><span class='ocrx_word' id='word_1_675' title='bbox 1322 2411 1401 2456; x_wconf 74' lang='grc' dir='ltr'><strong>ηαβ.</strong></span> <span class='ocrx_word' id='word_1_676' title='bbox 1470 2408 1532 2442; x_wconf 92' lang='lat' dir='ltr'><strong>Illa</strong></span> <span class='ocrx_word' id='word_1_677' title='bbox 1558 2417 1642 2444; x_wconf 88' lang='lat' dir='ltr'><strong>sunt</strong></span> <span class='ocrx_word' id='word_1_678' title='bbox 1667 2411 1775 2444; x_wconf 60' lang='lat' dir='ltr'><strong>verba</strong></span> <span class='ocrx_word' id='word_1_679' title='bbox 1802 2409 1894 2444; x_wconf 83' lang='lat' dir='ltr'><strong>nihil</strong></span> <span class='ocrx_word' id='word_1_680' title='bbox 1917 2409 2104 2449; x_wconf 86' lang='lat' dir='ltr'><strong>sonantia,</strong></span> <span class='ocrx_word' id='word_1_681' title='bbox 2141 2413 2175 2442; x_wconf 91' lang='lat' dir='ltr'><strong>et</strong></span> <span class='ocrx_word' id='word_1_682' title='bbox 2202 2419 2330 2441; x_wconf 86' lang='lat' dir='ltr'><strong>verum</strong></span> 
     </span>
     <span class='ocr_line' id='line_1_98' title="bbox 1322 2457 2332 2507; baseline -0.004 -11"><span class='ocrx_word' id='word_1_683' title='bbox 1322 2468 1394 2501; x_wconf 85' lang='lat' dir='ltr'><strong>est,</strong></span> <span class='ocrx_word' id='word_1_684' title='bbox 1422 2462 1632 2496; x_wconf 84' lang='lat' dir='ltr'><strong>Aristoteles</strong></span> <span class='ocrx_word' id='word_1_685' title='bbox 1655 2464 1871 2498; x_wconf 86' lang='lat' dir='ltr'><strong>astutissime</strong></span> <span class='ocrx_word' id='word_1_686' title='bbox 1896 2462 2001 2497; x_wconf 89' lang='lat' dir='ltr'><strong>elusit</strong></span> <span class='ocrx_word' id='word_1_687' title='bbox 2019 2461 2226 2507; x_wconf 84' lang='lat' dir='ltr'><strong>aliquorum</strong></span> <span class='ocrx_word' id='word_1_688' title='bbox 2251 2457 2332 2505; x_wconf 90' lang='lat' dir='ltr'><strong>phi-</strong></span> 
     </span>
     <span class='ocr_line' id='line_1_99' title="bbox 1321 2512 2331 2560; baseline -0.002 -13"><span class='ocrx_word' id='word_1_689' title='bbox 1321 2512 1560 2559; x_wconf 88' lang='lat' dir='ltr'><strong>losophorum</strong></span> <span class='ocrx_word' id='word_1_690' title='bbox 1594 2515 1786 2560; x_wconf 86' lang='lat' dir='ltr'><strong>opiniones</strong></span> <span class='ocrx_word' id='word_1_691' title='bbox 1816 2513 1884 2549; x_wconf 83' lang='lat' dir='ltr'><strong>hac</strong></span> <span class='ocrx_word' id='word_1_692' title='bbox 1917 2514 2126 2549; x_wconf 88' lang='lat' dir='ltr'><strong>definitione</strong></span> <span class='ocrx_word' id='word_1_693' title='bbox 2158 2525 2176 2546; x_wconf 92' lang='lat' dir='ltr'><strong>a</strong></span> <span class='ocrx_word' id='word_1_694' title='bbox 2207 2524 2243 2546; x_wconf 93' lang='lat' dir='ltr'><strong>se</strong></span> <span class='ocrx_word' id='word_1_695' title='bbox 2273 2524 2331 2546; x_wconf 86' lang='lat' dir='ltr'><strong>ex-</strong></span> 
     </span>
     <span class='ocr_line' id='line_1_100' title="bbox 1322 2563 2263 2614; baseline -0.002 -14"><span class='ocrx_word' id='word_1_696' title='bbox 1322 2566 1499 2611; x_wconf 82' lang='lat' dir='ltr'><strong>cogitata,</strong></span> <span class='ocrx_word' id='word_1_697' title='bbox 1528 2568 1570 2601; x_wconf 91' lang='lat' dir='ltr'><strong>de</strong></span> <span class='ocrx_word' id='word_1_698' title='bbox 1589 2581 1659 2614; x_wconf 85' lang='lat' dir='ltr'><strong>qua</strong></span> <span class='ocrx_word' id='word_1_699' title='bbox 1676 2575 1799 2602; x_wconf 89' lang='lat' dir='ltr'><strong>tamen</strong></span> <span class='ocrx_word' id='word_1_700' title='bbox 1816 2568 1887 2601; x_wconf 81' lang='lat' dir='ltr'><strong>iam</strong></span> <span class='ocrx_word' id='word_1_701' title='bbox 1906 2567 1991 2601; x_wconf 91' lang='lat' dir='ltr'><strong>nolo</strong></span> <span class='ocrx_word' id='word_1_702' title='bbox 2009 2563 2263 2612; x_wconf 65' lang='lat' dir='ltr'><strong>disputarem).</strong></span> 
     </span>
    </p>
   </div>
   <div class='ocr_carea' id='block_1_18' title="bbox 1321 2640 1531 2645">
    <p class='ocr_par' dir='ltr' id='par_1_21' title="bbox 1321 2640 1531 2645">
     <span class='ocr_line' id='line_1_101' title="bbox 1321 2640 1531 2645; baseline 0 0"><span class='ocrx_word' id='word_1_703' title='bbox 1321 2640 1531 2645; x_wconf 95' lang='lat' dir='ltr'><strong> </strong></span> 
     </span>
    </p>
   </div>
   <div class='ocr_carea' id='block_1_19' title="bbox 1357 2679 2029 2711">
    <p class='ocr_par' dir='ltr' id='par_1_22' title="bbox 1357 2679 2029 2711">
     <span class='ocr_line' id='line_1_102' title="bbox 1357 2679 2029 2711; baseline -0.001 -7"><span class='ocrx_word' id='word_1_704' title='bbox 1357 2681 1392 2704; x_wconf 83' lang='grc'><strong>60</strong></span> <span class='ocrx_word' id='word_1_705' title='bbox 1401 2682 1426 2708; x_wconf 78' lang='lat'><strong>²)</strong></span> <span class='ocrx_word' id='word_1_706' title='bbox 1447 2679 1698 2711; x_wconf 82' lang='lat' dir='ltr'><strong>incantationibus]</strong></span> <span class='ocrx_word' id='word_1_707' title='bbox 1718 2681 1803 2706; x_wconf 86' lang='lat' dir='ltr'><strong>Cod.:</strong></span> <span class='ocrx_word' id='word_1_708' title='bbox 1829 2679 2029 2704; x_wconf 87' lang='lat' dir='ltr'><strong>incantationis</strong></span> 
     </span>
    </p>
   </div>
   <div class='ocr_carea' id='block_1_20' title="bbox 1355 2719 2329 2790">
    <p class='ocr_par' dir='ltr' id='par_1_23' title="bbox 1355 2719 2329 2790">
     <span class='ocr_line' id='line_1_103' title="bbox 1355 2719 2329 2783; baseline -0.004 -36"><span class='ocrx_word' id='word_1_709' title='bbox 1355 2722 1412 2782; x_wconf 52' lang='lat'><strong>61}</strong></span> <span class='ocrx_word' id='word_1_710' title='bbox 1427 2723 1669 2783; x_wconf 43' lang='lat' dir='ltr'><strong>Histinlmargme</strong></span> <span class='ocrx_word' id='word_1_711' title='bbox 1687 2724 1829 2755; x_wconf 82' lang='lat' dir='ltr'><strong>adscripta</strong></span> <span class='ocrx_word' id='word_1_712' title='bbox 1845 2725 1888 2748; x_wconf 85' lang='lat' dir='ltr'><strong>est</strong></span> <span class='ocrx_word' id='word_1_713' title='bbox 1903 2725 1984 2749; x_wconf 86' lang='lat' dir='ltr'><strong>nota:</strong></span> <span class='ocrx_word' id='word_1_714' title='bbox 2004 2723 2100 2748; x_wconf 83' lang='lat' dir='ltr'><strong>Verba</strong></span> <span class='ocrx_word' id='word_1_715' title='bbox 2120 2730 2162 2756; x_wconf 85' lang='grc' dir='ltr'><strong>.φ.</strong></span> <span class='ocrx_word' id='word_1_716' title='bbox 2183 2721 2213 2754; x_wconf 86' lang='grc' dir='ltr'><strong>(ἱ.</strong></span> <span class='ocrx_word' id='word_1_717' title='bbox 2226 2727 2248 2746; x_wconf 87' lang='lat' dir='ltr'><strong>e.</strong></span> <span class='ocrx_word' id='word_1_718' title='bbox 2263 2719 2329 2745; x_wconf 83' lang='lat' dir='ltr'><strong>Phi-</strong></span> 
     </span>
     <span class='ocr_line' id='line_1_104' title="bbox 1406 2762 1570 2790; baseline 0.018 -8"><span class='ocrx_word' id='word_1_719' title='bbox 1406 2766 1459 2790; x_wconf 80' lang='lat' dir='ltr'><strong>ippi</strong></span> <span class='ocrx_word' id='word_1_720' title='bbox 1479 2776 1485 2783; x_wconf 76' lang='lat'>.</span> <span class='ocrx_word' id='word_1_721' title='bbox 1509 2766 1523 2784; x_wconf 85' lang='lat' dir='ltr'><strong>e</strong></span> <span class='ocrx_word' id='word_1_722' title='bbox 1538 2762 1570 2789; x_wconf 86' lang='lat'><strong>.).</strong></span> 
     </span>
    </p>
   </div>
  </div>
 </body>
</html>
