2389 3037
69 125 147 165 205
730 119 853 157 XCVI.
917 119 1055 154 GRAM
1063 118 1253 153 {xtATICA
1286 118 1480 152 LATINA.
2058 119 2132 154 206

71 223 141 243 nem
170 210 316 250 quandam
349 211 377 237 in
410 218 478 246 uos,
506 213 568 236 tum
593 212 674 235 certo
697 207 823 245 quodam
847 206 966 234 consilio
990 205 1150 233 connivere
1174 205 1322 233 interdum
1348 205 1442 233 Deum
1469 205 1504 232 ad
1530 204 1679 232 hominurn
1703 204 1852 233 audaciam
1878 211 1906 232 et
1932 204 2063 241 scelera,
2095 212 2137 241 ut,

75 254 322 295 quemadmodum
348 253 417 280 dicit
440 252 537 287 idem,
567 251 648 277 cuius
671 250 760 288 paulo
784 256 853 278 ante
877 249 1012 284 memini,
1042 248 1273 283 Demosthenes,
1302 249 1355 276 sibi
1381 248 1408 275 in
1435 248 1668 276 consideratione
1691 257 1822 276 summae
1853 248 2021 275 dementiae
2044 247 2138 275 Athe-

73 299 219 328 niensium
243 304 334 334 saepe
358 295 480 323 subiisse
505 291 717 332 φοβεῖσθαι,
746 289 791 331 μή
813 301 846 321 τι
869 288 1050 329 δαιμόνιον
1072 287 1114 318 ”cd
1139 288 1327 329 πράγματα
1349 288 1496 332 ἐλαύνῃ,
1527 291 1565 317 ita
1591 301 1640 318 nos
1665 297 1744 319 certo
1769 297 1930 319 statuamus
1953 290 2026 318 haec
2050 291 2138 327 mala,

74 350 198 380 quorum
222 340 328 377 partim
351 338 471 373 dolore,
511 337 617 374 partim
649 342 729 364 metu
761 345 952 371 exercemur,
989 344 1046 362 non
1070 334 1200 361 existere
1222 333 1361 370 fortuit0,
1400 334 1453 361 sed
1478 333 1564 361 certis
1589 334 1627 361 de
1650 335 1740 361 causis
1764 345 1780 362 a
1805 335 1868 361 Deo
1891 333 2006 361 immitti
2034 334 2140 371 generi

73 385 220 417 humano,
245 388 274 410 et
296 381 429 419 permitti
451 385 484 408 ut
507 379 659 415 diabolus,
689 385 773 407 antor
795 379 1011 414 calamitatum,
1051 377 1160 404 saeviat
1186 373 1345 413 aliquando
1369 377 1398 403 in
1424 377 1511 404 terris
1535 376 1700 404 immanius.
1759 378 1799 404 Ac
1824 387 1886 404 cum
1912 386 1965 404 nos
1988 378 2139 414 cupiamus

75 436 141 456 esse
163 428 193 454 in
218 434 318 454 eorum
344 432 483 460 numero,
515 423 565 460 qui
589 422 696 451 Christi
721 423 847 459 primum
871 421 978 458 ipsius,
1013 419 1123 448 deinde
1146 419 1354 457 Apostolorum
1378 420 1536 456 praeconio
1560 419 1712 446 convocati
1743 419 1846 454 fuere,
1883 426 1913 447 et
1942 429 2019 447 nunc
2050 420 2140 447 etiam

75 470 172 499 verbis
195 469 312 496 illorum
338 472 552 501 convocantur,
582 466 631 503 qui
654 471 699 493 est
721 470 819 492 coetus
843 463 1026 492 Christianus
1049 467 1080 490 et
1102 463 1228 490 ecclesia
1251 462 1323 499 Dei,
1353 471 1413 490 non
1437 462 1568 500 querelis
1594 469 1623 490 et
1647 472 1699 489 nos
1723 468 1753 490 et
1775 462 1846 489 alios
1870 463 2053 499 defatigare,
2086 462 2139 490 sed

74 514 130 542 hoc
153 520 244 549 agere
267 516 296 538 et
319 509 467 548 perficere
491 509 650 546 debemus,
683 514 714 536 ut
738 507 893 535 veritatem
917 506 1066 542 colamus,
1089 512 1119 534 et
1145 505 1234 533 fidem
1259 505 1322 533 Deo
1347 512 1547 543 praestemus,
1586 511 1616 533 et
1646 504 1716 532 freti
1740 505 1939 532 misericordia
1964 506 2041 532 iliius
2069 514 2139 533 con-

76 556 211 584 sistamus
243 554 368 592 quisque
397 553 462 580 loco
492 562 561 588 suo,
598 561 656 579 non
687 551 780 578 solum
804 549 938 585 fortiter,
976 554 1115 587 tanquam
1140 550 1167 576 in
1192 549 1256 576 acie
1279 549 1457 586 pugnaturi,
1494 548 1517 577 si
1541 557 1664 576 necesse
1687 549 1739 585 sit,
1779 548 1831 576 sed
1856 548 2026 586 perpessuri
2051 549 2139 576 etiam

76 606 273 638 quaecunque
294 597 389 624 oblata
412 595 542 631 fuerint,
574 595 701 622 scientes
724 593 837 629 Deum,
869 593 919 630 qui
942 598 1066 630 propter
1089 591 1183 620 filium
1208 601 1260 620 nos
1286 592 1494 620 benevolentia
1517 601 1567 619 sna
1600 591 1772 629 complexus
1801 591 1873 627 fuit,
1910 600 1967 618 non
2003 600 2089 628 posse
2121 599 2139 618 a

76 642 158 670 nobis
181 649 246 669 esse
270 640 414 668 alienum:
445 638 482 667 Et
504 638 582 665 hunc
606 642 846 665 conservaturum
871 635 987 663 Christo
1013 645 1064 662 suo
1088 636 1241 673 proprium
1267 641 1400 671 coetum,
1438 636 1465 662 in
1491 645 1549 672 quo
1573 635 1664 672 ipsius
1689 635 1793 662 caritas
1819 640 1849 662 et
1872 634 1994 670 merita,
2031 643 2064 661 ac
2087 634 2140 661 be-

76 684 183 713 neficia
207 682 430 711 inaestimabilia
453 686 601 719 perpetuo
624 679 852 718 praedicentur,
889 683 919 706 et
942 678 1081 706 laudetur
1104 679 1168 715 ipse
1191 684 1278 716 pater
1307 678 1418 705 domini
1448 684 1477 706 et
1510 678 1673 706 liberatoris
1704 677 1795 705 nostri
1820 677 1884 704 Iesu
1910 676 2037 712 Christi,
2074 686 2140 704 cnm

77 734 176 756 sancto
199 726 313 764 spiritu.
371 725 426 752 Hic
456 732 556 761 neque
589 723 699 751 durare
728 731 827 760 neque
859 721 996 749 constitui
1021 721 1084 748 sine
1108 721 1268 749 scolasticis
1291 721 1500 757 conventibus,
1538 727 1568 748 et
1591 722 1730 748 bonarum
1755 721 1862 748 artium
1887 720 2002 747 cultura
2026 725 2140 756 potest:

78 771 270 808 Quapropter
292 768 370 795 idem
393 767 475 795 Deus
497 772 598 794 noster
625 767 713 794 etiam
738 765 841 792 harum
866 773 965 793 curam
990 771 1092 802 geret,
1122 770 1151 792 et
1175 764 1328 801 perficiet,
1352 770 1383 792 ut
1407 764 1518 802 aliquas
1543 764 1630 792 sedes
1653 764 1799 800 habeant,
1823 764 1852 790 in
1876 763 1980 800 quibus
2005 762 2140 790 exerceri

78 820 168 852 atque
190 811 311 840 tractari
334 811 458 848 possint.
508 809 584 837 Nam
609 810 632 837 si
655 808 725 847 quid
751 813 795 836 est
819 809 878 836 vitii
902 808 930 835 in
955 816 1004 844 re,
1033 807 1083 834 vel
1106 807 1128 835 si
1153 808 1202 845 qui
1225 807 1302 835 docti
1325 813 1375 835 aut
1397 816 1414 835 a
1438 808 1604 845 cognitione
1628 813 1658 835 et
1680 807 1793 834 honore
1818 806 1874 834 Dei
1900 814 1965 833 sese
1989 811 2140 842 avertunt,

78 863 128 885 aut
152 855 189 883 ad
212 855 367 882 veritatem
399 852 627 891 oppugnandam
655 856 850 888 convertunt,
882 851 920 878 de
952 851 985 877 iis
1016 849 1154 878 iudicium
1184 851 1385 888 relinquamus
1417 847 1464 890 τῷ
1492 847 1585 890 μόνῳ
1617 845 1743 888 ἀληθεῖ
1776 848 1886 891 κριτῇ,
1922 857 2010 886 quem
2041 856 2140 886 neque

77 899 159 928 fraus
184 897 274 925 ullius
295 896 405 924 fallere
429 905 528 934 neque
551 896 721 933 improbitas
746 894 882 932 effugere
904 894 1031 931 poterit,
1068 898 1198 921 nostrum
1232 903 1302 921 vero
1333 894 1458 932 quisque
1487 894 1580 922 veluti
1610 894 1639 921 in
1669 894 1731 921 acie
1755 902 1787 920 ac
1812 893 1913 921 castris
1937 901 2019 919 suum
2045 892 2141 918 locum

79 946 180 970 teneat
203 945 234 968 et
257 945 422 977 exequatur
445 949 551 966 munus
574 948 669 966 suum.
715 937 827 966 Omnes
851 942 950 965 autem
973 945 1026 974 spe
1049 942 1131 964 certa
1155 947 1207 964 nos
1230 942 1430 965 sustentemus
1453 937 1558 964 amoris
1581 937 1638 964 Dei
1661 945 1733 973 erga
1756 945 1825 973 nos,
1848 941 1972 973 propter
1991 934 2141 962 Christum

79 985 130 1023 qui
153 983 234 1012 venit
257 983 285 1010 in
311 982 389 1010 hunc
412 982 569 1017 mundum,
602 987 632 1009 ut
655 980 803 1009 deformes
826 981 955 1017 peccatis
980 985 1009 1007 et
1033 980 1194 1007 sceleribus
1222 980 1351 1017 pollutos
1375 986 1405 1008 et
1430 979 1547 1017 flagitiis
1569 980 1735 1017 inquinatos
1759 979 1895 1007 ablueret
1919 985 1948 1005 et
1974 977 2140 1005 mundaret.

79 1028 114 1056 In
137 1027 223 1055 huius
245 1026 334 1064 igitur
358 1025 437 1062 fide,
468 1025 537 1061 illa,
567 1033 655 1062 quam
679 1024 756 1060 dixi,
786 1032 839 1060 spe
862 1032 915 1050 nos
940 1023 1127 1050 consolemur
1151 1029 1181 1051 et
1205 1023 1341 1060 precihus
1367 1023 1566 1051 incumbamus
1590 1024 1760 1051 invocantes
1783 1032 1870 1061 opem
1894 1022 1949 1049 Dei
1976 1021 2081 1056 nostri,
2112 1021 2139 1047 in

79 1070 126 1098 his
150 1069 350 1098 communibus
374 1069 464 1097 tantis
486 1068 610 1096 miseriis
632 1073 662 1095 et
685 1067 833 1095 aerumnis
857 1066 984 1104 propriis
1008 1066 1124 1094 nostris.
1168 1066 1362 1104 Nequaquam
1387 1073 1486 1094 autem
1510 1067 1712 1095 existimemus
1736 1066 1763 1093 in
1789 1065 1950 1094 studiorum
1976 1070 2141 1091 nostrorum

82 1114 170 1142 etiam
194 1111 323 1140 exordiis
348 1117 379 1139 et
401 1111 503 1149 primis
525 1111 683 1139 elementis
706 1110 833 1145 versari,
863 1115 914 1136 aut
936 1109 1000 1136 Deo
1025 1109 1120 1136 minus
1144 1114 1258 1146 gratum
1280 1114 1329 1136 aut
1353 1109 1436 1137 uobis
1458 1109 1644 1137 inhonestum
1671 1118 1748 1137 esse.
1800 1109 1860 1136 lmo
1883 1108 1957 1135 haec
1981 1108 2044 1145 ipsa
2071 1106 2140 1133 fun-

81 1157 221 1185 damenta
244 1154 374 1182 fideliter
399 1161 429 1182 et
453 1159 588 1182 accurate
612 1153 805 1188 collocemus,
841 1160 932 1189 snper
955 1152 1060 1189 quibus
1085 1152 1243 1189 aliquando
1270 1152 1403 1180 aedificia
1427 1152 1579 1189 praeclara
1604 1153 1754 1179 doctrinae
1779 1156 1971 1187 extruantur,
2012 1156 2043 1177 ut
2065 1158 2142 1187 puer

81 1199 173 1238 possit
196 1197 369 1235 perdiscere
394 1206 447 1233 ea,
475 1197 578 1234 quibus
602 1191 678 1233 μετ’
703 1191 817 1231 ὀλίγον
840 1190 923 1232 ἀνὴρ
946 1191 1129 1231 γενόμενος
1152 1201 1267 1231 utatur,
1297 1204 1355 1223 neu
1381 1196 1511 1233 requirat
1535 1202 1611 1231 tum,
1635 1202 1666 1222 nt
1690 1195 1789 1222 multis
1811 1194 1931 1229 accidit,
1955 1193 2038 1231 quasi
2060 1189 2142 1230 ἐφό-

81 1239 157 1270 διον
179 1241 328 1268 doctrinae
353 1249 418 1267 cum
441 1240 471 1266 in
494 1239 590 1267 medio
619 1240 674 1266 iam
705 1240 813 1266 itinere
844 1239 1022 1266 versabitur.
1080 1238 1184 1275 ltaque
1214 1247 1312 1275 neque
1343 1248 1389 1266 me
1421 1239 1517 1275 piguit
1546 1239 1674 1276 puerilia
1701 1237 1799 1266 studia
1829 1238 1916 1265 etiam
1947 1235 2144 1273 grammaticis

81 1283 353 1322 praeceptiunculis
376 1283 542 1318 instruere,
572 1290 670 1318 neque
693 1281 771 1308 illius
792 1290 901 1317 operae
924 1281 1027 1318 pudet.
1074 1280 1140 1308 'sibi
1163 1281 1281 1317 quidem
1313 1290 1366 1318 ago
1399 1282 1524 1319 gratias,
1559 1291 1623 1309 cum
1656 1291 1736 1309 meos
1767 1281 1885 1309 libellos
1909 1280 1957 1307 edi
1980 1288 2080 1316 curas,
2112 1283 2142 1305 et

82 1327 292 1355 dexteritatem
313 1324 528 1362 Chalcographi
552 1325 640 1352 vestri
666 1332 713 1351 tna
736 1324 879 1351 industria
905 1324 1035 1352 adiuvas.
1086 1324 1192 1360 Neque
1215 1324 1374 1351 admodum
1399 1325 1513 1360 laboro,
1552 1332 1649 1351 utrum
1674 1324 1779 1352 iudicio
1802 1333 1873 1351 vero
1897 1332 1934 1350 an
1959 1322 2142 1351 benevolen-

81 1371 122 1398 tia
145 1375 258 1397 tantum
283 1367 354 1395 mihi
376 1368 505 1403 tribuas,
528 1375 627 1404 neque
651 1366 740 1394 facile
763 1367 885 1403 dixero,
910 1373 1007 1394 utrum
1033 1368 1173 1394 maiorem
1199 1367 1267 1394 mihi
1291 1367 1471 1404 voluptatem
1495 1367 1653 1396 allaturum
1678 1376 1743 1395 esse
1766 1367 1911 1395 videatur.
1958 1365 2032 1402 Legi
2052 1365 2142 1393 etiam

82 1420 178 1450 nuper
201 1410 358 1448 epistolam
382 1416 479 1446 tuam,
515 1419 603 1448 quam
628 1410 728 1437 libello
753 1415 853 1436 nostro
876 1409 1090 1437 Grammatices
1113 1409 1249 1437 Graecae
1273 1412 1417 1447 praeponi
1442 1410 1576 1446 voluisti,
1608 1411 1746 1448 scriptam
1770 1410 1925 1447 perbelle,
1958 1415 2048 1446 atque
2072 1406 2143 1435 mihi

82 1455 171 1483 valde
195 1454 306 1491 placuit
329 1453 488 1481 voluntatis
513 1458 580 1480 tuae
604 1453 767 1480 constantia
790 1461 861 1490 erga
883 1451 961 1480 hanc
984 1459 1116 1490 partem,
1142 1461 1218 1489 quae
1241 1454 1438 1481 contemnitur
1463 1460 1492 1481 et
1516 1455 1599 1491 parvi
1627 1453 1659 1481 fit
1682 1463 1698 1481 a
1721 1453 1865 1490 plurimis.
1911 1452 1999 1479 Nunc
2022 1451 2142 1488 quidem

83 1497 160 1536 quod
184 1497 261 1534 petis
284 1502 316 1524 ut
339 1496 483 1533 obsequar
507 1495 651 1523 desiderio
674 1496 772 1533 Papae
796 1502 825 1523 et
850 1495 899 1523 tibi
923 1495 1088 1533 gratificer,
1128 1496 1155 1522 in
1181 1504 1215 1522 eo
1241 1503 1270 1524 et
1296 1495 1422 1524 libenter
1447 1502 1475 1524 et
1500 1497 1608 1534 cupide
1632 1505 1744 1524 morem
1768 1497 1818 1524 tibi
1841 1505 1960 1533 geram,
1991 1495 2047 1522 imo
2071 1502 2142 1531 per-

83 1541 167 1569 mitto
191 1545 288 1567 vestro
311 1539 431 1567 arbitrio
455 1544 544 1566 totam
571 1539 731 1566 editionem
756 1538 849 1566 libelli
873 1539 947 1575 mei,
977 1538 1014 1566 de
1039 1548 1096 1575 quo
1121 1539 1259 1576 quicquid
1284 1540 1419 1576 egeritis,
1457 1539 1486 1567 id
1517 1540 1627 1577 recipio
1658 1548 1705 1567 me
1737 1546 1832 1566 ratum
1857 1539 2034 1575 firmumque
2058 1537 2142 1564 habi-

84 1590 201 1618 turum,
230 1582 278 1610 vel
301 1582 407 1619 etiam,
439 1588 469 1610 ut
493 1575 732 1619 ἁπλούστερον
754 1581 864 1617 dicam,
895 1590 1076 1618 magnopere
1100 1587 1129 1609 et
1152 1590 1207 1619 per
1230 1583 1326 1609 omnia
1357 1584 1547 1619 probaturum
1580 1591 1656 1611 esse.
1715 1584 1755 1610 Ac
1788 1591 1834 1610 me
1867 1592 1930 1609 cnm
1962 1580 2016 1608 hoc
2046 1580 2141 1607 studio

85 1631 183 1654 vestro
206 1625 304 1652 ornari
326 1630 456 1660 constet,
487 1624 564 1662 quod
589 1630 648 1652 tam
671 1625 783 1652 solicite
809 1631 928 1661 peteres
958 1625 1073 1652 veniam
1103 1625 1241 1652 editionis
1272 1624 1346 1652 nihil
1378 1632 1453 1654 erat.
1490 1626 1555 1664 quis
1585 1627 1662 1653 enim
1695 1632 1758 1662 est,
1796 1626 1844 1663 qui
1875 1625 1966 1652 soleat
1997 1622 2141 1660 refragari

84 1669 188 1697 honori
219 1665 294 1697 suo'?
331 1664 441 1696 ἔνεστι
468 1664 533 1707 γάρ
565 1664 604 1706 δὴ
634 1661 696 1695 κάν
726 1665 824 1699 θεῶν
852 1666 942 1703 γένει
971 1664 1066 1703 τόδε,
1100 1664 1285 1704 τιμώμενοι
1306 1666 1480 1707 χαίρουσι,
1517 1669 1679 1696 secundum
1705 1665 1862 1706 σκηνικὸν
1887 1663 2084 1706 φιλόσοφον
2103 1664 2143 1703 *).

85 1712 147 1740 Sed
176 1711 214 1739 de
242 1711 288 1738 his
323 1711 400 1738 satis.
451 1710 559 1748 Scripsi
590 1717 688 1738 autem
720 1716 750 1738 et
773 1711 888 1747 Papae,
927 1717 958 1738 ut
990 1711 1140 1738 cumulate
1167 1711 1368 1739 satisfacerem
1403 1712 1545 1739 voluntati
1577 1719 1701 1740 vestrae.
1744 1711 1848 1740 Etiam
1880 1711 2068 1745 dubitabam,
2104 1718 2141 1736 an

86 1760 287 1794 perventurae
317 1758 418 1780 essent
447 1753 519 1780 istuc
548 1754 653 1781 literae
683 1762 767 1781 meae
797 1759 866 1780 ante
896 1753 1103 1781 discessionem
1135 1760 1232 1789 tuam,
1273 1755 1327 1781 etsi
1358 1764 1439 1782 eram
1462 1756 1491 1782 in
1517 1763 1552 1782 ea
1576 1756 1714 1792 opinione
1738 1762 1767 1783 te
1791 1756 1908 1782 omnino
1932 1752 2142 1781 Ballorhodum

85 1803 330 1835 expectaturum,
354 1804 452 1833 neque
475 1796 538 1823 sine
562 1797 611 1823 illo
638 1796 682 1823 vel
706 1796 797 1831 duce,
821 1796 867 1823 vel
892 1797 997 1823 comite
1020 1797 1076 1824 iter
1100 1796 1177 1824 istud
1202 1797 1401 1834 ingressurum
1426 1806 1506 1833 esse,
1537 1797 1572 1825 ad
1598 1798 1674 1835 quod
1700 1798 1820 1835 quidem
1843 1798 1921 1835 quod
1944 1797 2066 1831 attinet,
2090 1805 2142 1822 cn-

84 1841 133 1879 pio
156 1847 186 1868 te
210 1840 338 1868 feliciter
361 1839 412 1866 illo
437 1839 572 1866 confecto
595 1848 681 1877 quam
705 1840 831 1876 primum
857 1839 955 1867 redire
979 1839 1015 1867 ad
1040 1845 1121 1876 tuos,
1152 1838 1207 1867 καὶ
1231 1837 1316 1877 πρὸς
1340 1838 1398 1879 τὴν
1422 1838 1650 1879 σχολαστικὴν
1672 1838 1909 1879 παλαίστραν,
1940 1840 2021 1866 cuius
2045 1838 2142 1865 hunni-

84 1884 168 1911 litate
191 1888 221 1911 et
244 1882 371 1920 pulvere
395 1882 453 1909 scio
477 1890 575 1919 neque
600 1883 811 1919 praestantiam
836 1890 933 1919 neque
958 1882 1147 1919 splendorem
1173 1882 1263 1910 ullum
1296 1893 1360 1911 esse
1392 1885 1535 1921 potiorem
1565 1885 1661 1911 auimo
1695 1890 1754 1912 tuo.
1815 1885 1894 1911 Deus
1918 1888 2003 1920 pater
2027 1881 2142 1909 Domini

84 1926 177 1954 nostri
199 1926 265 1954 Iesu
289 1924 397 1952 Christi
421 1930 451 1952 te
474 1925 628 1952 custodiat.
673 1925 757 1953 Vale.
801 1925 898 1953 Tuam
921 1925 1062 1952 familiam
1086 1926 1252 1954 universam
1277 1932 1412 1955 amanter
1434 1927 1538 1954 saluto,
1591 1926 1696 1954 Comes
1727 1934 1826 1955 noster
1856 1927 1884 1954 in
1914 1926 2011 1953 animo
2036 1924 2142 1952 habeat

84 1969 262 1998 sementiam
285 1968 518 2004 Aristotelicam,
555 1962 606 1996 ὅτι
630 1961 648 1995 ὁ
676 1963 853 2007 διαφέρων
883 1965 1005 2006 ἐξόχως
1028 1963 1130 2010 ἀρετῇ
1154 1966 1222 1997 τῶν
1244 1964 1378 2006 ἄλλων,
1415 1968 1510 1999 ἐστὶν
1534 1963 1644 2009 ὥςπερ
1669 1968 1753 2003 θεὸς
1776 1968 1813 2000 ὲν
1838 1965 2055 2009 ἀνθρώποις,
2085 1977 2141 2004 quo

84 2012 176 2050 magis
197 2017 276 2039 amet
300 2011 482 2048 disciplinam
506 2017 535 2039 et
560 2011 668 2049 gratias
693 2019 759 2050 agat
783 2012 864 2047 Deo,
887 2022 952 2040 cum
976 2012 1091 2049 copiam
1114 2013 1169 2049 ipsi
1191 2011 1262 2040 fecit
1286 2013 1449 2050 evadendi,
1486 2010 1534 2046 εἰς
1558 2011 1645 2048 ζῶον
1668 2010 1869 2049 θειότατον,
1904 2009 2037 2049 τυχόντι
2063 2019 2142 2038 παι-

86 2051 180 2088 δείας
202 2050 322 2093 ὀρθῆς,
353 2059 384 2081 ut
407 2054 447 2082 ait
469 2054 553 2082 Plato
566 2054 624 2093 u).
670 2052 781 2083 lterum
806 2055 882 2083 vale.
915 2055 982 2082 XV.
1003 2055 1065 2083 Cal.
1092 2055 1283 2092 Novembris,
1313 2056 1341 2083 id
1366 2063 1426 2093 est,
1450 2057 1545 2084 altero
1568 2057 1616 2085 die
1641 2064 1795 2095 postquam
1821 2063 1884 2084 tuas
1907 2064 2091 2092 acceperam.

264 2138 450 2179 Philippus
473 2120 715 2169 Melanchtltort
738 2138 872 2169 honesto
902 2139 984 2170 Viro
1014 2139 1191 2170 Valentino
1214 2139 1336 2179 Papae
1362 2140 1621 2181 Chalcographo
1645 2141 1824 2180 Lipsensi,
1856 2140 1892 2171 S.
1915 2140 1959 2170 I).

216 2200 397 2238 Significavit
423 2201 490 2228 mihi
516 2201 675 2229 {oachimus
699 2202 901 2238 Camerarius,
941 2202 985 2229 cui
1011 2208 1088 2229 tuam
1121 2201 1290 2240 diligentiae
1320 2210 1351 2231 et
1381 2205 1543 2232 industriae
1574 2213 1693 2241 operam
1729 2204 1816 2231 valde
1846 2203 1964 2240 probari
1996 2201 2142 2236 intellexi,

85 2245 130 2273 Te
155 2252 266 2282 cupere
289 2243 342 2270 hoc
366 2249 500 2282 tempore
525 2245 662 2272 emittere
685 2246 713 2272 in
745 2245 861 2272 officina
892 2252 944 2273 tua
974 2244 1153 2272 elaboratum
1187 2246 1319 2274 libellum
1343 2246 1560 2275 Grammaticae
1583 2247 1712 2275 Latinae
1744 2256 1859 2283 meum,
1900 2247 1938 2273 ita
1970 2244 2088 2282 quidem
2119 2244 2142 2271 si

85 2287 140 2315 hoc
162 2287 233 2315 mihi
256 2295 313 2314 nou
337 2287 513 2315 contrarium
538 2287 667 2315 futurum
692 2288 738 2316 sit.
784 2288 846 2325 Ego
872 2296 958 2323 vero,
996 2289 1051 2315 etsi
1074 2297 1126 2325 pro
1151 2297 1186 2316 ea
1209 2289 1349 2326 amicitia,
1387 2300 1464 2328 qnae
1495 2290 1565 2318 mihi
1596 2299 1660 2317 cum
1687 2289 1830 2318 loachiiuo
1862 2296 1903 2317 tot
1934 2288 2016 2316 annis
2048 2288 2141 2314 inter-

87 2330 182 2367 cedit,
213 2329 350 2368 quicquid
375 2329 413 2357 de
438 2329 516 2357 illius
540 2331 658 2358 consilio
681 2331 819 2368 fecisses,
850 2331 964 2359 fueram
989 2331 1246 2368 comprobaturus,
1282 2339 1331 2360 tua
1362 2340 1459 2361 tamen
1492 2333 1693 2361 moderatione
1717 2343 1778 2362 sum
1812 2333 1993 2361 delectatus:
2034 2331 2141 2368 Neque

86 2374 136 2401 tibi
160 2373 254 2401 solum
277 2373 404 2401 libenter
428 2373 585 2410 permitto,
617 2380 647 2401 nt
671 2374 749 2401 hunc
775 2374 907 2401 libellum
932 2382 1030 2401 meum
1052 2373 1140 2411 edaS,
1169 2375 1220 2403 sed
1243 2385 1309 2402 cum
1333 2377 1404 2403 alios
1428 2386 1510 2404 meos
1534 2377 1591 2404 iam
1615 2378 1671 2405 tuis
1696 2377 1774 2414 typis
1799 2375 1988 2413 expressisti,
2013 2383 2067 2411 ago
2092 2372 2142 2399 tibi

87 2417 211 2454 gratias,
239 2421 328 2453 atque
352 2417 374 2443 si
399 2423 502 2453 potero
525 2416 663 2444 adiuvare
686 2424 806 2445 conatus
830 2423 910 2454 tuos,
940 2427 996 2444 non
1022 2417 1118 2454 patiar
1142 2419 1250 2455 requiri
1274 2420 1402 2447 studium
1428 2429 1536 2448 meum.
1590 2421 1667 2452 Quin
1692 2420 1780 2448 etiam
1806 2419 1986 2456 prooemium
2013 2427 2068 2444 non
2095 2424 2142 2441 re-

88 2459 262 2487 cusavissem
286 2459 434 2496 scrihere,
463 2460 486 2487 si
510 2459 662 2496 paululum
687 2460 771 2488 modo
795 2460 844 2488 otii
869 2461 1127 2498 suppeditavisset.
1182 2461 1256 2489 Nam
1286 2471 1342 2499 ego
1375 2463 1429 2489 hoc
1460 2469 1595 2501 tempore
1627 2464 1763 2500 gravibus
1795 2469 1823 2490 ct
1856 2461 1984 2488 molestis
2019 2459 2142 2496 negotiis

88 2510 150 2529 sum
174 2502 422 2539 occupatissimus.
468 2502 564 2530 Velim
590 2511 606 2529 a
630 2502 772 2530 loachimo
796 2503 907 2541 aliquid
931 2504 1027 2532 scribi.
1073 2503 1134 2531 Sed
1157 2504 1194 2532 de
1220 2504 1263 2532 his
1286 2515 1336 2533 vos
1359 2506 1512 2542 statuetis,
1545 2506 1683 2544 quicquid
1709 2512 1806 2533 autem
1830 2504 1979 2539 feceritis,
2018 2503 2071 2530 hoc
2096 2508 2142 2527 ule

88 2553 146 2572 non
169 2544 261 2572 solum
286 2546 494 2582 probaturum,
525 2545 576 2573 sed
601 2552 715 2582 gratum
740 2547 827 2574 etiam
853 2553 881 2574 et
904 2553 1057 2585 acceptum
1083 2546 1250 2575 habiturum
1275 2556 1340 2575 esse
1365 2549 1524 2585 polliceor,
1563 2550 1646 2577 Vale.
1684 2549 1748 2576 XV.
1772 2549 1897 2576 Calc-nd.
1923 2545 2107 2574 Novembris.

125 2714 156 2743 *J
177 2714 298 2745 Euripid.
320 2716 425 2745 Hippot.
445 2716 470 2740 8.

124 2766 174 2797 *ἢ
195 2767 273 2791 Conf.
292 2767 400 2792 Platon.
419 2768 504 2798 Legg.
521 2768 567 2793 Vl.
595 2770 678 2798 (Opp.
699 2769 747 2792 Ed.
770 2769 800 2792 Η.
822 2770 912 2799 steph,
933 2769 997 2793 Vol.
1011 2769 1055 2793 ΙΙΙ,
1079 2776 1105 2799 p.
1118 2769 1177 2794 766.
1197 2771 1254 2798 A.).
