2421 3037
280 119 355 155 303
892 117 1015 152 PHIL.
1051 118 1165 153 MEL.
1203 117 1409 153 SCRIPTA
1443 117 1783 154 PHILOLOGICA.
2264 121 2342 158 304

372 205 583 251 Optativus‚
627 217 698 250 quo
732 210 926 248 optamus,
969 216 1045 237 non
1075 204 1278 245 definimus,
1306 216 1309 225 ¹

268 259 356 305 quid
374 259 446 291 fiat.
502 257 675 301 Adeoque
703 256 900 300 degenerat
931 257 974 289 ab
998 256 1217 297 indicativo,
1241 264 1281 290 ut

268 312 315 344 ad
333 310 589 344 absolvendam
610 307 825 341 sententiam
850 309 925 341 fere
955 308 1128 342 adsciscat
1153 310 1279 342 adver-

267 363 366 395 bium
405 359 566 404 optandi.
642 359 794 392 Utinam
837 360 1000 394 moribus
1037 361 1280 405 exprimerent
1335 361 1464 399 verba,
1493 367 1532 394 ut
1552 373 1571 393 a
1591 372 1760 405 spernere
1778 361 1817 394 fit
1833 360 1880 407 88)
1909 360 2118 406 aspernari,
2150 367 2186 394 et
2208 374 2226 394 a
2253 363 2340 396 dare

268 412 450 448 Christum
478 411 670 451 mortales,
699 423 774 443 non
800 412 1038 456 profanarent
1064 413 1184 457 impiis
1210 413 1279 446 dis-
1334 413 1372 446 in
1399 412 1542 446 tertiam
1569 413 1728 456 migrant
1753 413 1975 457 composita,
2019 426 2037 445 a
2071 419 2231 447 sternere
2257 426 2341 447 con-

1305 205 1559 468 ¹vesperascit.
1629 205 1850 251 Quanquam
1884 211 2004 238 autem
2035 206 2235 251 composita
2260 206 2342 241 imi-

269 463 519 510 putationibus
536 462 593 510 ⁸²).
671 463 780 507 Apud
816 463 1052 505 Terentium,
1095 464 1145 498 Ut
1177 465 1279 498 illurn
1333 471 1515 505 sternare,
1551 476 1570 496 a
1596 464 1716 509 specio
1744 465 1938 509 suspicari,
1974 477 1992 497 a
2019 464 2111 498 facio
2133 465 2342 509 gratificari,

1304 958 1308 993 Ι

1332 263 1453 290 tentur
1479 256 1770 301 coniugationem
1798 257 2036 301 simplicium,
2079 263 2119 290 ut
2141 258 2233 291 facio
2260 259 2342 300 feci,

1333 309 1484 342 conficio
1523 309 1679 349 confeci,
1724 315 1848 342 tamen
1884 310 2105 354 degenerant
2141 309 2340 356 aliquando

270 517 331 550 Dii
351 515 522 561 Deaeque
543 527 668 548 omnes
686 516 853 558 perdant.
1335 529 1354 550 a
1373 523 1476 550 verto
1493 523 1659 550 revertor
1678 522 1712 550 et
1729 516 1908 556 divertor,
1937 517 2158 561 deponentia
2167 515 2228 564 ⁸³).

371 567 648 606 Subiunctivus,
691 568 739 599 ita
763 573 938 607 vocatur,
978 568 1076 613 quod
1101 567 1171 601 nisi
1197 568 1279 601 sub-

269 620 412 653 iiciatur
430 619 534 652 alteri
552 618 729 659 orationi,
758 631 822 663 per
838 631 914 652 sese
934 631 1009 652 non
1028 620 1182 653 absolvit
1200 631 1279 652 sen-

268 672 441 711 tentiam,
470 677 509 705 ut
525 669 576 704 Ita
596 671 742 704 demum
763 670 948 705 florebunt
975 671 1101 711 urbes,
1137 671 1166 704 si
1194 683 1279 715 pue-

268 736 327 758 ros
343 722 504 757 honestis
522 722 721 767 disciplinis
740 724 784 755 ad
809 723 979 756 virtutem
1006 723 1279 756 adsuefecerint.

370 774 572 809 Infinitivus
591 774 735 808 additur
755 774 833 808 aliis
852 775 968 808 modis
981 802 990 815 ,
1018 775 1113 808 unde
1138 780 1280 808 mutue-

271 834 329 861 tur
347 827 392 872 85)
418 839 613 872 personam
643 833 678 859 et
701 838 917 867 numerum,
961 833 1021 865 ut,
1056 825 1279 859 Beneficium

270 880 451 924 accipere,
480 879 682 912 libertatem
704 879 861 911 vendere
883 885 945 912 est.
1334 890 1427 923 quae
1453 878 1551 912 iuxta
1579 890 1751 923 personas
1776 878 1983 917 variantur3
2020 878 2090 911 alia
2116 879 2343 924 impersona-

374 929 414 963 In
425 930 472 978 ⁸⁶)
491 931 619 964 modos
638 931 827 963 commode
846 930 1016 963 videntur
1031 929 1158 962 referri
1175 941 1278 974 posse
1305 944 1307 956 ι
1333 930 1379 962 lia
1392 956 1401 969 ,
1428 942 1520 975 quae
1538 942 1647 963 unam
1667 942 1793 963 vocem
1812 930 1970 963 incertae
1992 942 2169 974 personae
2192 928 2342 971 habent,

271 982 407 1027 Supina
427 989 461 1016 et
480 982 665 1016 Gerundia
679 1009 688 1022 ,
716 983 759 1015 de
784 994 940 1028 quorum
962 994 1028 1016 usu
1047 994 1086 1014 ac
1102 981 1279 1026 significa·
1334 987 1373 1015 ut
1389 982 1541 1026 legitur,
1571 988 1736 1027 oportet,
1763 983 1805 1015 de
1823 981 1953 1027 quihus
1968 981 2063 1015 infra
2080 981 2251 1016 dicemus.

271 1035 369 1068 tione
385 1035 422 1067 in
440 1034 589 1080 Syntaxi
606 1034 880 1079 praecipiemus.

1711 603 1960 636 Personae.

1437 671 1614 705 Personas
1638 684 1762 706 sensus
1786 671 1989 705 communis
2013 671 2196 707 discernit.
2249 672 2344 716 Sunt

1334 729 1453 756 autem
1472 729 1561 757 tres:
1590 723 1734 763 Prima,
1761 736 1826 768 ego
1842 724 1939 768 lego;
1969 723 2154 764 Secunda,
2182 730 2222 757 tu
2236 724 2341 768 legis;

1334 774 1479 815 Tertia,
1508 775 1567 807 ille
1584 775 1680 818 legit.

1439 826 1531 860 Sunt
1553 832 1674 859 autem
1700 826 1856 871 duplicia
1874 827 2005 868 verba,
2034 827 2105 860 alia
2122 824 2342 872 personalia,

371 1087 557 1120 Gerundia
577 1087 670 1120 dicta
689 1092 792 1126 sunt,
821 1087 919 1131 quod
937 1097 1060 1130 gerere
1075 1092 1109 1118 et
1125 1084 1279 1118 admini-
1737 1066 1770 1101 N
1781 1079 1804 1100 u
1815 1079 1849 1099 m
1863 1079 1880 1099 e
1891 1079 1941 1101 ¹¹·

267 1145 381 1173 strare
401 1139 539 1185 aliquid
556 1138 769 1183 significent,
799 1144 850 1178 ut,
878 1138 992 1182 surgit
1009 1138 1054 1170 ad
1072 1137 1278 1171 dicendum.
1545 1135 1765 1180 Singularis,
1873 1141 1913 1169 ut
1929 1135 2022 1180 lego.

375 1190 522 1236 Supinis
547 1191 690 1224 videtur
715 1202 852 1223 nomen
876 1189 960 1223 inde
985 1190 1141 1230 sactum,
1180 1190 1277 1235 quod
1547 1187 1725 1227 Pluralis,
1866 1193 1907 1220 ut
1924 1187 2087 1231 legimus.

270 1249 353 1276 ante
371 1255 407 1276 se
426 1255 546 1277 casum
563 1255 639 1276 non
656 1240 814 1276 habeant
825 1241 885 1289 ⁸⁷).
1645 1271 2021 1307 Coniuoationes

1805 1297 1822 1316 ζ,
2024 1298 2032 1306 .

646 1328 674 1361 F
692 1342 703 1361 1
722 1342 742 1373 g
759 1341 782 1362 u
799 1340 818 1361 Υ
834 1341 852 1361 1¹
874 1340 903 1362 e·
1439 1341 1606 1386 Quatuor
1625 1347 1718 1375 sunt.
1763 1339 1908 1373 Primae
1926 1337 2111 1375 character
2129 1347 2182 1376 est
2196 1353 2216 1375 a
2233 1343 2344 1386 longa

375 1397 494 1430 Duae:
525 1396 703 1442 Simplex,
733 1403 771 1430 ut
789 1397 888 1441 leg03
919 1396 1143 1441 Composita,
1171 1402 1209 1429 ut
1227 1395 1279 1428 in·
1307 1424 1308 1428 ,
1335 1395 1373 1427 in
1399 1393 1600 1433 infinitivo,
1644 1399 1683 1426 ut
1708 1393 1835 1431 beare;
1878 1391 2064 1426 Secundae
2089 1405 2107 1426 e
2131 1393 2262 1438 longa,
2305 1400 2346 1427 ut

270 1449 402 1493 telligo.
458 1448 715 1493 Decomposita
734 1455 867 1482 vocant
887 1461 928 1482 ex
947 1447 1157 1492 compositis
1173 1448 1280 1489 2nata,
1306 1486 1309 1488 ¹
1334 1447 1483 1483 docere;
1527 1445 1672 1478 Tertiae
1690 1456 1714 1489 ¹e
1740 1443 1880 1484 brevis,
1909 1450 1949 1477 ut
1967 1445 2140 1483 condere;
2182 1445 2344 1490 Quartae

269 1508 309 1535 ut
327 1500 596 1546 perterrefacio.
643 1500 710 1534 Hic
728 1501 831 1545 pueri
854 1500 1074 1534 mutationes
1092 1499 1279 1532 literarum
1307 1501 1309 1505 ⁴
1335 1498 1469 1541 ilonga
1482 1523 1490 1537 ‚
1518 1503 1557 1529 ut
1575 1496 1735 1529 condire.

271 1559 305 1587 et
334 1565 449 1586 crases
477 1553 689 1592 observent,
724 1559 763 1585 ut
790 1553 929 1592 afficio,
976 1564 1018 1585 ex
1043 1552 1089 1584 ad
1118 1557 1152 1584 et
1174 1550 1280 1591 facio,
1438 1548 1503 1582 Est
1529 1554 1648 1581 autem
1677 1548 1842 1592 analogia
1873 1548 1910 1581 in
1938 1546 2194 1591 coniugatione
2217 1548 2344 1589 facilis,

270 1618 380 1650 cogo,
410 1605 512 1650 quasi
537 1616 669 1648 coago,
699 1604 867 1638 concutio
890 1616 909 1637 a
938 1602 1083 1649 quatio,
1119 1615 1279 1636 successo
1336 1607 1370 1634 et
1388 1612 1479 1646 quae
1498 1600 1598 1633 nullo
1625 1600 1770 1644 negotio
1796 1612 1838 1633 ex
1853 1599 2001 1634 Donato
2026 1599 2195 1644 cognosci
2219 1600 2344 1645 possit.

271 1670 289 1690 a
324 1669 474 1703 quasso,
519 1663 552 1689 et
585 1657 714 1696 redeo,
755 1657 777 1689 d
811 1655 1045 1701 interposita,
1091 1667 1157 1700 pro
1183 1667 1281 1695 reeo,
1334 1651 1375 1686 In
1398 1652 1602 1697 praeteritis
1631 1658 1665 1684 et
1694 1651 1833 1696 supinis
1858 1658 1910 1686 est
1933 1652 2107 1692 varietas,
2146 1664 2239 1697 quae
2265 1651 2345 1685 dili-

272 1708 421 1754 porrigo
448 1721 465 1740 a
492 1720 602 1753 porro
627 1715 661 1740 et
691 1720 799 1752 rego,
847 1708 1028 1753 portendo
1062 1719 1079 1739 a
1106 1719 1218 1751 porro
1248 1713 1282 1740 et
1336 1712 1460 1750 genter
1486 1710 1537 1738 est
1562 1703 1683 1748 pueris
1710 1704 1959 1748 perdiscenda.
2029 1702 2109 1737 Nisi
2139 1703 2235 1736 enim
2261 1716 2346 1737 con-

271 1762 393 1794 tendo.
1335 1756 1558 1801 iugationein
1578 1761 1753 1800 tanquam
1779 1754 1911 1798 digitos
1938 1765 2148 1799 unguesque
2171 1765 2256 1788 suos
2279 1766 2345 1787 no-

377 1811 430 1844 De
446 1812 509 1845 tali
529 1811 730 1845 mutatione
757 1811 946 1845 literarum
976 1817 1010 1844 et
1033 1811 1071 1843 in
1095 1810 1282 1855 praeposi-
1336 1809 1410 1842 rint
1429 1806 1670 1847 exactissime,
1706 1818 1782 1839 non
1808 1818 1893 1839 raro
1915 1807 1954 1838 in
1969 1805 2088 1839 medio
2105 1817 2273 1839 sermone
2289 1817 2345 1839 re-

272 1864 431 1897 tionibus
463 1870 497 1897 et
527 1863 562 1896 in
595 1863 733 1904 verbis,
775 1863 1002 1908 praecipitur
1027 1863 1066 1895 in
1091 1860 1282 1907 orthogra-
1336 1861 1462 1895 sistent
1479 1866 1514 1893 et
1532 1859 1801 1898 obmutescent,
1831 1870 1912 1891 curn
1938 1862 2162 1890 commutare
2179 1869 2247 1901 pro
2266 1869 2345 1891 sen-

273 1913 371 1961 phia.
1336 1912 1533 1947 tentiarum
1568 1910 1743 1943 varietate
1774 1909 1970 1943 verborum
2007 1921 2107 1943 casus
2132 1921 2209 1942 non
2240 1915 2346 1954 pote-

377 1967 469 2001 Sunt
501 1966 722 2000 admonendi
754 1966 878 2011 pueri,
924 1967 1023 2012 quod
1051 1966 1282 2012 quorundam
1337 1971 1434 1999 runt.
1483 1963 1672 2008 Quaedam
1692 1962 1800 1995 verba
1818 1967 1956 1995 veteres
1972 1960 2072 1994 varie
2091 1961 2346 2007 coniugarunt,

273 2019 559 2064 compositorum
578 2017 737 2052 themata
758 2031 834 2052 non
854 2025 994 2052 extant:
1032 2019 1161 2058 fendo,
1187 2019 1283 2051 unde
1338 2023 1378 2051 ut
1392 2016 1505 2051 strido
1523 2013 1663 2055 stridis,
1693 2020 1728 2047 et
1746 2013 1881 2047 strideo
1899 2012 2048 2054 strides,
2076 2014 2199 2058 potior
2216 2014 2346 2059 potiris

274 2072 448 2111 defendo,
492 2071 658 2109 offendo;
709 2070 850 2115 specio,
894 2071 990 2104 unde
1024 2069 1160 2113 aspicio
1199 2076 1283 2106 etc.;
1338 2069 1497 2114 potitur,
1532 2067 1569 2099 in
1589 2065 1893 2112 quartailonga,
1931 2072 1966 2100 et
1989 2065 2156 2125 potitur&
2182 2066 2221 2100 in
2238 2066 2345 2100 tertia

274 2123 416 2168 perior,
459 2124 553 2157 unde
587 2122 771 2168 experior3
816 2122 944 2167 pedio,
984 2122 1081 2154 unde
1115 2121 1284 2166 expedio;
1311 2121 1351 2188 li
1381 2119 1504 2160 brevi,
1553 2116 1637 2152 hinc
1668 2118 1779 2163 potiri
1815 2119 1986 2159 dicimus,
2033 2124 2072 2152 et
2103 2118 2193 2152 oriri
2227 2118 2347 2160 oriris,

275 2175 352 2215 leo,
386 2175 422 2209 id
448 2181 518 2216 est,
553 2175 649 2215 lino,
686 2175 781 2208 unde
807 2174 922 2208 deleo.
992 2172 1173 2206 Videntur
1203 2179 1237 2206 et
1265 2186 1283 2205 a
1312 2172 1462 2229 quarti
1480 2170 1634 2208 ordinis;
1663 2176 1746 2204 sunt
1764 2170 1895 2217 reliqui
1912 2182 2012 2205 casus
2027 2171 2100 2204 fere
2118 2170 2228 2205 tertii.
2262 2170 2347 2205 Non

277 2226 423 2261 Graecis
442 2228 621 2274 quaedam
639 2233 743 2267 nata,
772 2232 812 2260 ut
827 2226 1007 2270 suffragor
1030 2237 1049 2258 a
1077 2213 1314 2278 φράζο,ιιαι,;
1312 2239 1313 2245 ’
1341 2225 1436 2259 enim
1459 2223 1610 2258 dicimus
1631 2222 1747 2256 oritur
1766 2223 1776 2255 i
1793 2223 1914 2267 longa.
1972 2223 2031 2257 Sic
2055 2229 2090 2256 et
2114 2222 2348 2257 vetustissimi

278 2278 456 2320 delibero,
500 2286 534 2312 et
570 2279 703 2323 impleo
731 2290 748 2311 a
776 2280 878 2317 aad„
922 2277 1080 2323 percello
1109 2289 1127 2310 a
1153 2276 1283 2321 κέλλω,
1312 2253 1315 2356 ἱ
1340 2277 1479 2311 morior
1499 2275 1600 2308 varie
1619 2274 1880 2319 coniugarunt,
1909 2288 2005 2309 nunc
2020 2275 2127 2308 tertio
2148 2273 2347 2321 tantumffl)

277 2343 426 2371 moveo,
469 2331 629 2376 impello.
701 2330 891 2376 Quaedam
920 2343 961 2364 ex
988 2329 1199 2363 nominibus
1223 2341 1286 2362 na-
1342 2329 1468 2364 ordine
1485 2327 1651 2361 flectitur.

277 2389 445 2423 SCUUUU‘
473 2389 513 2417 Ut
534 2388 729 2428 Pernocto,
765 2380 1005 2423 ΜὍῙῚΠΕΕῘΟΓ,
1034 2375 1315 2426 PhssOSOPhOI',
1313 2401 1315 2415 ν
1444 2389 1561 2423 Porro
1581 2387 1771 2433 praeteriti
1795 2387 1982 2421 indicativi
2009 2399 2129 2421 casum
2155 2386 2347 2420 imitantur

277 2447 362 2467 nam
385 2441 419 2468 et
435 2435 546 2468 multa
564 2434 739 2479 simplicia
761 2447 778 2467 a
799 2434 1010 2468 nominibus
1030 2433 1219 2473 oriuntur,
1248 2440 1288 2467 ut
1341 2440 1535 2488 praeterita
1553 2441 1591 2473 in
1610 2440 1689 2474 aliis
1712 2440 1850 2480 modis,
1878 2440 2039 2474 futurum
2065 2439 2171 2472 etiam
2197 2438 2348 2472 confina..

277 2514 306 2518 -
331 2515 340 2516 ff
402 2514 480 2517 ’ῤ’
1342 2494 1438 2528 ctivi.
1492 2492 1567 2526 Iam
1595 2498 1629 2525 et
1654 2489 1722 2525 hoc
1750 2492 1923 2525 monendi
1949 2498 2032 2525 sunt
2047 2490 2170 2536 pueri,
2199 2491 2297 2536 quod
2317 2490 2348 2525 si

315 2562 362 2593 84)
384 2561 496 2585 Utinam
514 2574 547 2577 —-
567 2562 825 2591 disputationibus]
846 2562 930 2587 Editt.
959 2562 1051 2593 1546„
1072 2568 1096 2585 s.
1110 2567 1150 2586 a.:
1178 2561 1289 2585 Utinam

350 2597 428 2627 pueri
454 2597 644 2626 obtemperent
676 2597 922 2627 praeceptoribus,
963 2597 1067 2621 utinam
1099 2598 1289 2627 obtemperent
1316 2619 1317 2624 ,

354 2631 484 2661 Christo,
516 2632 685 2661 promittenti
710 2633 769 2656 huic
788 2631 874 2656 aetati
894 2638 1013 2662 reguum
1033 2632 1185 2659 coelorum.
1316 2633 1317 2654 ζ
1376 2620 1425 2653 88)
1446 2619 1487 2653 fit]
1509 2622 1543 2644 ab
1563 2620 1613 2646 Ed·
1630 2627 1653 2646 ³·
1673 2626 1697 2644 a·
1718 2621 1807 2644 abe&-

317 2675 367 2703 85)
385 2676 542 2704 mutuetur]
563 2675 647 2698 Editt.
671 2676 762 2707 15⁴6„
782 2683 805 2700 s.
819 2681 862 2700 a.:
889 2676 1031 2700 mutuatur
1316 2670 1318 2681 ¹
1377 2673 1427 2701 89)
1447 2672 1588 2702 divertor,
1607 2671 1786 2703 deponentia]
1806 2670 1890 2694 Editt.
1907 2670 2001 2700 1546.‚
2020 2675 2042 2695 ε.
2058 2675 2099 2696 a.:
2132 2669 2259 2695 divertor
2277 2669 2347 2694 fiunt

319 2717 367 2749 86)
387 2719 433 2747 ln]
453 2719 538 2744 Edstt.
555 2718 651 2749 1546„
673 2726 695 2742 s.
711 2725 752 2743 a.:
779 2720 820 2742 Ad
1317 2728 1319 2748 2
1413 2707 1589 2737 ‘¹01‘011ffl1fia-

322 2761 371 2789 87)
390 2762 532 2792 habeant]
551 2762 636 2788 Editt.
656 2763 748 2793 1546„
770 2770 793 2787 s.
808 2768 850 2787 a.:
878 2763 988 2787 habent.
1318 2769 1320 2775 ⁴
1378 2759 1425 2790 90)
1445 2760 1567 2788 tantum]
1581 2759 1623 2783 sic
1638 2759 1721 2784 Editt.
1740 2758 1831 2789 1546„
1852 2764 1875 2781 3.
1892 2762 1935 2787 a.;
1955 2756 2039 2782 Editt.
2055 2757 2142 2788 1526„
2163 2756 2238 2782 1529.
2255 2756 2346 2779 tamen
