2453 3037
315 124 362 158 91
884 115 1006 149 PHIL.
1045 114 1157 148 MEL.
1191 112 1394 148 SCRIPTA
1427 111 1765 147 PHILOLOGICA.

419 207 563 251 ἑμμελω
578 202 697 249 ἠΗιιιιέλ
701 215 780 237 ουν.
823 201 920 234 Sicut
938 201 1030 245 apud
1044 199 1311 234 N·17,i1nzenum

316 261 353 293 in
370 259 409 292 Ρ
413 270 514 302 meg)
519 256 546 289 ri
566 256 602 288 in
618 252 749 287 Athin
753 253 854 286 isium
871 249 1086 298 ἠῌιιιιελήθη,
1105 252 1138 284 id
1158 258 1220 291 est,
1247 264 1282 296 p
1275 264 1313 284 ar

315 311 393 344 fuit.
450 283 543 342 Cnaxe
559 308 653 349 legas
670 301 857 350 ἠμελήθη,
886 311 925 337 ut
951 304 988 335 in
1004 303 1138 337 Aldicis
1167 300 1312 337 ἐκτετύ-

315 373 447 397 πωται.
507 359 562 391 Sic
580 363 631 390 est
648 362 764 388 autem
785 356 879 399 apud
896 355 1131 399 Gregorium:
1167 352 1313 388 τούτων

310 409 552 449 Ἀθανάσιος,
582 408 658 446 τοῖς
672 404 742 452 μὲν
764 403 984 452 ἠιιμελήθη,
1012 407 1089 441 τῶν
1113 402 1152 440 δὲ
1177 403 1312 451 μικρὸν

316 460 523 507 ἀπελείφθη
536 485 545 503 ,
572 458 645 493 ἐστι
669 455 708 492 δὲ
725 471 789 496 ου,Ί
805 455 869 492 καὶ
886 455 1089 504 ὑπερεσχεν
1107 462 1171 489 etc.

469 509 608 558 ἐνέγκω
811 508 984 557 ἤνεγκον.

419 563 501 596 Not
497 568 601 594 untur
639 567 757 592 tamen
795 561 909 605 quaed
916 573 992 599 ¹11n,
1044 566 1081 591 ut
1120 554 1310 601 ἀπολαύω,

316 613 514 650 ἀπέλαυον.
565 612 756 657 ἐπιχειρῶ,
799 609 1024 658 ἐπεχείρουν.
1077 607 1310 657 ἐγκωιιιοέζω,

316 662 585 709 ἐνεκωμίαζον,
624 663 719 707 apud
747 661 938 696 Isocratem
965 662 1001 695 in
1026 662 1204 705 Panegyr.
1265 660 1312 692 Et

316 729 407 762 quae
433 715 624 760 utrobique
655 720 852 757 augentur,
898 713 1057 758 ἐνοχλῶ,
1101 708 1309 757 ἠιωχλουν.

316 767 501 813 ἁνορθῶ,
554 762 772 811 ἢνώοθουν.
835 763 1043 808 ἀνέχομαι,
1096 761 1310 808 ἠνειχόμην,

316 826 379 852 etr.
396 819 439 864 ¹¹).

625 883 785 916 Tertia
824 883 996 926 regula.

417 946 518 990 Quae
558 943 754 987 composita
794 944 917 975 eadem
954 941 1213 986 significatione
1242 952 1309 984 pro

313 996 534 1042 simplicibus
558 1001 797 1039 usurpantur,
825 994 860 1027 id
888 1000 958 1033 est,
987 1006 1143 1039 quorum
1164 1003 1310 1035 compo—

313 1049 395 1083 sitio
414 1047 585 1091 simplicis
603 1046 899 1090 significationem
920 1057 994 1078 non
1015 1051 1151 1084 mutat,
1179 1054 1310 1087 augen-

314 1107 372 1133 tur
389 1100 492 1132 initio
514 1098 728 1141 simplicium
747 1099 869 1130 inodo.

469 1149 544 1183 ἔπω
716 1147 832 1182 ἐνέπω

466 1199 535 1241 ἵζω
717 1197 865 1242 καθίζω

990 1147 1127 1192 ἤνεπον

989 1195 1179 1240 ἐκάθιζον.

624 1277 802 1321 Quarta
831 1277 1001 1320 regula.

417 1337 505 1371 Cum
541 1336 761 1381 praepositio
791 1336 889 1368 verbi
921 1336 1157 1379 significatum
1184 1338 1310 1371 mutat,

315 1395 463 1433 augetur
483 1389 630 1421 verbum
643 1415 652 1425 ,
680 1400 754 1420 non
774 1387 1005 1431 praepositio.

467 1437 661 1486 καταλέγω
865 1438 1062 1485 κατέλεγον

472 1489 674 1535 ἀναβάλλω
867 1488 1077 1535 ἀνέβαλλον

471 1538 648 1586 καθαίρω
866 1541 1040 1585 καθῆρον

472 1593 632 1637 μετοικῶ
866 1590 1062 1637 μετῴκουν

473 1640 804 1690 παραδειγματίζω
866 1638 1214 1690 παρεδειγμάτιζον.

420 1694 485 1728 Hic
504 1694 731 1727 admonitum
749 1694 833 1727 volo
857 1706 1026 1738 puerum,
1065 1693 1230 1726 observet
1250 1703 1311 1723 vo-

317 1749 446 1780 calium
485 1746 650 1779 elisiones
670 1772 678 1785 ‚
732 1746 814 1778 item
853 1751 1086 1788 cognatarum
1124 1743 1309 1776 literarum

316 1795 615 1845 ξυμβολίσμους,
657 1803 697 1829 ut
731 1795 937 1843 συμβάλλω
968 1794 1218 1841 συνέβαλλον,
1250 1793 1312 1826 ubi

315 1863 382 1895 pro
397 1863 420 1884 ν
437 1855 512 1884 erat
530 1861 569 1893 μ.

418 1900 612 1944 καθαιρῶ,
640 1912 681 1932 ex
698 1897 793 1933 κατά
814 1905 847 1932 et
871 1898 983 1944 αἱρῶ,
1022 1897 1083 1931 ubi
1106 1910 1129 1932 α
1155 1896 1311 1935 eliditur,

316 1967 336 1987 τ
362 1953 397 1985 in
423 1952 454 1985 θ
477 1957 657 1989 mutatur,
699 1951 870 1995 quoniam
905 1962 996 1995 quae
1022 1949 1184 1994 sequitur
1212 1947 1312 1980 verbi

317 2003 450 2037 vocalis
470 2002 625 2047 aspirata
646 2008 718 2041 est,
746 1998 958 2047 καθῄρουν.

418 2054 515 2087 Idem
541 2053 672 2086 dixeris
710 2053 839 2093 etiam,
873 2053 903 2086 si
927 2053 1047 2097 plures
1076 2050 1112 2082 in
1136 2049 1312 2094 composi-

318 2106 414 2138 tione
447 2111 530 2138 sunt
560 2104 863 2149 praepositiones,
914 2110 953 2137 ut
995 2100 1314 2149 παρεξηυλημένος

317 2159 425 2197 νοῦς,
457 2157 618 2189 turbatus
638 2155 796 2193 animus;
827 2153 1038 2200 metaphora
1057 2159 1108 2187 est
1124 2167 1140 2185 a
1162 2152 1312 2185 turbatis

318 2208 461 2251 lingulis
481 2207 663 2240 tibiarum.

422 2259 538 2291 Porro
555 2260 631 2292 τῶν
647 2256 718 2304 πρὸ
737 2256 799 2292 καὶ
816 2256 899 2302 περί
922 2258 1060 2290 vocales
1083 2268 1156 2289 non
1176 2255 1313 2288 elidun-

319 2317 396 2349 tur,
427 2316 466 2343 ut
483 2308 684 2356 προβάλλω
704 2308 954 2355 προίβαλλον,
985 2315 1019 2341 et
1038 2321 1074 2343 οε
1092 2308 1128 2340 in
1146 2319 1191 2341 ov
1208 2319 1313 2350 saepe

320 2367 560 2401 commutata,
588 2359 845 2406 προύβαλλον,
875 2362 970 2405 quod
995 2360 1143 2394 verbum
1171 2358 1314 2398 obiicio‚

320 2424 487 2457 propono
521 2413 706 2456 significat.
775 2411 879 2444 Unde
909 2409 1109 2458 πρόβλημα
1141 2416 1192 2444 est
1216 2411 1313 2456 quod

320 2464 549 2509 proponitur.
620 2462 671 2496 lta
702 2469 820 2496 autem
852 2476 892 2496 ex
918 2476 974 2504 οε,
1018 2477 1062 2499 ου
1090 2464 1128 2496 fit
1166 2468 1200 2495 et
1237 2462 1314 2496 aliis

321 2516 451 2550 verbis.

425 2564 699 2612 περικοκκύζω,
736 2563 1029 2612 περιεκόκκυζον.

323 2616 458 2661 phanes
483 2614 749 2665 περιεκόκκυσα
773 2614 952 2663 κόρδακα.

1098 2565 1154 2598 Sic
1177 2565 1314 2599 Aristo-

355 2700 386 2731 4)
407 2702 541 2726 Notantur
561 2716 593 2720 —-
612 2703 680 2731 etc]
705 2702 744 2726 sic
773 2703 928 2731 Ed.1542.;

391 2736 497 2759 desunt.

965 2702 991 2726 in
1018 2701 1101 2726 Editt.
1120 2700 1185 2725 ¹522
1194 2714 1228 2718 —
1237 2702 1312 2726 ¹541.

2313 114 2365 152 92

1471 197 1535 232 Est
1551 205 1670 232 autem
1688 205 1728 233 ut
1743 197 1811 232 hoc
1831 211 1894 232 ceu
1913 198 2112 232 auctarium
2139 196 2204 233 καὶ
2223 197 2364 246 πάρερ-

1362 263 1433 298 γον
1457 250 1645 291 adiiciam,
1680 250 1823 284 Cordax
1853 249 1987 284 comica
2015 249 2180 290 saltatio,
2221 250 2362 285 enervis

1365 314 1405 334 ac
1428 301 1617 341 indecora,
1663 302 1762 336 cuius
1796 302 1926 346 opinor
1958 301 2116 346 aliquam
2141 301 2295 345 speciem
2324 301 2363 335 in

1364 353 1538 388 Atellanis
1560 353 1743 386 mansisse.
1803 353 1859 386 Ad
1882 366 1960 387 eam
1988 353 2108 387 allusit
2135 352 2173 385 in
2189 351 2361 397 Adelphis

1365 404 1556 439 Terentius
1567 401 1781 452 [4,8‚34.]:
1810 404 1868 438 Tu
1886 405 1979 437 inter
1996 417 2054 438 eas
2069 404 2192 438 restim
2209 405 2362 439 ductans

1364 456 1523 497 sanabis,
1544 457 1579 489 id
1599 463 1667 496 est,
1693 453 1951 502 κορδακισμὸν
1969 468 2088 500 agens.
2141 455 2232 489 Vide
2250 453 2362 490 Athe-

1364 519 1494 541 naeum
1516 509 1553 541 in
1580 507 1638 543 14.
1656 508 1716 541 lib.
1770 506 1816 540 Et
1833 519 1899 541 nos
1919 507 2006 541 alias
2023 507 2201 552 pluribus;
2229 519 2360 552 parum

1365 559 1458 592 enim
1486 561 1538 592 ad
1559 572 1634 593 rem
1662 559 1835 599 attinent,
1873 570 1964 604 quae
1988 559 2066 592 istic
2090 571 2109 592 a
2128 558 2295 599 Donato,
2331 558 2360 592 si

1364 611 1473 643 modo
1491 610 1626 658 γνήσια
1644 617 1746 649 sunt,
1775 608 1991 644 scribuntur.

1694 687 1829 720 Sexta
1858 686 1990 730 regul
2003 699 2035 719 a.

1458 756 1536 793 Δυς
1553 761 1586 787 et
1604 767 1644 788 ευ
1661 754 1697 786 in
1714 754 1892 799 plerisque
1910 766 1983 786 non
2002 759 2199 793 mutantur,
2221 759 2260 786 ut
2273 751 2360 792 ὃυς-

1363 807 1508 851 apaan&
1525 803 1788 851 ὃυςηρέστουν,
1816 803 1996 852 εὐεργετῶ
2014 802 2235 850 εὐεργέτουν
2254 811 2319 837 etc.

1464 856 1561 890 Alibi
1585 862 1790 896 mutantur,
1815 862 1854 888 ut
1871 854 2043 900 δυςῖυχῶ
2062 854 2310 900 ἑδυςϊύχουν,
2339 868 2357 887 a

1364 920 1434 952 quo
1459 904 1768 953 δεδυςτυχηκέναι
1793 908 1890 951 apud
1914 905 2009 939 Isoci
2012 913 2105 939 atem
2139 906 2176 938 in
2198 904 2360 946 Archid„

1363 957 1527 1002 εὐτυχῶ,
1573 971 1775 1004 ηυτυχουν.
1847 957 1939 990 Hinc
1974 955 2230 1003 διηυτύχησαν
2262 958 2358 1002 apud

1363 1007 1586 1042 Athenieum
1607 1010 1667 1043 lib.
1690 1011 1748 1045 12
1764 1010 1808 1053 ⁵)-

1462 1058 1585 1105 εΟμιῦς
1617 1067 1735 1093 autem
1772 1067 1805 1093 et
1837 1073 1860 1094 α
1887 1059 2073 1093 steriticon
2098 1065 2273 1103 perpetuo
2298 1071 2358 1091 va-

1364 1111 1516 1150 riantur,
1546 1118 1584 1144 ut
1608 1110 1780 1159 ὁμολογῶ
1794 1107 2036 1158 ὡμολόγουν,
2065 1108 2224 1156 ἀφρονιῦ
2239 1106 2358 1157 ἢφρό-

1362 1175 1469 1196 νουν.

1467 1213 1647 1246 Hactenus
1678 1215 1720 1246 de
1753 1212 1972 1247 formatione
2009 1212 2147 1256 primae
2184 1224 2359 1257 personae

1364 1264 1548 1308 praeteriti
1573 1264 1789 1309 imperfecti;
1818 1263 1976 1309 reliquas
2001 1276 2042 1296 ex
2065 1263 2124 1296 illa
2149 1264 2296 1308 fingito,
2320 1269 2361 1298 nt

1364 1316 1550 1360 analogica
1569 1316 1685 1348 forma
1704 1316 1823 1353 vides,
1853 1315 1986 1360 quippe
2012 1326 2104 1360 quae
2131 1314 2216 1348 solis
2241 1311 2361 1363 ἐγκλί-

1364 1377 1463 1408 σεσι,
1500 1367 1535 1399 id
1559 1373 1629 1406 est,
1672 1367 1838 1400 finalibus
1864 1366 2073 1399 desinentiis
2094 1377 2113 1397 a
2138 1365 2254 1409 prima
2281 1378 2360 1409 per-

1363 1430 1449 1450 sona
1470 1418 1631 1457 variant,
1659 1424 1699 1451 ut
1717 1417 1876 1452 ἔτυπτον
1896 1416 2046 1455 ἔτυπτες
2061 1415 2215 1459 ἔτυπτε,
2243 1422 2277 1449 et
2294 1428 2358 1459 pro

1364 1468 1513 1509 ἔτυπτε,
1542 1468 1660 1501 Ionice
1676 1465 1867 1504 τύπτεσκε.
1908 1467 2018 1502 Cuius
2034 1474 2066 1500 te
2084 1467 2286 1511 pleonasmi
2303 1465 2361 1500 hic

1364 1520 1565 1560 admoneo,
1596 1521 1693 1566 quod
1709 1532 1886 1566 nusquam
1904 1519 1940 1551 in
1959 1519 2118 1552 Homero
2138 1531 2212 1552 non
2238 1531 2360 1552 occur-

1364 1578 1420 1603 rat
1436 1571 1473 1603 in
1492 1571 1605 1605 tertiis
1622 1571 1784 1616 personis
1808 1570 1992 1615 praeteriti
2018 1571 2219 1614 imperfecti
2241 1570 2361 1611 activi,

1365 1634 1406 1654 ac
1439 1623 1593 1655 duorum
1630 1623 1869 1662 aot-istorum,
1904 1628 1944 1655 ut
1972 1623 2009 1654 in
2037 1623 2193 1656 secundo
2228 1621 2360 1656 Iliados

1365 1671 1436 1721 [vs.
1455 1671 1560 1721 100.]
1589 1671 1848 1720 ὁμοκλήσασκέ
1868 1686 1906 1707 τε
1931 1670 2069 1720 μύθῳ,
2107 1672 2143 1706 id
2171 1679 2243 1713 est,
2280 1685 2359 1705 ora-

1365 1726 1463 1758 tione
1491 1723 1700 1759 cohortatus
1725 1732 1788 1758 est.
1841 1725 1931 1758 Erat
1956 1725 2052 1757 enim
2075 1722 2163 1757 haec
2187 1724 2362 1768 regularis

1364 1777 1500 1816 forma,
1527 1774 1675 1822 ὁμοκλῶ
1699 1774 1918 1821 ιῦμόκλουν,
1961 1782 1994 1808 et
2012 1776 2048 1808 in
2069 1776 2203 1809 aoristo
2228 1775 2362 1819 primo,

1365 1824 1565 1873 (ἱμόκλησα
1594 1826 1812 1873 ὠμόκλησας
1844 1824 2047 1871 ὠμόκλησε.
2115 1826 2206 1859 Hinc
2239 1826 2360 1859 ablato

1366 1885 1571 1922 augmento,
1600 1879 1649 1912 sic
1664 1879 1758 1911 enim
1777 1879 1885 1918 solet,
1914 1884 1948 1910 et
1965 1889 1981 1911 ε
1999 1877 2094 1910 finali
2114 1878 2149 1910 in
2167 1890 2190 1912 α
2209 1884 2362 1918 mutato,

1366 1931 1504 1963 adiecto
1523 1941 1605 1971 σκε,
1634 1930 1672 1962 fit
1688 1926 1955 1974 ὁμοκλήσασκε.

1712 1995 1863 2044 Τέτυφα
1891 1997 2010 2031 unde?

1469 2058 1588 2092 Omne
1612 2057 1844 2102 praeteritum
1865 2070 2143 2102 paraestmenon
2161 2057 2317 2091 activum
2335 2071 2360 2093 α

1367 2110 1497 2143 desinit
1516 2123 1595 2143 cum
1622 2122 1683 2143 sua
1709 2107 2015 2150 characteristica,
2050 2122 2157 2156 quam
2181 2120 2290 2154 supra
2318 2122 2359 2143 ex

1367 2162 1554 2195 ordinibus
1569 2161 1862 2205 coniugationum
1884 2168 1984 2205 pete,
2011 2159 2139 2196 τύπτω
2156 2157 2273 2208 τύφα.

1770 2229 1858 2263 Cur
1885 2229 1948 2264 Te?

1462 2290 1621 2334 Augetur
1639 2290 1872 2334 praeteritum
1893 2301 2169 2334 paracamenon
2185 2296 2248 2323 aut
2264 2290 2360 2333 pari-

1368 2348 1421 2375 ter
1448 2354 1526 2374 cum
1553 2341 1769 2385 paratatic0‚
1809 2341 1839 2374 si
1863 2342 2011 2375 verbum
2039 2355 2058 2374 a
2086 2341 2199 2374 vocali
2222 2341 2372 2385 incipit„

1367 2400 1406 2427 ut
1431 2391 1513 2440 ᾄδω
1537 2389 1630 2438 Ιᾖδον
1652 2389 1736 2439 ᾖκα.
1794 2394 1867 2426 Aut
1888 2406 1995 2438 supra
2018 2392 2260 2438 parataticon,
2287 2392 2316 2426 si
2338 2404 2359 2425 a

1368 2451 1587 2478 consonante
1613 2445 1785 2489 incipiens
1803 2445 1949 2478 verbum
1968 2458 1984 2479 ε
2000 2444 2247 2488 assumpserit,
2272 2445 2327 2490 τῷ
2343 2456 2360 2478 ε

1368 2498 1474 2529 addet
1493 2496 1644 2540 primam
1670 2497 1767 2529 verbi
1795 2503 2072 2536 consonantem,
2105 2501 2144 2528 ut
2167 2493 2261 2543 λέγω
2283 2493 2359 2529 ἔλε-

1365 2561 1436 2597 γον
1462 2546 1605 2593 λέλεχα,
1636 2548 1782 2592 perinde
1807 2561 1845 2580 ac
1872 2554 2007 2581 veteres
2030 2546 2168 2579 Latini:
2208 2546 2357 2579 mordeo

1367 2599 1558 2632 momordi.

1399 2700 1430 2729 5)
1451 2700 1520 2723 Anba
1540 2712 1573 2717 —
1593 2700 1637 2724 uh.
1654 2701 1709 2729 12.)
1736 2701 1776 2725 sie
1804 2699 1959 2727 Ed.1542.;
1997 2698 2024 2722 in
2044 2698 2127 2723 mitt.
2153 2697 2358 2724 1522—1541.

1437 2735 1545 2758 desunt.
