2421 3037
248 113 319 149 491

247 200 353 233 rebus
388 198 577 243 ambiguis.
646 195 724 239 Ego
759 207 845 228 vero
875 200 971 227 certa
1001 199 1036 227 et
1063 192 1249 237 explorata

247 263 507 285 commemoro.
575 247 650 281 Iam
681 247 799 287 enim,
836 252 876 280 ut
903 245 997 286 dixi,
1031 245 1165 279 bellum
1190 244 1250 277 de-

246 303 453 338 nuntiatum
479 307 550 341 est,
577 299 771 344 conscripti
791 298 987 338 exercitus,
1015 310 1106 343 quos
1129 303 1250 329 tamen

246 356 340 389 fama
375 359 520 386 nostrae
551 351 757 392 01001101115,
792 350 823 385 si
855 350 946 385 alius
972 350 1082 383 fuerit
1107 349 1251 388 electus,

246 407 348 441 facile
374 404 560 449 reprimet.

351 457 474 502 Quare
507 462 548 490 111
570 454 694 489 finiam
719 452 813 487 hanc
838 453 1143 499 disputationem,
1180 451 1252 496 pri-

247 522 346 543 mum
373 509 447 552 lege
472 514 506 542 et
531 507 738 542 iuramento
762 506 932 551 impediri
949 519 1016 540 nos
1033 516 1180 543 cense0‚
1207 516 1251 536 ne

246 562 382 606 Regem
402 560 580 594 Gallicum
598 558 832 593 Franciscum
849 560 894 592 ad
910 558 1054 603 imperii
1069 555 1251 599 fastigium

248 612 455 647 evehamus,
509 611 650 645 Deinde
669 611 776 644 etiam
789 637 798 651 ‚
826 611 855 645 si
873 611 1003 655 eligere
1020 622 1100 643 eum
1118 608 1252 647 liceret,

247 678 375 699 censeo
400 665 435 698 id
459 676 534 697 11011
557 676 631 698 0550
652 676 669 696 0
689 663 870 708 republica
885 691 893 703 ,
922 663 983 697 sed
1002 663 1163 695 futurum
1182 659 1253 692 exi-

246 718 330 751 tiale
354 716 575 751 Germaniae
606 722 641 750 et
670 716 831 750 fortassis
855 715 1045 749 universae
1068 712 1252 756 Europae.

249 770 372 816 Quare
409 770 584 814 profiteor
620 780 677 801 me
710 768 883 812 suffragio
912 779 992 800 meo
1020 776 1252 811 nequaquam

247 834 426 856 accersere
446 821 592 854 Gallum
611 821 655 853 ad
674 820 880 865 imperium.

350 874 505 907 Restant
521 874 612 907 duae
630 871 901 906 deliberationis
918 876 1051 915 partes,
1079 881 1125 902 an
1143 867 1254 901 Caro—

247 927 302 960 lus
326 925 372 960 sit
394 925 598 970 eligendus,
627 931 689 957 aut
708 924 798 958 alius
817 922 996 970 quispiam
1017 919 1254 955 Germanicus

246 978 426 1024 princeps.
473 977 570 1010 Haec
597 976 809 1009 deliberatio
831 976 945 1009 inulto
966 972 1056 1007 mihi
1074 971 1255 1007 diffieilior

248 1037 310 1065 est.
334 1030 428 1065 Nam
440 1030 483 1062 de
494 1029 625 1063 Carolo
644 1028 776 1073 opinor
794 1028 985 1073 plerosque
996 1033 1155 1061 vestrum
1171 1036 1255 1069 pro-

247 1089 328 1128 pter
353 1081 484 1116 multas
512 1093 639 1125 graves
666 1093 789 1114 causas
811 1079 999 1119 dubitare,
1028 1090 1120 1125 quae
1145 1076 1254 1110 etiam

248 1147 369 1168 meum
399 1133 561 1167 animum
596 1146 671 1166 non
703 1133 830 1166 leviter
864 1138 1025 1165 movent.
1087 1130 1253 1163 Primum

249 1186 423 1231 Hispania
449 1186 554 1230 longe
579 1185 701 1220 dissita
729 1192 781 1219 est
804 1197 821 1217 a
847 1184 1066 1223 Germania,
1095 1182 1193 1228 quod
1216 1186 1256 1214 111

249 1238 407 1272 libertati
432 1244 577 1272 nostrae
598 1238 709 1271 tutius
734 1237 896 1277 videtur,
932 1237 1001 1277 ita,
1035 1235 1064 1269 si
1083 1234 1254 1268 Carolum

250 1290 464 1325 detinebunt
484 1289 700 1335 Hispaniae,
728 1289 866 1323 interea
889 1288 966 1323 sine
992 1286 1194 1333 praesidio,
1223 1291 1256 1318 et

250 1343 326 1378 sine
353 1343 500 1376 custode
527 1342 692 1387 publicae
717 1341 991 1388 tranquillitatis
1017 1340 1085 1373 erit
1105 1339 1258 1373 Germa-

250 1396 323 1429 nia.
378 1394 427 1428 Et
452 1395 507 1427 vel
526 1394 673 1428 Turcici
692 1394 777 1427 belli
795 1407 899 1428 causa
914 1421 923 1434 ,
952 1393 1008 1426 ve'l
1025 1398 1174 1437 propter
1194 1391 1257 1423 do-

252 1447 417 1481 mesticos
440 1446 645 1492 principum
670 1447 866 1487 tumultus,
901 1445 1092 1479 necessitas
1115 1442 1256 1489 publica

252 1499 410 1543 flagitat,
448 1505 486 1533 ut
521 1499 619 1533 velut
655 1498 692 1532 in
727 1499 882 1533 statione
917 1497 1010 1531 adsit
1043 1496 1263 1541 Imperatorf

253 1551 377 1597 Quid?
412 1551 441 1585 si
468 1550 574 1584 etiam
603 1551 722 1585 subito
748 1552 791 1584 (le
818 1550 993 1595 imperio,
1029 1555 1091 1582 aut
1114 1549 1156 1581 de
1177 1546 1259 1580 reli-

254 1604 360 1649 gione
380 1603 552 1637 exarserit
570 1603 690 1648 aliqua
710 1602 863 1636 seditio?
908 1601 1087 1647 Equidem
1108 1597 1259 1644 perhor-

254 1669 374 1697 resco,
403 1655 585 1700 cogitans,
614 1661 789 1700 quantum
817 1661 901 1688 tunc
919 1651 1088 1687 habitura
1106 1652 1149 1685 sit
1166 1650 1260 1695 peri-

255 1708 325 1743 culi
341 1706 429 1741 haec
446 1707 546 1740 natio
566 1708 711 1741 absente
727 1706 963 1752 Imperatore.
1002 1705 1136 1738 Fateor
1153 1701 1260 1736 huius

255 1759 405 1806 periculi
430 1759 648 1804 cogitatione
672 1760 756 1804 angi
781 1759 943 1792 animum
963 1770 1097 1790 meum.
1151 1755 1261 1788 Aliud

255 1813 369 1847 levius
396 1818 468 1853 est,
504 1813 566 1846 sed
592 1819 713 1845 tamen
741 1824 816 1845 non
841 1810 1161 1844 contemnendum.
1225 1806 1261 1840 Si

257 1865 353 1899 enim
380 1865 494 1898 iratus
519 1864 717 1910 aliquando
735 1864 771 1896 111
789 1862 1024 1897 Germaniam
1043 1861 1199 1899 veniret,
1229 1865 1263 1892 et

257 1917 439 1962 Hispanos
464 1917 678 1949 adduceret:
708 1916 855 1950 libertas
875 1921 1000 1949 nostra
1020 1926 1095 1947 non
1115 1918 1205 1947 esset
1225 1911 1263 1944 in

257 1976 349 2004 tuto.
402 1968 580 2003 Fortassis
604 1975 638 2002 et
654 1968 807 2013 Hispani
832 1967 1024 2001 difficulter
1038 1965 1143 1999 nobis
1163 1963 1264 1998 resti-

258 2028 361 2056 tuent
378 2020 523 2066 imperii
539 2022 665 2061 decus,
687 2027 881 2066 postquam
896 2019 1006 2054 semel
1020 2018 1057 2051 111
1074 2015 1166 2051 hanc
1184 2029 1264 2061 pos-

258 2074 453 2109 sessionem
486 2072 672 2113 venerint,
710 2072 923 2118 praesertim
950 2083 1030 2104 cum
1057 2069 1195 2103 aditum
1220 2069 1265 2101 ad

260 2125 400 2159 Italiam
436 2125 485 2160 eis
521 2125 726 2170 patefaciat.
795 2124 842 2158 Et
876 2137 956 2157 cum
990 2135 1055 2156 suo
1091 2120 1265 2165 sanguine

263 2178 530 2222 recuperabunt
556 2177 828 2217 Mediolanum,
866 2189 941 2209 non
968 2175 1044 2209 sine
1071 2173 1266 2207 certamine

262 2230 347 2263 inde
372 2230 476 2264 nobis
502 2229 635 2264 cessuri
659 2236 753 2264 sunt.
807 2228 1002 2262 Videretur
1019 2226 1128 2272 igitur
1144 2225 1267 2265 tutius,

264 2282 404 2316 omissis
420 2282 549 2316 exteris
566 2282 730 2326 regibus,
757 2281 886 2326 eligere
905 2280 1083 2326 aliquem,
1111 2278 1267 2323 pruden-

264 2334 333 2375 tia,
360 2334 513 2373 iustitia,
540 2334 772 2375 fortitudine,
801 2340 835 2367 et
860 2334 929 2367 fide
956 2337 1198 2377 praestantem
1217 2329 1269 2362 vi-

264 2399 345 2420 rum
383 2399 425 2419 ex
458 2386 608 2432 reliquis
637 2385 770 2421 nostris
808 2385 1052 2430 principibus,
1093 2389 1133 2417 ut
1163 2394 1269 2427 saepe

265 2438 421 2472 maiores
440 2439 555 2472 nostri
570 2439 751 2479 fecerunt,
787 2438 849 2484 qui
867 2439 1081 2483 plerumque
1099 2435 1269 2468 virtutem

265 2490 303 2524 in
322 2490 494 2523 electione
516 2491 628 2534 magis
649 2497 846 2536 spectasse,
875 2503 984 2537 quam
1001 2487 1202 2534 potentiam
1220 2486 1271 2520 vi-

266 2543 409 2577 dentur.

370 2596 537 2639 Agnosco
561 2593 597 2627 id
623 2594 790 2640 quidem;
834 2594 895 2627 sed
922 2599 1007 2627 tunc
1031 2591 1157 2637 populi
1182 2591 1272 2625 Ger-

267 2647 410 2680 maniae
427 2647 547 2680 minus
563 2652 667 2679 erant
682 2652 923 2680 contumaces.
977 2645 1097 2679 Facile
1116 2649 1205 2683 erat,
1233 2648 1272 2677 ut

268 2699 461 2744 diciturssin
486 2698 700 2744 proverbio,
734 2698 927 2742 imperium
951 2696 1123 2731 inbonis.
1166 2696 1272 2731 Nunc

268 2757 387 2785 autem
415 2751 501 2799 quid
526 2752 647 2792 fieret,
680 2750 709 2785 si
734 2751 844 2784 electo
869 2748 1090 2795 Imperatore
1114 2748 1272 2788 infirmo,

875 106 1001 142 PHIL.
1029 106 1144 140 MEL.
1172 103 1378 139 SCRIPTA
1411 101 1682 138 HISTORICA.

2233 103 2308 141 492

1305 203 1370 224 nec
1389 190 1520 234 Belgae
1544 202 1608 223 nec
1630 190 1811 225 Austriaci
1836 189 2031 235 parerent?
2086 189 2131 223 Et
2154 196 2193 224 111
2215 191 2310 224 futu-

1305 255 1386 277 rum
1405 254 1480 275 non
1499 242 1639 283 dubito,
1661 244 1691 276 si
1707 243 1841 276 bellum
1859 242 1954 275 inter
1972 242 2063 274 duos
2080 241 2206 285 Reges,
2224 243 2310 276 Gal-

1304 295 1413 328 licum
1443 301 1476 327 et
1500 293 1757 339 Hispanicum,
1792 295 1829 327 in
1852 293 2018 338 Belgico,
2056 299 2118 326 aut
2142 293 2179 326 in
2206 293 2308 327 ltalia

1306 347 1480 380 oriretur:
1517 358 1563 379 an
1590 345 1810 391 Imperator,
1840 346 1936 379 velut
1962 345 2099 379 otiosus
2117 351 2310 390 spectator,

1305 398 1439 433 sineret
1465 399 1553 432 duas
1578 404 1716 432 exteras
1734 398 1899 432 nationes
1917 397 2074 442 diripere
2092 397 2224 430 bonam
2245 396 2312 429 im-

1306 451 1398 496 perii
1426 449 1591 495 partem?
1647 450 1769 496 Quid?
1805 451 1903 496 quod
1929 450 1996 494 ipsi
2021 449 2202 494 principes
2222 448 2313 482 Ger-

1308 503 1469 543 maniae,
1498 508 1537 536 ut
1553 514 1648 536 nunc
1667 509 1750 536 sunt
1768 514 1906 542 mores,
1933 508 2053 546 spreto
2073 514 2137 534 suo
2155 500 2314 545 Impera·

1307 561 1405 595 tore,
1434 554 1494 587 alii
1513 567 1548 589 se
1567 568 1646 588 cum
1667 553 1884 594 Austriacis,
1913 554 1973 586 alii
1995 566 2073 586 cum
2091 552 2204 586 Gallis
2229 564 2313 585 con-

1307 606 1478 651 iungent?
1536 606 1582 640 Ut
1600 606 1709 651 igitur
1731 607 1871 651 lepores
1891 605 2060 639 dicuntur
2078 606 2210 639 frustra
2228 616 2314 637 con-

1308 658 1446 691 cionari
1478 658 1663 699 leonibus,
1705 659 1752 692 ita
1785 658 1923 692 sedebit
1949 663 2072 690 noster
2096 656 2314 702 Imperator,

1309 711 1406 743 velut
1432 711 1552 754 lepus,
1587 712 1701 744 edicta
1727 722 1948 755 componens
1970 709 2154 749 leonibus,
2189 707 2314 741 videli-

1309 769 1362 795 cet
1390 762 1466 796 istis
1489 762 1664 805 Regibus:
1712 775 1803 808 quae
1830 762 1943 795 edicta
1971 761 2160 794 derideant
2189 772 2314 794 omnes

1309 821 1450 847 exterae
1478 815 1656 848 nationes.
1711 814 1833 848 Minus
1856 814 2007 859 periculi
2031 812 2116 853 suit,
2153 825 2232 846 cum
2259 824 2315 845 re·

1309 872 1435 910 gnaret
1461 866 1668 900 Fridericus
1694 865 1768 900 HL:
1812 873 1846 899 et
1870 872 1992 899 tamen
2017 864 2184 898 dedecori
2209 864 2314 898 nobis

1308 918 1393 957 suit,
1433 924 1517 951 tunc
1544 918 1784 962 Burgundum
1819 918 1912 951 ferre
1947 918 2046 961 signa
2082 929 2146 961 per
2178 917 2313 949 bonam

1309 970 1526 1003 Germaniae
1554 977 1711 1015 partem,
1747 967 1957 1014 Philippum
1985 969 2139 1002 Mariam
2165 968 2314 1013 impune

1309 1022 1464 1067 grassari
1482 1022 1519 1055 in
1539 1021 1659 1061 ltalia;
1697 1022 1781 1055 alibi
1801 1022 1908 1055 etiam
1931 1020 2184 1055 circumsederi
2198 1019 2315 1065 Impe-

1310 1080 1468 1107 ratorem
1494 1075 1531 1106 in
1553 1074 1629 1119 ipsa
1646 1074 1811 1115 Austria,
1846 1086 1911 1107 nec
1934 1073 2003 1107 11151
2026 1071 2232 1106 Βο1101111015
2252 1084 2315 1106 au-

1309 1126 1403 1160 xiliis
1434 1127 1601 1167 liberari,
1638 1133 1821 1171 postremo
1850 1127 1894 1159 ab
1920 1125 2103 1169 Hungaris
2131 1124 2215 1169 pelli
2243 1125 2314 1158 Au-

1309 1178 1418 1218 stria,
1455 1185 1489 1212 et
1515 1178 1595 1211 eiici
1623 1191 1664 1211 ex
1691 1179 1763 1212 suis
1792 1178 1942 1211 laribus:
1986 1190 2067 1210 011111
2097 1176 2243 1222 quidem
2274 1187 2314 1209 ea

1311 1236 1426 1263 aetate
1443 1228 1591 1264 haberet
1609 1231 1821 1264 coniunctos
1838 1230 2017 1274 principes
2029 1256 2038 1269 ,
2066 1241 2187 1261 meum
2207 1240 2315 1261 avum

1311 1280 1561 1316 Marcltionem
1582 1283 1769 1316 Albertum
1784 1309 1792 1323 ‚
1828 1283 1959 1315 fortem
1984 1287 2018 1314 et
2040 1280 2240 1326 sapientem
2265 1279 2318 1311 vi-

1312 1348 1413 1374 rum,
1443 1342 1476 1368 et
1496 1336 1684 1369 Albertum
1704 1334 1882 1368 Saxoniae
1901 1333 2053 1367 Ducem.
2106 1332 2204 1377 Quid
2222 1343 2319 1364 nunc

1312 1389 1431 1426 tieret,
1468 1400 1548 1420 cuin
1576 1387 1687 1420 exteri
1714 1399 1813 1431 reges
1839 1384 2016 1419 haberent
2032 1383 2093 1418 alii
2111 1384 2200 1418 alios
2218 1382 2319 1428 prin-

1313 1439 1408 1483 cipes
1431 1439 1618 1484 stipendiis
1637 1438 1838 1483 obligatos?
1893 1437 1939 1470 Et
1956 1449 2066 1483 quam
2086 1436 2219 1469 multae
2237 1447 2320 1468 cau-

1313 1504 1372 1525 sae
1392 1490 1550 1524 incidere
1568 1497 1737 1536 possunt,
1767 1490 1821 1523 vel
1840 1489 2065 1534 principibus
2087 1488 2142 1521 vel
2167 1486 2320 1521 civitati-

1313 1544 1379 1577 bus
1404 1543 1659 1576 detrectandae
1688 1542 1931 1575 obedientiae!
2002 1540 2181 1573 Videntur
2210 1539 2320 1573 etiam

1314 1596 1357 1628 de
1376 1595 1550 1639 religione
1569 1595 1778 1639 impendere
1795 1592 1987 1627 horribiles
2007 1592 2193 1626 tumultus.
2229 1591 2322 1625 Sunt

1315 1646 1411 1680 enim
1435 1647 1573 1681 semina
1598 1647 1668 1679 iam
1695 1658 1818 1691 sparsa
1845 1646 1888 1678 de
1910 1644 2165 1689 indulgentiis,
2194 1644 2238 1677 de
2255 1655 2321 1687 po-

1315 1705 1441 1732 testate
1466 1699 1672 1744 pontificia,
1708 1700 1751 1731 de
1775 1698 1969 1732 autoritate
1988 1695 2321 1730 Ecclesiasticarum

1316 1751 1553 1785 traditionum
1566 1778 1575 1791 ‚
1603 1763 1696 1797 quae
1713 1750 1853 1784 etiamsi
1872 1748 1990 1783 adhuc
2007 1748 2183 1784 sanabilia
2204 1746 2323 1781 existi-

1317 1810 1484 1843 mantur,
1528 1810 1650 1837 tamen
1677 1803 1785 1848 paulo
1811 1809 1911 1847 post,
1955 1814 2125 1846 magnam
2152 1798 2323 1834 mutatio-

1317 1868 1399 1889 nem
1422 1856 1610 1890 universae
1632 1855 1811 1888 Ecclesiae
1836 1854 1999 1888 afferent.
2052 1853 2202 1888 Nullum
2225 1851 2322 1885 enim

1317 1908 1505 1941 doctrinae
1534 1920 1645 1952 genus
1673 1907 1811 1940 maiore
1841 1906 2017 1950 applausu
2046 1910 2233 1949 exceptum
2259 1908 2324 1944 est,

1319 1972 1428 2006 quam
1455 1958 1534 1994 hoc.
1594 1959 1640 1993 Et
1662 1958 1823 2004 quotidie
1849 1958 1952 2002 plura
1979 1958 2149 2000 dogmata
2175 1967 2325 1989 moven-

1319 2020 1398 2053 tur,
1434 2012 1625 2046 irritantur
1656 2011 1800 2055 ingenia
1832 2009 2137 2044 ferocissimarum
2163 2007 2323 2052 gentium

1320 2065 1358 2098 111
1375 2064 1594 2105 Germania,
1622 2063 1820 2098 Saxonicae
1843 2069 1876 2095 et
1893 2062 2110 2096 Helveticae.
2163 2060 2238 2095 Nec
2260 2071 2325 2104 po-

1321 2117 1405 2150 terit
1429 2117 1505 2151 sine
1524 2116 1671 2162 Synodo
1703 2115 1945 2161 tranquillitas
1969 2113 2148 2148 Ecclesiae
2173 2111 2326 2146 restitui.

1322 2170 1424 2215 Quae
1456 2175 1576 2202 autem
1608 2168 1676 2201 erit
1707 2167 1842 2201 infirmi
1874 2165 2108 2212 Imperatoris
2136 2165 2327 2204 autoritas,

1322 2222 1377 2255 vel
1394 2221 1430 2254 in
1446 2222 1601 2266 petenda
1621 2220 1789 2266 Synodo,
1818 2219 1874 2253 vel
1891 2220 1929 2252 in
1953 2219 2174 2252 defendenda
2187 2243 2196 2257 ,
2224 2227 2328 2261 prae-

1322 2273 1445 2309 sertim
1465 2274 1495 2307 si
1515 2273 1649 2307 caeteri
1664 2285 1764 2317 reges
1784 2270 2095 2306 adversabuntur?
2136 2267 2237 2304 Nihil
2254 2268 2327 2301 iam

1323 2328 1366 2360 de
1385 2325 1549 2359 Turcicis
1577 2326 1679 2360 bellis
1706 2325 1846 2365 dicam,
1872 2323 1937 2358 etsi
1961 2329 2126 2357 nostrum
2148 2327 2219 2361 est,
2252 2331 2327 2353 non

1324 2379 1433 2412 modo
1459 2379 1502 2411 de
1525 2377 1760 2412 defendendis
1784 2376 1915 2410 finibus
1939 2375 2092 2416 nostris,
2127 2374 2189 2408 sed
2218 2372 2328 2406 etiam

1325 2432 1368 2465 de
1396 2431 1583 2464 liberanda
1612 2430 1766 2464 Graecia
1796 2429 1965 2473 cogitare.
2028 2427 2146 2473 Quam
2176 2426 2221 2458 ad
2251 2436 2328 2457 rem

1326 2496 1416 2528 opus
1441 2489 1492 2518 est
1515 2483 1712 2516 multarum
1736 2481 1928 2515 nationum
1950 2479 2082 2524 copiis,
2120 2484 2154 2511 et
2179 2476 2330 2517 viribus,

1326 2548 1415 2582 quas
1439 2533 1653 2569 contrahere
1672 2534 1895 2579 Imperator,
1922 2532 1950 2567 si
1969 2544 2097 2576 parum
2116 2527 2250 2563 habeat
2267 2540 2330 2562 au—

1326 2588 1502 2628 toritatis,
1536 2600 1612 2620 non
1644 2587 1789 2633 poterit.
1854 2585 1952 2618 Haec
1983 2590 2091 2630 atque
2117 2583 2187 2615 alia
2215 2580 2329 2615 multa

1326 2653 1446 2674 meum
1466 2639 1629 2674 animum
1644 2641 1847 2679 adducunt,
1874 2643 1914 2671 ut
1932 2637 1968 2670 in
1989 2634 2056 2669 hac
2074 2634 2247 2669 electione
2265 2644 2329 2678 po-

1327 2692 1459 2726 tentiae
1495 2692 1674 2726 rationem
1704 2691 1905 2726 ducendam
1940 2701 2013 2723 esse
2048 2687 2223 2727 iudicem,
2259 2683 2330 2718 nisi

1326 2745 1587 2791 Imperatorem
1606 2744 1758 2779 velimus
1777 2741 1930 2783 habere,
1958 2741 2021 2787 qui
2040 2740 2183 2774 titulum
2201 2743 2235 2771 et
2250 2749 2328 2770 um-
