2389 3037
0 2736 13 2745 r

66 120 112 156 41
594 114 716 150 XCIV.
771 115 1101 153 GRAMMATICA

333 201 379 236 In
408 215 433 238 α
460 202 619 236 brevia
648 209 732 236 sunt
752 202 799 248 ⁹⁴)

69 267 124 301 εἴα
139 262 338 297 foeminina
357 262 617 296 adiectivorum
636 262 674 296 in
693 275 746 306 υς,
766 270 806 298 ut
822 262 928 310 ἡδύς,
948 262 1069 310 ἡδεῖα.

71 317 136 352 αἶα
155 314 330 360 disyllaba
342 341 352 356 ‚
379 321 420 349 ut
434 315 540 363 γαῖα.

67 379 122 403 εια
131 366 354 402 substantiva
367 367 411 400 ab
422 365 604 401 adiectivis
615 379 667 413 ης,
679 373 718 400 ut
727 365 884 414 ἀληθής,
898 365 1069 413 ἀλήθεια.

67 431 105 454 ια
120 417 317 452 foeminina
335 418 595 452 adiectivorurn
609 446 619 459 ‚
641 425 681 452 ut
697 417 842 454 πότνια.

68 472 185 514 οὖσα,
211 475 252 503 ut
268 472 418 515 μοῦσα,
446 469 496 504 sic
511 470 786 516 participiorum
807 472 914 505 οὖσα.

169 520 302 554 Brevia
321 528 405 555 sunt
422 521 508 555 item
525 534 759 568 quaecunque
775 521 923 567 reliquis
942 532 1068 554 conso-

66 572 236 608 nantibus
253 578 405 607 utuntur
421 580 502 607 ante
520 587 561 616 α,
590 580 629 608 ut
647 571 750 614 δόξα.

256 650 587 695 Paradigmata
626 651 877 696 regularia.

516 709 552 744 Α
564 710 612 757 95)

302 762 399 807 Sing.
427 760 449 808 ἡ
466 766 593 809 μοῦσα

431 817 495 861 τῆς
510 811 654 861 μούσης

431 867 477 912 τῇ
493 864 618 912 μούσῃ

431 915 500 964 τὴν
518 920 669 963 μοῦσαν

430 964 461 1004 ὦ
475 971 614 1015 μοῦσα.

428 1018 475 1056 τὰ
495 1017 622 1067 μούσα

428 1073 514 1107 ταῖν
528 1071 704 1118 μούσαιν.

428 1122 468 1159 αἱ
487 1127 627 1169 μοῦσαι

429 1177 508 1211 τῶν
524 1177 682 1221 μουσῶν

427 1227 510 1265 ταῖς
523 1225 683 1271 μούσαις

424 1275 492 1316 τὰς
508 1274 655 1322 μούσας

431 1324 461 1363 ὦ
479 1331 631 1374 μοῦσαι.

514 1397 552 1431 H
562 1395 609 1442 95)

430 1447 452 1496 ἡ
470 1447 557 1495 τιμή

429 1503 492 1548 τῆς
508 1501 616 1546 τιμῆς

429 1555 476 1599 τῇ
494 1554 583 1598 τιμῇ

429 1604 498 1651 τὴν
515 1600 627 1649 τιμήν

432 1653 462 1692 ὦ
480 1655 580 1701 τιμή.

430 1705 477 1743 τοὶ
492 1706 582 1752 τιμά

431 1759 517 1793 ταῖν
534 1757 674 1801 τιμαῖν.

431 1808 470 1844 αἱ
487 1806 592 1851 τιμαὶ

432 1863 510 1895 τῶν
528 1860 649 1904 τιμῶν

432 1912 514 1951 ταῖς
529 1910 653 1955 τιμαῖς

432 1961 498 2002 τὰς
512 1958 623 2007 τιμάς

433 2012 464 2051 ὦ
479 2012 597 2060 τιμαί.

171 2072 218 2105 Et
241 2069 414 2116 regularis
443 2067 587 2114 quidem
613 2067 789 2111 genitivus
810 2066 1002 2110 singularis
1026 2079 1068 2112 ης

69 2130 131 2158 est.
184 2122 318 2157 Verum
337 2124 366 2157 si
383 2131 518 2155 nomen
535 2118 635 2152 finiat
661 2132 684 2153 α
709 2119 838 2162 longo,
876 2125 937 2151 aut
960 2130 1067 2162 puro,

67 2173 136 2209 hoc
154 2181 227 2216 est,
256 2176 352 2221 quod
373 2171 556 2219 praecedit
574 2171 706 2204 vocalis
718 2198 726 2211 ‚
756 2176 817 2204 aut
832 2183 892 2217 ρα,
912 2167 975 2211 δα,
999 2169 1065 2211 θα,

69 2227 242 2271 regularis
257 2226 434 2271 genitivus
451 2225 488 2258 in
504 2236 546 2263 ας
562 2223 682 2264 finiet,
707 2229 747 2256 ut

69 2279 166 2323 Sing.
195 2276 353 2326 ἡσοφία

200 2332 264 2375 τῆς
280 2327 416 2376 σοφίας
496 2327 589 2360 Hinc
605 2332 687 2360 sunt
706 2332 739 2359 et
759 2324 880 2358 Latini
904 2323 1066 2369 genitivi,

198 2384 243 2427 τῇ
259 2379 375 2428 σοφίᾳ
453 2379 626 2418 familias,
654 2377 789 2417 Maias,
814 2377 896 2422 quia
915 2376 1066 2415 familia,

198 2431 268 2478 τὴν
285 2430 426 2479 σοφίαν
455 2430 564 2470 Maia,
582 2443 606 2464 α
622 2442 713 2474 puro
731 2428 873 2462 finiunt.
888 2427 978 2461 Vide
989 2427 1067 2460 Pri-

200 2481 230 2519 ὦ
248 2483 376 2530 σοφία.
452 2482 610 2516 sciannm
622 2483 664 2515 de
682 2480 922 2514 declinatione
937 2479 1066 2524 prima.

201 2534 249 2570 τοὶ
268 2534 385 2582 σοφία

199 2587 285 2622 ταῖν
303 2584 468 2633 σοφίαιν.

291 1018 400 1054 Dual.

299 1122 398 1158 Plur.

303 1450 401 1493 Sing.

301 1708 407 1742 Dual.

302 1811 401 1844 Plur.

1092 2465 1095 2499 1

69 2536 176 2571 Dual.
1092 2501 1095 2538 ἒ

106 2672 156 2700 94)
174 2672 252 2699 sunt]
272 2671 299 2693 in
319 2669 380 2693 iisd.
403 2668 487 2694 Editt.
507 2668 598 2692 deest.

106 2713 154 2743 95)
173 2715 204 2737 A
225 2732 229 2737 .
252 2731 257 2736 .
277 2732 281 2736 .
302 2713 343 2741 Η]
369 2712 420 2735 hae
446 2711 655 2735 terminatioiwsz
688 2709 897 2740 superscriptae
931 2709 957 2733 iu
983 2707 1066 2732 Editt.

143 2748 336 2772 1522-1521.
357 2747 464 2770 desunt

1136 117 1331 154 GRAECA
1364 118 1593 154 INTEGRA.
2072 119 2122 156 42

1125 205 1223 239 Plur.
1258 204 1297 240 αἱ
1317 203 1447 252 σοφίαι

1240 259 1331 306 τῶν
1349 258 1494 302 σοφιιῦν

1254 309 1335 346 ταῖς
1353 307 1501 353 σοφίαις

1254 355 1321 398 τὰς
1337 356 1474 404 σοφίας

1255 405 1285 444 ὦ
1305 408 1448 456 σοφίαι.

1499 483 1745 518 Examen.

1226 546 1467 580 Nominativus
1483 557 1506 579 α
1526 545 1603 578 finit
1623 552 1683 578 aut
1705 559 1738 590 η.
1800 544 1866 578 Hic
1890 545 1973 578 item
2001 546 2121 579 obser-

1124 598 1225 632 vabis
1254 596 1415 630 Ionicam
1447 593 1687 630 variationem
1716 609 1740 631 α
1769 596 1806 629 in
1834 611 1875 642 η,
1906 595 2019 644 σοφίη
2047 609 2113 640 pro

1123 647 1260 697 σοφία,
1289 655 1322 682 et
1340 647 1511 681 Doricam
1530 661 1552 694 η
1568 648 1606 682 in
1625 661 1671 693 α,
1697 646 1788 693 τιμαῖ
1803 661 1870 693 pro
1886 647 1986 694 τιμή.
2037 648 2121 681 Cre-

1121 703 1187 736 bro
1207 707 1241 734 et
1257 700 1405 746 propria
1426 706 1568 734 mutant
1583 714 1605 747 η
1623 700 1661 732 in
1680 713 1747 739 εια,
1775 698 2012 746 ηῐΚαλλιόπη
2022 701 2121 734 Καλ-

1122 751 1275 789 λιοπεία,
1329 751 1575 798 Virgiliusffl):
1612 750 1751 797 Orphei
1769 751 1991 795 Calliopeia,
2025 750 2119 784 Lino

1119 806 1300 839 formosus
1315 804 1459 849 Apollo.

1226 858 1404 893 Genitivus
1426 856 1601 900 regularis
1624 869 1667 902 ης
1685 863 1754 895 est,
1784 861 1926 900 praeter
1945 867 2004 893 ea,
2027 866 2118 900 quae

1120 910 1251 944 finiunt
1271 909 1440 952 alongO,
1468 920 1582 953 puro,
1611 921 1679 953 ρα,
1709 906 1777 948 δα,
1801 907 1866 942 θα.
1919 906 2011 940 Nam
2031 904 2119 938 haec

1120 961 1334 1006 regulariter
1367 959 1564 1004 genitivum
1596 971 1661 1004 per
1692 972 1735 999 ας
1756 959 1903 992 faciunt.
1971 957 2119 1001 Semper

1121 1020 1241 1048 autem
1268 1011 1477 1046 memineris
1504 1011 1675 1046 transitus
1704 1024 1726 1045 α
1755 1011 1791 1044 in
1819 1024 1862 1056 η,
1891 1007 2025 1056 σοφίης
2051 1021 2118 1053 pro

1121 1063 1275 1113 σοφίας,
1305 1066 1412 1110 τιμᾶς
1429 1076 1495 1108 pro
1513 1066 1640 1109 τιμῆς,
1668 1063 1704 1096 id
1723 1063 1819 1108 quod
1839 1068 1873 1095 et
1890 1061 1926 1093 in
1944 1061 2067 1094 dativo
2086 1066 2120 1093 et

1121 1116 1324 1151 accusativo
1352 1116 1579 1155 observabis,
1619 1121 1660 1148 nt
1694 1113 1765 1160 ἔβα
1797 1112 1860 1149 καὶ
1887 1115 2026 1159 ταῦρος
2054 1109 2116 1146 ἄν’

1119 1167 1233 1210 ὕλαν,
1269 1180 1335 1212 pro
1364 1166 1432 1214 ἒβη
1454 1166 1517 1202 καὶ
1541 1169 1680 1213 ταῦρος
1707 1164 1768 1201 ἀν’
1788 1163 1895 1210 ὕλην.
1957 1163 2057 1197 Abiit
2085 1170 2120 1196 et

1120 1227 1245 1254 taurus
1268 1220 1306 1252 in
1331 1220 1489 1264 sylvam,
1517 1217 1733 1252 Theocritus
1747 1216 1806 1263 97).
1870 1215 2000 1249 Dualia
2026 1212 2118 1247 nihil

1120 1272 1275 1305 variant.

1226 1324 1403 1358 Genitivus
1425 1322 1573 1364 pluralis
1600 1333 1654 1355 ων
1678 1319 1767 1353 finit.
1834 1318 1952 1351 Porro
1983 1329 2062 1350 cum
2088 1329 2119 1351 ω

1121 1381 1272 1419 cognata
1288 1374 1333 1408 sit
1350 1386 1428 1406 cum
1447 1385 1485 1417 α,
1513 1385 1567 1407 ων
1586 1370 1932 1405 mutantDorienses
1950 1369 1987 1401 in
2004 1367 2120 1414 ανθΒ),

1118 1428 1295 1472 μουσῶν,
1322 1427 1491 1470 μουσᾶν,
1520 1424 1610 1457 sicut
1626 1430 1677 1457 est
1696 1423 1792 1467 apud
1808 1419 2043 1454 Theocritum
2052 1419 2117 1466 9⁹):

1116 1475 1276 1524 χαλεπαὶ
1299 1475 1373 1523 γὰρ
1396 1474 1479 1511 ὁδοὶ
1502 1474 1730 1510 τελέθουσιν
1745 1471 1894 1508 ἀοιδᾶν.
1948 1471 2119 1504 Difficiles

1121 1536 1204 1564 sunt
1221 1529 1299 1562 viae
1318 1540 1517 1562 musarum.
1573 1527 1671 1559 Solet
1687 1525 1771 1558 item
1790 1537 1820 1559 ω
1848 1523 1991 1557 extendi
2016 1535 2119 1567 prae-

1120 1581 1239 1626 posito
1269 1593 1292 1615 α
1318 1580 1373 1613 vel
1401 1593 1433 1619 ε,
1482 1585 1521 1612 ut
1549 1574 1733 1624 μουσάων
1756 1576 1907 1615 Dorice,
1946 1572 2119 1620 μουσέων

1119 1632 1251 1667 Ionice.

1225 1685 1372 1719 Dativus
1387 1684 1535 1727 pluralis
1550 1694 1607 1721 αις
1622 1680 1712 1719 finit,
1741 1687 1775 1712 et
1790 1680 1906 1713 soluta
1923 1675 2119 1722 diphthon—

1121 1750 1165 1782 go
1190 1736 1359 1781 propria,
1388 1748 1430 1782 ῃς
1452 1733 1653 1779 impropria
1677 1729 1905 1776 diphthongo
1927 1729 2026 1769 finit,
2062 1727 2118 1760 cui

1122 1795 1156 1821 et
1180 1801 1192 1822 ι
1218 1787 1365 1821 adscisci
1390 1787 1480 1820 solet
1504 1798 1567 1830 per
1592 1795 1799 1829 paragogen
1818 1778 1996 1828 μούσαις,
2021 1777 2117 1825 μού-

1121 1851 1206 1885 σῃς,
1232 1835 1418 1885 μούσῃσι,
1446 1838 1536 1871 sicut
1551 1848 1657 1881 supra
1684 1836 1721 1868 in
1742 1835 1858 1879 prima
1878 1831 2118 1866 declinatione

1120 1892 1198 1924 fieri
1225 1890 1401 1924 videmus.
1474 1889 1531 1922 Sic
1556 1888 1732 1921 Hesiodus
1760 1885 1874 1934 [Opp.
1899 1891 1933 1917 et
1957 1882 2002 1917 D.
2029 1879 2116 1916 352.

1122 1944 1176 1977 ed.
1192 1939 1365 1988 Goettl.]·:
1393 1939 1490 1976 κακὰ
1507 1938 1640 1986 κέρδεα
1656 1936 1718 1973 ἶσα
1737 1938 1857 1984 ἄτῃσι.
1904 1935 2001 1969 Mala
2019 1935 2117 1966 lucra

1122 1994 1285 2041 aequalia
1313 1993 1464 2027 damnis.
1528 1991 1635 2037 ἄτῃσι
1654 2003 1719 2035 pro
1740 1989 1865 2030 ἄταις,
1899 1988 1944 2020 ab
1963 1985 2031 2031 ἄτη
2053 1996 2117 2017 no-

1120 2053 1309 2080 mmatlvo.

1324 2124 1597 2167 Figuratum
1626 2118 1914 2161 paradigma.

1121 2185 1155 2218 S.
1198 2184 1216 2230 ἡ
1238 2182 1385 2230 ἱστορία
1620 2176 1763 2225 ἱστορίη
1774 2176 1835 2221 ¹⁰⁰)

1199 2239 1262 2281 τῆς
1279 2233 1444 2280 ἱστορίας
1620 2229 1785 2277 ἱστορίης
1795 2226 1856 2274 ¹⁰⁰)

1198 2291 1243 2333 τῇ
1262 2284 1407 2332 ἱστορίᾳ
1618 2280 1763 2328 ἱστορίη
1777 2280 1836 2325 ¹⁰⁰)

1196 2338 1265 2385 τὴν
1279 2335 1449 2382 ἱστορίαν
1619 2331 1787 2379 ἱστορίην

1199 2387 1230 2425 ὦ
1247 2387 1393 2435 ἱστορία
1619 2381 1775 2431 ἱστορίη.

1156 2498 1204 2525 96)
1223 2497 1302 2527 virg.
1324 2497 1382 2521 Ecl.
1403 2498 1428 2525 ⁴,
1451 2496 1492 2519 57.

1156 2541 1203 2569 97)
1223 2540 1357 2564 Theoi-rit.
1380 2540 1456 2568 xw,
1477 2538 1518 2562 43,
1545 2538 1591 2560 hid.
1613 2536 1762 2564 Kicssling.

1155 2585 1204 2612 98]
1221 2583 1267 2615 αν]
1278 2584 1400 2607 sici-ecte.-
1411 2583 1492 2606 Editt.
1506 2580 1688 2611 1522.,1538.,
1702 2579 1790 2607 1557.;
1806 2578 1889 2602 Mitt.
1903 2575 2115 2601 ¹5-21—1518.a.

1155 2628 1204 2655 99)
1225 2627 1360 2651 Tlieocrit.
1374 2627 1452 2655 xw,
1470 2626 1511 2649 69.
1525 2642 1531 2653 ,
1551 2624 1595 2647 ubi
1615 2625 1705 2647 autem
1727 2623 1752 2645 in
1775 2623 1821 2646 Ed.
1843 2621 1942 2644 messi.
1964 2620 2022 2643 loco
2042 2617 2115 2642 τελέ-

1192 2664 1301 2692 θουσιν,
1311 2658 1410 2685 ἀοιδᾶν
1431 2662 1574 2689 teguntur:
1602 2658 1742 2682 τελέθοντι
1762 2654 1873 2681 ἀοιδοῖς.

1160 2706 1223 2734 100]
1244 2705 1366 2735 ἱστορίη,
1385 2704 1522 2734 ίστυρίῃ,
1542 2702 1662 2734 ἱστορίῃ]
1681 2702 1722 2724 sic
1744 2701 1825 2724 Editt.
1852 2698 1940 2722 1522..
1963 2696 2054 2727 1538.;
2088 2696 2115 2719 in

1194 2742 1275 2766 Editt.
1293 2739 1485 2764 1541-1557,
1504 2740 1555 2763 hae
1573 2741 1632 2762 tres
1652 2738 1757 2762 formae
1775 2735 1884 2758 desunt.
