2389 3037
74 107 152 146 525

180 192 273 228 XVI.
310 192 400 226 Cum
426 194 464 226 in
488 198 668 226 conventu
686 190 994 238 wormatiensi‘f)
1013 190 1080 225 Ec-

78 247 152 280 cius
177 247 381 290 disputaret
408 257 488 278 cum
512 241 754 284 Lutheranis,
789 250 977 288 praesente
1005 242 1082 276 Fri-

77 298 198 332 derico
216 297 316 331 Duce
335 296 533 336 Saxoniae,
560 295 679 329 Laicis
702 308 776 329 non
803 308 876 330 esse
895 294 1082 340 porrigen-

76 352 163 384 dum
193 354 460 384 sacramentum
486 348 523 381 in
548 354 701 394 utraque
724 348 862 393 specie,
907 347 1082 380 allocutus

77 409 129 437 est
147 401 229 436 Dux
244 401 405 441 Eccium,
434 412 588 446 eumque
607 400 862 444 interrogavit,
891 398 953 444 qui
970 399 1083 438 fieret,

78 455 177 500 quod
208 452 377 497 Papistae
413 449 650 497 prohiberent
686 452 929 496 sumptionem
966 462 1084 484 sacra-

76 505 191 540 menti
209 505 247 537 in
264 511 418 549 utraque
436 504 566 549 specie,
592 517 671 538 cum
691 510 813 537 tamen
829 502 897 547 ipsi
917 514 958 535 eo
978 508 1083 536 utan-

76 564 147 592 tur.
200 556 405 601 Respondit
420 555 566 591 Eccius:
596 556 664 590 illis
683 562 823 589 tantum
842 566 915 588 esse
932 555 1083 587 manda-

76 616 166 643 tum.
219 608 276 642 Ad
294 606 383 642 haec
398 608 586 653 respondit
603 607 704 648 Dux,
733 605 916 641 Christum
936 606 1082 640 dixisse:

78 673 204 695 omnes
220 658 290 694 hoc
306 660 411 694 facite
430 661 467 693 in
487 660 559 693 mei
578 659 979 693 commemorationem.
1022 657 1084 691 Ille

77 713 278 758 respondit:
310 724 434 746 omnes
453 712 515 748 alle
535 713 583 748 bie
598 710 754 754 sptiestet.
809 709 862 744 Ibi
887 717 1013 755 argute
1034 710 1085 743 ait

77 765 176 798 Dux:
213 764 309 798 Alibi
330 763 416 797 dicit
434 762 614 798 Christus:
650 775 724 797 non
745 775 870 797 omnes
895 762 1086 795 intrabunt

77 817 116 850 in
141 828 292 860 regnum
319 815 525 856 coelorum,
570 828 655 859 ergo
681 828 744 849 vos
773 816 977 849 sacerdotes
1009 826 1085 846 non

76 868 271 903 intrabitis.
338 867 397 904 &o
423 870 544 903 merbet
573 867 626 912 ibt
657 867 773 912 immet
797 877 835 913 gu
859 869 929 903 bem
954 864 1084 909 {Ieuffel

76 919 186 965 futen.

186 977 296 1013 XVII.
341 978 431 1013 Cum
458 979 623 1025 sequenti
648 979 706 1013 die
732 985 822 1014 esset
846 978 1086 1024 pronuntian-

79 1033 145 1066 dus
161 1031 300 1065 Doctor
318 1030 426 1071 iuris,
453 1031 543 1064 dixit
559 1029 760 1065 Lutherus:
799 1031 887 1065 Cras
913 1043 1008 1064 nova
1034 1031 1086 1063 vi-

77 1095 166 1130 pera
185 1082 367 1117 creabitur
383 1089 508 1116 contra
525 1081 752 1128 Theologos;
784 1083 872 1118 iuris
895 1083 991 1116 enim
1010 1089 1088 1117 stu-

79 1137 181 1170 dium
200 1142 252 1170 est
269 1136 376 1180 plane
394 1135 580 1170 sordidum
610 1135 800 1169 artificium
814 1163 823 1176 ‚
857 1142 890 1168 et
914 1135 981 1169 nisi
1006 1147 1085 1169 cru-

78 1200 223 1222 menam
240 1188 409 1232 repleret,
437 1200 545 1221 uemo
564 1185 647 1221 huic
664 1188 783 1221 studio
801 1199 950 1232 operam
970 1188 1086 1227 daret,

79 1240 117 1274 in
137 1251 301 1281 summa,
329 1238 420 1276 &ute
437 1238 612 1283 Suristen,
641 1238 732 1283 236st
749 1238 911 1285 (Sbtisten.

185 1298 309 1334 XVIII.
352 1299 448 1334 Civis
484 1299 631 1346 quidam
655 1300 979 1345 fNorimbergensis
1011 1312 1086 1333 ma-

79 1364 171 1395 gnus
201 1351 427 1397 negotiator,
462 1364 543 1385 cum
568 1352 614 1386 D.
640 1352 690 1386 M.
716 1350 896 1386 Lutherus
919 1352 1088 1386 edidisset

78 1404 212 1437 librum
231 1404 276 1437 de
293 1403 431 1444 usuris,
465 1403 503 1436 in
528 1404 609 1437 foro
626 1403 849 1449 Noribergae
872 1404 1011 1439 adstitit
1034 1404 1088 1437 bi-

78 1455 262 1500 bliopolis.
315 1453 369 1488 Ibi
385 1455 476 1489 alius
493 1455 641 1501 quidam
657 1457 793 1490 facetus
808 1457 957 1497 accedit,
979 1456 1086 1490 dixit:

77 1506 232 1542 Librum
249 1514 353 1541 tuum
373 1520 438 1542 vos
456 1508 574 1552 legere
600 1515 762 1553 oportet,
800 1509 856 1542 cui
882 1508 1086 1553 respondit:

79 1560 206 1593 Bonus
225 1559 284 1592 ille
301 1565 406 1604 pater
422 1558 605 1594 Lutherus
620 1560 741 1604 potius
760 1560 797 1593 in
815 1561 964 1607 aliquod
979 1566 1089 1605 caput

79 1611 227 1645 loannis
257 1611 475 1656 scripsisset,
519 1618 553 1645 et
587 1609 656 1645 hoc
683 1613 869 1656 negotium
896 1614 940 1646 de
970 1612 1088 1647 usuris

80 1661 170 1697 mihi
186 1664 414 1704 mandasset,
442 1663 525 1709 quia
542 1664 617 1708 ipse
636 1670 688 1698 est
710 1664 856 1709 ignarus
880 1662 987 1698 huius
1013 1677 1088 1697 ma-

80 1715 205 1749 teriae.

183 1773 275 1809 XIX.
321 1774 487 1809 Clemens
518 1774 718 1820 Episcopus
747 1775 959 1819 Moguntius
991 1776 1090 1810 venit
1115 1792 1116 1802 π

81 1828 127 1861 ad
153 1826 344 1861 Caesarem
380 1839 624 1874 conquerens,
669 1829 766 1873 quod
792 1828 948 1872 populus
976 1829 1089 1861 nollet

80 1878 148 1914 sibi
165 1878 330 1913 assentiri
349 1879 387 1912 in
404 1878 526 1913 libello
546 1879 712 1920 interim,
748 1891 859 1925 quare
885 1880 988 1924 petiit
1012 1880 1089 1914 fieri

81 1930 327 1965 executionem
354 1931 485 1976 gladio.
555 1929 657 1966 Nihil
682 1931 779 1965 aliud
808 1931 941 1966 Caesar
973 1933 1005 1966 ei
1034 1945 1088 1966 re-

80 1983 244 2028 spondit:
274 1982 338 2018 Est
353 1984 469 2017 malus
486 1990 628 2028 pastor,
657 1984 718 2029 qui
736 1984 812 2017 vult
830 1997 912 2018 suas
929 1997 1014 2019 oves
1031 1997 1088 2018 oc-

264 106 308 140 V.
362 103 623 139 HlSTORIAE
651 103 895 149 QUAEDAM
924 103 1203 139 RECITATAE
1231 104 1381 140 INTER
1410 104 1645 141 PUBLICAS
1670 106 1956 143 LECTIONES.

81 2036 163 2069 cidi.
218 2034 302 2081 Quo
323 2035 419 2069 dicto
444 2035 618 2069 indicavit
641 2033 800 2070 hominis
826 2037 971 2070 stultam
999 2037 1088 2082 peti-

80 2087 230 2121 tionem.

186 2139 261 2173 XX.
295 2138 336 2172 In
354 2145 534 2173 conventu
550 2138 819 2174 XVormatiensi
839 2154 918 2174 cum
938 2140 1085 2187 quidam

81 2189 286 2225 Monachus
305 2190 502 2224 Caesareae
524 2190 706 2226 Maiestati
727 2192 1025 2233 concionaretur,
1055 2200 1088 2226 et

82 2242 310 2277 mirabilibus
325 2249 486 2277 uteretur
502 2243 657 2287 gestibus
673 2256 855 2289 exponens
870 2245 958 2279 illud
969 2244 1088 2278 Evan-

82 2294 233 2340 gelium:
262 2294 445 2329 Modicum
466 2302 500 2328 et
520 2295 687 2330 videbitis
707 2310 781 2338 me,
811 2304 845 2330 et
861 2297 991 2331 iterum
1011 2310 1087 2330 ino-

83 2347 203 2381 dicum
222 2360 296 2381 non
317 2347 483 2382 videbitis
501 2346 630 2394 mem),
651 2355 684 2381 et
703 2362 798 2382 nunc
818 2362 853 2383 se
873 2350 1032 2389 abderet,
1050 2356 1088 2383 ut

83 2399 238 2443 amplius
263 2412 339 2433 non
363 2400 648 2445 conspiceretur,
684 2412 838 2447 cumque
863 2414 1018 2442 asseres,
1047 2415 1087 2435 ex

85 2450 214 2495 quibus
247 2459 450 2497 suggestum
485 2453 724 2497 compositum
758 2460 850 2493 erat,
893 2466 966 2487 non
998 2455 1087 2487 bene

86 2503 263 2546 compacti
288 2512 425 2545 essent,
462 2506 522 2538 sed
548 2505 694 2550 aliquod
719 2506 883 2538 foramen
910 2506 1087 2546 relictum,

85 2556 176 2587 forte
199 2555 341 2588 fortuna
368 2557 482 2596 suuis,
517 2571 588 2603 quo
609 2555 809 2591 Monachus
837 2558 973 2591 cinctus
1000 2566 1088 2598 erat,

85 2618 149 2650 per
168 2606 253 2639 illud
275 2608 425 2650 decidit,
454 2623 606 2655 cumque
629 2609 661 2641 id
688 2609 999 2644 animadvertisset
1028 2623 1086 2643 rex

122 2708 151 2737 6)
172 2709 390 2739 W'ormatiensi]
413 2711 477 2734 (jod.
501 2713 524 2736 Ιι,
543 2713 558 2734 Ι.
582 2716 607 2733 et
628 2711 651 2733 in
674 2711 736 2734 tii-at.
756 2711 806 2734 XX
828 2719 832 2733 :
861 2712 1068 2736 Wnrinai·ien.<i
1114 2723 1118 2748 Ι

122 2755 170 2783 6³)
192 2755 270 2778 (⁴onf.
295 2755 348 2777 Ιυέι.
372 2755 411 2777 16.
436 2757 475 2780 16,

2065 107 2140 146 526

1133 190 1272 225 Daniae
1283 190 1508 226 Christianus
1520 193 1574 238 (re
1591 201 1625 227 et
1643 195 1820 240 nomine),
1833 196 1966 242 quique
1979 203 2052 230 tum
2066 204 2143 230 erat

1135 243 1171 275 in
1196 245 1276 277 aula
1296 242 1521 279 Marchionis
1546 245 1739 287 loachinii‚
1771 249 1917 283 accessit
1937 255 1971 282 et
1998 249 2035 282 in
2058 249 2143 283 fune

1135 295 1218 328 fecit
1244 298 1394 330 nodum.
1451 295 1652 332 Monachus
1680 312 1759 332 cum
1785 302 1847 334 diu
1872 313 1908 334 se
1937 301 2144 335 abscondis-

1136 353 1207 386 set,
1235 354 1268 391 et
1286 359 1430 391 surgere
1449 349 1571 389 vellet,
1600 363 1664 382 nec
1684 350 1752 383 iam
1772 359 1892 396 posset
1911 359 2061 397 propter
2079 365 2144 386 no-

1137 399 1244 439 dum,
1279 399 1434 432 clamare
1463 401 1642 448 coepit⁷):
1685 401 1812 436 Videte
1840 404 2011 437 iniuriam
2037 405 2144 449 pessi-

1137 463 1280 484 morum
1307 449 1623 493 Lutheranorum,
1669 455 1775 487 etiam
1812 456 1847 488 in
1882 457 2025 500 publica
2060 469 2145 490 con-

1139 502 1241 536 cione
1258 509 1292 535 et
1310 503 1346 536 in
1365 511 1556 548 conspectu
1574 503 1817 550 Imperatoris.
1872 509 1993 553 Quare
2013 510 2146 543 Caesar

1139 555 1241 588 valde
1260 562 1463 588 commotus
1487 556 1586 590 iussit
1604 557 1740 603 inquiri
1767 559 1867 593 istius
1893 560 1944 593 rei
1968 567 2145 595 autorem.

1138 607 1216 640 Rex
1237 620 1323 640 vero
1344 605 1571 641 Christianus
1588 610 1734 644 accessit
1750 609 2023 652 Marchionem,
2052 619 2086 646 et
2110 625 2146 647 se

1139 660 1175 692 id
1192 659 1314 693 secisse
1337 672 1411 692 non
1430 660 1651 704 petulantiae
1676 674 1802 703 causa,
1836 665 1896 697 sed
1920 671 1959 697 ut
1986 662 2146 699 hominis

1139 711 1325 745 mirandas
1349 712 1640 756 gesticulationes
1664 712 1966 758 reprehenderet,
2000 717 2145 751 fatetur.

1139 761 1305 796 Marchio
1322 763 1432 808 igitur
1449 765 1595 798 accessit
1616 764 1898 810 Imperatorem,
1923 769 2027 814 eique
2053 769 2146 801 indi-

1140 815 1253 855 cavit,
1282 821 1316 848 et
1332 815 1435 848 facile
1454 816 1507 849 ira
1526 816 1689 851 Caesaris
1709 818 1847 862 placata
1867 826 1930 854 est.

1245 874 1336 910 XXI.
1376 876 1534 920 Quidam
1562 877 1703 912 dicebat
1728 880 1772 912 ad
1797 879 1842 914 D.
1859 880 1909 914 M.
1926 878 2145 915 Lutherum:

1141 927 1325 972 Quidnam
1344 927 1548 963 faciendum
1568 936 1676 971 esset,
1712 943 1791 965 cum
1821 932 1998 977 reperiret
2022 933 2058 966 in
2083 945 2147 967 sua

1139 979 1297 1014 Ecclesia
1325 977 1514 1022 homines,
1551 982 1612 1027 qui
1638 983 1689 1018 ΞΟ
1714 984 1819 1018 annis
1844 984 2098 1018 abstinuerunt
2126 998 2147 1019 a

1140 1032 1388 1066 sacramentis.
1442 1033 1645 1077 Respondit
1670 1033 1871 1070 Lutherus:
1908 1037 2000 1074 &Rari
2027 1039 2082 1083 ῐαβ
2106 1037 2147 1081 st'e

1140 1095 1178 1129 gu
1195 1088 1264 1120 bem
1284 1082 1395 1127 teuffel
1413 1084 1521 1128 futen,
1538 1089 1602 1122 mit>
1621 1096 1699 1124 man
1719 1088 1760 1132 sie
1777 1087 1913 1132 sterben.
1941 1089 1974 1132 fo
1996 1090 2045 1135 [eg
2064 1100 2143 1126 man

1140 1136 1181 1180 ste
1219 1135 1282 1181 auf
1309 1139 1368 1173 ben
1399 1136 1539 1184 sebinbet·
1571 1141 1665 1185 plan.
1744 1141 1863 1175 Porro
1895 1142 2147 1186 interrogavit,

1141 1201 1228 1222 num
1246 1187 1413 1224 homines
1430 1188 1638 1225 huiusmodi
1654 1192 1733 1237 cogi
1750 1193 1945 1242 debeant⁸)
1971 1195 2015 1227 ad
2034 1206 2153 1229 sacra-

1142 1247 1316 1276 mentum.
1370 1242 1590 1288 Respondit:
1618 1244 1701 1279 Non
1714 1272 1723 1286 ‚
1752 1246 1836 1292 quia
1856 1253 1908 1280 est
1926 1246 2031 1291 plane
2049 1247 2151 1291 papi-

1141 1293 1283 1327 sticum.

1245 1352 1353 1388 XXII.
1384 1356 1493 1388 Anno
1523 1354 1634 1391 1519.
1661 1357 1760 1390 venit
1785 1357 1932 1403 quidam
1960 1359 2152 1403 porrigens

1142 1405 1303 1440 Luthero
1332 1408 1516 1448 dextram,
1552 1421 1661 1454 quam
1689 1410 1827 1453 excepit
1843 1409 2001 1451 Doctor,
2033 1411 2151 1445 duxit-

1142 1472 1211 1504 que
1229 1471 1310 1491 eum
1331 1459 1374 1491 ad
1393 1471 1494 1493 suam
1511 1457 1789 1495 habitationem.
1850 1460 1881 1495 Is
1905 1462 2010 1496 dixit:
2048 1463 2149 1500 §mein

1143 1510 1241 1546 lieber
1267 1509 1358 1556 Spem·
1383 1512 1537 1554 moeror,
1574 1512 1652 1558 mid)
1677 1515 1848 1556 munbcrt,
1895 1517 1958 1550 bat}
1985 1516 2015 1551 it
2045 1517 2149 1551 einem

1142 1564 1231 1598 {eben
1258 1561 1290 1605 io
1318 1563 1388 1598 batt
1411 1564 1459 1599 bie
1486 1564 1605 1610 Spanbt
1630 1566 1744 1611 reidyt.
1782 1567 1843 1602 mic
1865 1576 1936 1602 men
1966 1568 2039 1614 eud>
2063 1569 2151 1603 einer

1142 1616 1202 1650 mit
1227 1616 1314 1650 cinet-
1334 1615 1425 1662 fugcl
1452 1615 1616 1662 eritbussel
1653 1619 1779 1653 biemeil
1804 1618 1847 1663 id>
1872 1620 1971 1654 auein
1997 1620 2055 1663 bei)
2079 1620 2151 1666 eud)

1144 1666 1223 1702 bin?
1266 1667 1364 1701 Dixit
1382 1669 1537 1701 Doctor:
1568 1669 1626 1705 ΞΟ
1654 1669 1738 1712 must
1763 1671 1789 1705 it
1816 1671 1889 1716 bod)
1913 1672 1990 1717 aud)
2015 1671 2149 1715 sterben.

1144 1719 1344 1762 Respondit
1364 1721 1473 1753 alter:
1503 1721 1593 1757 {Ean
1613 1724 1674 1756 ῠαέ
1694 1721 1858 1767 ,ςεῖὼώεμ
1888 1722 1920 1765 fo
1946 1724 2051 1769 macbt
2073 1723 2151 1770 mid)

1143 1774 1197 1806 bet
1227 1769 1334 1817 ⁵903)st
1366 1782 1404 1815 511
1438 1773 1541 1807 einem
1575 1773 1743 1819 Speiticben
1778 1779 1842 1810 ont>
1877 1776 1948 1821 eud)
1978 1787 2014 1820 gu
2046 1777 2149 1812 ciuem

1143 1822 1246 1866 seiger.
1310 1822 1372 1856 His
1399 1825 1530 1858 auditis
1554 1827 1741 1859 accersivit
1757 1825 1938 1861 Lutherus
1957 1827 2151 1872 WVolsgan-

1143 1887 1225 1918 gum
1244 1875 1419 1915 famulum
1439 1889 1542 1910 suum
1555 1903 1564 1917 ,
1594 1884 1628 1911 et
1646 1878 1736 1912 alter
1753 1879 1811 1912 ille
1830 1892 1915 1912 mox
1940 1892 1981 1913 ex
2007 1880 2150 1913 civitate

1143 1926 1314 1961 discessit.

1248 1985 1370 2021 XXIII.
1409 1987 1498 2021 Cum
1519 1987 1710 2034 Philippus
1728 1991 1796 2024 iter
1816 1991 1950 2024 faceret
1973 2003 2045 2024 una
2069 2004 2149 2025 cum

1144 2038 1390 2074 visitatoribus
1415 2041 1644 2075 ecclesiarum
1675 2044 1718 2075 ad
1737 2042 1960 2087 Eisenburg,
1996 2056 2062 2076 nec
2086 2043 2151 2078 sci-

1144 2098 1222 2124 rent
1253 2092 1369 2132 viam‚
1405 2105 1512 2138 eques
1537 2094 1905 2138 accedensnrusticum
1929 2092 2151 2140 Thuringia-

1143 2156 1250 2183 num,
1286 2157 1440 2190 eumque
1466 2146 1509 2178 de
1535 2146 1592 2179 via
1620 2147 1876 2191 interrogavit3
1920 2154 1998 2180 erat
2027 2154 2146 2181 autem

1143 2193 1268 2230 hiems.
1324 2196 1526 2241 Respondit
1545 2199 1716 2233 rusticus:
1747 2198 1780 2232 O
1805 2212 1870 2244 ego
1895 2206 1989 2233 certe
2015 2199 2148 2240 nescio,

1142 2249 1200 2281 sed
1229 2249 1290 2294 qui
1315 2255 1418 2289 sunt,
1456 2250 1517 2295 qui
1540 2253 1665 2284 sedent
1691 2251 1726 2283 in
1751 2251 1885 2285 curru?
1946 2251 2150 2296 Respondit

1142 2312 1269 2346 eques:
1298 2300 1389 2334 Sunt
1411 2302 1588 2337 doctores.
1642 2301 1740 2336 Vah!
1756 2303 1788 2351 ⁹)
1819 2303 1955 2351 (inquit
1978 2304 2148 2351 rusticus)

1142 2359 1224 2385 sunt
1243 2354 1421 2394 doctores,
1445 2366 1510 2387 nec
1526 2361 1665 2389 tantum
1685 2356 1902 2396 didicerunt,
1928 2362 1967 2389 ut
1985 2363 2147 2400 tempore

1144 2402 1270 2439 hiemis
1297 2407 1395 2439 domi
1419 2420 1454 2441 se
1479 2407 1714 2440 contineant?
1743 2422 1808 2453 ego
1831 2422 1908 2443 suin
1936 2409 2090 2442 rusticus
2114 2414 2148 2441 et

1144 2463 1264 2489 tamen
1286 2460 1375 2491 adeo
1396 2460 1551 2503 peritus,
1578 2466 1617 2493 ut
1635 2460 1671 2492 in
1692 2467 1825 2494 aestate
1846 2467 1985 2494 tantuin
2013 2460 2145 2493 victum

1144 2520 1371 2553 comparem,
1414 2525 1486 2557 quo
1522 2524 1578 2544 Ine
1613 2512 1647 2544 in
1683 2510 1800 2546 hieme
1826 2515 1935 2547 domo
1964 2512 2146 2545 continere

1145 2574 1288 2605 possim.

1178 2672 1207 2701 7)
1229 2673 1334 2703 coepit]
1355 2673 1438 2697 coit:
1466 2673 1539 2704 cepit

1177 2716 1207 2745 Β)
1227 2715 1360 2743 debeant]
1381 2716 1465 2741 Coit:
1496 2717 1593 2740 dehent

1180 2759 1210 2785 9)
1231 2758 1322 2787 Vani]
1342 2759 1424 2783 coa:
1455 2760 1527 2783 vach
