2421 3037
292 91 367 127 579

290 185 386 212 neste
405 179 549 214 vivendi
568 187 602 213 et
618 180 769 214 invitato
790 180 912 215 animo
930 183 1069 227 puellae
1085 191 1206 228 postea
1228 183 1293 219 ho-

290 230 424 264 nestIus
446 238 479 264 et
503 232 632 265 certius
654 232 791 265 ambire
811 233 960 277 possint.
1016 235 1115 280 Papa
1139 237 1293 270 damna-

289 280 339 313 vit
375 279 542 321 choreas,
589 283 673 327 quia
709 285 936 320 adversarius
970 286 1037 320 suit
1068 288 1291 332 nuptiarum.

289 331 358 365 Sed
378 334 536 366 modeste
553 333 642 366 fiant
667 336 788 368 omnia
816 336 861 369 ob
889 334 981 371 hanc
1009 350 1165 375 causam.
1218 340 1292 374 Vo—

288 382 467 429 centurffi)
492 381 633 418 honesti
659 386 727 419 viri
752 394 785 420 et
811 394 1021 429 matronae,
1064 403 1155 436 quae
1178 391 1292 426 inter-

287 445 358 467 esse
376 432 515 469 choreis
532 437 681 477 dehent,
709 445 749 472 ut
768 437 951 475 honestius
973 443 1094 476 omnia
1116 444 1214 478 fiant.

495 519 597 555 CCX.
635 520 696 554 De
725 529 849 557 terra
880 524 1078 561 Lemnia.

388 586 451 620 Est
471 587 644 623 mirabilis
667 597 796 624 natura
820 599 937 626 terrae
954 593 1140 629 Lemniae.
1195 596 1289 629 Nam

283 636 515 672 Dioscorides
532 640 673 685 scripsit
690 640 890 678 humanum
916 646 1126 688 sanguinem
1148 647 1288 681 misceri

282 695 400 722 terrae
419 688 612 732 Lemniae,
643 694 741 728 cuius
764 697 913 729 remedii
939 710 1090 741 maguus
1116 711 1199 732 usus
1225 706 1286 733 est.

282 739 404 785 Quare
422 740 581 777 Galenus
605 744 679 788 ipse
702 757 740 778 ea
768 746 843 781 loca
875 748 981 789 adiit,
1017 756 1055 782 ut
1082 750 1287 794 exploraret

281 798 388 831 certe,
408 795 594 838 quomodo
607 804 802 840 apparetur
811 798 869 846 ⁸⁶),
889 800 1137 846 comperitque
1154 808 1284 836 natura

280 844 396 877 solum
416 856 490 878 esse
516 847 735 882 metallicum
759 850 833 884 sive
859 851 1009 886 mixtum
1035 850 1177 887 hircino
1204 866 1285 888 san-

279 895 399 939 guine.
468 896 531 931 Est
557 905 675 932 autem
701 898 808 935 hodie
832 902 868 935 in
894 909 995 937 tanto
1020 917 1085 938 usu
1110 911 1284 952 tantaque

279 947 521 982 admiratione
539 952 636 993 apud
655 949 816 988 Thraces
842 961 875 987 et
892 955 1069 996 Graecos,
1098 963 1138 990 ut
1161 964 1283 1003 tyran-

278 1009 345 1032 nus
368 997 520 1034 Iurritus
537 1001 662 1045 legatis
684 1010 817 1038 terram
843 1005 1031 1040 Lemniam
1059 1008 1153 1042 inter
1178 1022 1282 1054 pecu-

277 1049 379 1083 liaria
398 1052 493 1084 dona
513 1054 600 1086 dare
617 1055 741 1089 soleat.

381 1118 498 1153 CCXI.
541 1120 617 1155 Rex
639 1121 847 1167 Alphonsus
870 1125 937 1159 fuit
963 1125 1073 1162 homo
1096 1130 1222 1164 doctus
1247 1137 1281 1164 et

275 1171 444 1214 prudens.
523 1172 614 1206 Huic
644 1186 723 1207 cum
757 1176 953 1222 aliquando
984 1181 1190 1214 nuntiatum
1228 1195 1280 1217 es-

274 1229 344 1262 set,
373 1225 546 1269 quosdam
568 1237 586 1258 a
605 1238 640 1259 se
661 1227 848 1268 defecisse,
875 1229 911 1263 in
932 1243 1022 1277 quos
1041 1233 1152 1266 multa
1172 1234 1280 1268 bene-

273 1273 350 1306 ficia
389 1277 608 1317 contulerat,
660 1278 819 1322 primum
856 1283 900 1314 ad
937 1282 1028 1316 iram
1063 1293 1279 1328 commotus,

272 1331 394 1369 postea
414 1328 575 1361 animum
592 1329 769 1375 recipiens
786 1332 892 1366 dixit:
921 1333 998 1368 Ach
1016 1336 1103 1382 quid
1126 1349 1191 1382 ego
1209 1338 1278 1374 illis

270 1376 433 1411 irascor?
475 1380 631 1414 maxima
659 1383 821 1429 adeoque
850 1385 990 1420 infinita
1017 1387 1084 1422 Dei
1107 1390 1278 1424 beneficia

270 1428 307 1460 in
344 1442 399 1463 me
432 1438 619 1473 constant,
655 1434 711 1467 cui
736 1447 801 1478 ego
831 1442 953 1471 tamen
981 1452 1058 1473 sum
1096 1440 1276 1486 ingratus;

271 1492 345 1513 non
369 1481 479 1526 igitur
506 1484 638 1517 mirum
664 1493 733 1525 est,
777 1488 804 1520 si
830 1494 863 1520 et
885 1486 922 1521 hi
944 1502 1072 1534 parum
1097 1505 1276 1528 memores

271 1539 352 1565 sunt
372 1533 650 1575 beneficiorum,
678 1538 808 1583 quibus
825 1539 905 1574 illos
926 1542 1039 1576 affeci.

354 1619 488 1654 CCXII.
528 1620 754 1666 Lepidum
785 1625 956 1660 dictum
988 1628 1190 1664 alicuius

663 1675 883 1711 tibicinis.

372 1738 605 1774 Ptolomaeus
631 1754 691 1775 rex
719 1742 902 1778 tibicinem
929 1747 1059 1781 fidibus
1082 1756 1270 1783 canentem

267 1788 571 1835 reprehendebat,
604 1793 661 1827 cui
685 1794 818 1829 tibicen
842 1799 1046 1842 respondit:
1085 1799 1194 1834 Aliud
1220 1808 1271 1836 est

265 1849 466 1887 sceptrum,
509 1844 607 1878 aliud
646 1845 842 1890 plectrum,
882 1849 1043 1885 iudicans
1078 1864 1198 1897 regem
1237 1860 1271 1887 et

266 1906 392 1929 omnes
409 1895 499 1930 alios
514 1896 652 1937 dicere,
678 1905 719 1932 ut
741 1900 795 1933 sui
823 1902 983 1936 muneris
1008 1910 1042 1936 et
1067 1905 1172 1938 officii
1197 1918 1270 1939 me-

265 1958 364 1987 mor,
400 1959 474 1980 non
502 1948 546 1981 de
578 1948 656 1983 aliis
682 1950 789 1985 rebus
813 1953 985 1988 sollicitus
1010 1955 1074 1995 sit,
1113 1969 1268 2003 quarum

264 2010 338 2031 non
358 1996 488 2032 habeat
507 2001 763 2044 coguitionem.

265 2081 414 2116 CCXIII.
455 2084 745 2120 Horrendum
776 2089 961 2124 facinus
990 2092 1266 2135 magicarum

264 2135 506 2169 mulierum
539 2137 581 2169 in
612 2151 726 2182 pago
758 2142 952 2185 quodam
981 2154 1069 2176 non
1108 2146 1267 2187 procul

621 2203 637 2221 a
668 2189 907 2227 Berolino.

365 2254 495 2288 Amisit
521 2257 674 2292 rusticus
697 2261 885 2303 puerulum
901 2289 909 2301 ,
937 2276 1042 2308 quem
1073 2266 1164 2298 sorte
1184 2278 1264 2299 cum

262 2312 469 2351 quaereret,
498 2309 647 2342 venitin
663 2313 766 2345 aedes
788 2312 914 2355 vicini,
944 2315 1005 2348 ubi
1024 2315 1136 2350 filium
1157 2317 1266 2351 iuter-

262 2358 391 2390 l‘ectum
418 2364 451 2391 et
474 2361 693 2395 excoriatum
720 2363 869 2399 invenit.
926 2365 980 2399 Ira
1002 2368 1123 2414 itaque
1153 2370 1265 2413 perci-

260 2415 315 2442 tus
341 2409 495 2453 magicas
524 2413 690 2448 mulieres
716 2417 803 2450 duas
826 2419 1053 2462 aggreditur,
1089 2433 1263 2455 convoca·
1290 2432 1293 2468 Ι

259 2460 374 2506 tisque
405 2462 544 2496 rusticis
575 2467 715 2510 quaerit
747 2466 852 2503 huius
885 2468 1071 2504 homicidii
1106 2485 1263 2515 causam,
1290 2471 1292 2506 l

258 2525 320 2545 cur
340 2525 491 2557 puerum
508 2527 611 2548 suum
632 2517 895 2561 interfecerint,
926 2536 1006 2557 cum
1027 2536 1146 2571 neque
1167 2538 1185 2558 a
1213 2539 1261 2565 se,

256 2576 373 2610 neque
395 2579 413 2598 a
440 2566 591 2610 coniuge
618 2568 747 2613 ipsius,
783 2585 899 2619 neque
924 2588 942 2607 a
967 2575 1039 2609 filio
1066 2577 1181 2612 laesae
1210 2591 1261 2613 es·
1287 2575 1289 2613 ἓ

291 2673 338 2702 Άὸ)
360 2675 518 2705 vocentur]
539 2678 623 2704 Cod.:
652 2680 795 2705 Vocantur

291 2716 337 2747 86)
358 2723 534 2749 appare-tun]
555 2722 640 2746 Cod.:
666 2725 818 2754 aperiatur.

920 95 1042 132 PHIL.
1070 99 1184 134 MEL.
1213 99 1417 134 SCRIPTA
1447 101 1717 141 HISTORICA.

2272 115 2348 152 580

1347 193 1437 220 sent.
1506 188 1741 234 Respondent
1773 193 1931 238 magicae
1961 197 2147 239 mulieres,
2176 213 2213 235 se
2238 201 2347 236 aliam

1348 239 1393 271 ob
1420 240 1620 287 causam⁸⁷)
1644 255 1796 287 puerum
1823 246 2012 288 occidisse,
2055 261 2185 295 nempe
2210 259 2250 287 ut
2273 266 2349 288 car-

1346 301 1428 323 nem
1462 291 1536 326 eius
1564 303 1762 339 coquerent
1793 298 1838 330 ad
1866 299 2022 332 formam
2046 300 2219 345 ignitam,
2249 307 2348 351 quod

1346 341 1376 375 si
1405 343 1634 385 processisset
1657 347 1732 381 sine
1757 348 2040 393 impedimento,
2067 353 2159 388 sicut
2173 355 2348 391 decrevis-

1346 392 1499 440 sent⁸⁸),
1532 408 1568 429 se
1595 397 1783 433 effecturas
1806 401 1952 445 glaciem
1982 404 2027 437 ad
2050 407 2254 449 perdendas
2274 408 2350 442 fru-

1346 456 1417 488 ges.
1464 446 1561 481 Haec
1577 460 1651 482 non
1670 458 1753 484 sunt
1771 449 1929 487 humana
1941 481 1950 495 ,
1972 457 2033 489 sed
2049 457 2228 492 diabolica
2241 458 2347 495 facta.

1344 494 1396 529 Ita
1415 496 1612 541 Diabolus,
1639 509 1830 549 postquam
1849 504 1986 549 Spiritu
2011 509 2192 557 sancto⁸⁹)
2216 512 2347 554 eiectus

1345 554 1409 588 est,
1437 556 1637 585 creaturam
1658 553 1694 587 in
1712 554 1812 589 vivos
1823 555 1996 593 Diabolos
2012 568 2223 598 commutat.
2256 562 2347 597 Pro-

1345 606 1465 642 pterea
1486 602 1677 648 diligenter
1703 608 1882 642 orandum
1911 616 1979 651 est,
2014 618 2054 645 ut
2077 625 2144 648 nos
2160 613 2257 649 Deus
2280 627 2345 649 suo

1343 650 1480 695 Spiritu
1499 662 1622 689 sancto
1633 656 1680 704 ⁸⁹)
1698 665 1819 703 regat,
1849 661 1931 706 quia
1962 669 2024 696 aut
2046 661 2156 699 homo
2180 672 2231 701 est
2257 672 2346 700 tem-

1344 702 1440 746 plum
1460 703 1547 746 Dei,
1575 714 1636 742 aut
1655 710 1879 745 domicilium
1897 713 2064 750 Satanae.

1517 790 1685 829 CCXIIII.
1726 795 1879 831 Poena
1908 797 2166 837 homicidii.

1444 859 1601 904 Quidam
1634 863 1753 897 viator
1782 866 1874 899 forte
1902 867 2080 903 inciderat
2109 870 2147 903 in
2172 870 2344 913 latrones,

1339 915 1374 942 et
1400 922 1479 944 cum
1509 913 1554 945 ab
1579 913 1664 959 ipsis
1689 917 1933 958 occideretur,
1962 921 2053 954 vidit
2074 924 2343 966 praetervolare

1339 962 1519 1004 cornices,
1547 967 1593 998 ad
1610 979 1698 1012 quas
1717 969 1864 1002 clamat:
1897 970 2051 1011 Precor,
2076 980 2117 1007 ut
2141 973 2217 1009 sitis
2240 987 2342 1009 meae

1338 1013 1433 1048 necis
1461 1015 1616 1052 ultrices.
1672 1019 1798 1054 Tertio
1821 1021 1878 1054 die
1903 1029 1985 1066 post
2007 1024 2158 1058 veniunt
2182 1026 2342 1061 latrones

1337 1064 1374 1097 in
1399 1066 1546 1108 urbem,
1575 1076 1608 1103 et
1629 1082 1708 1104 cum
1737 1084 1866 1117 magna
1889 1075 2073 1110 cornicum
2098 1077 2200 1121 copia
2223 1079 2342 1119 aedeS,

1336 1116 1373 1149 in
1393 1130 1482 1163 quas
1505 1118 1778 1164 ingrediuntur,
1806 1133 2018 1170 occuparet,
2046 1128 2138 1162 forte
2165 1141 2258 1165 unus
2281 1143 2341 1164 eo-

1335 1180 1415 1202 rum
1441 1170 1547 1204 dixit:
1589 1172 1663 1207 lam
1690 1176 1840 1210 veniunt
1864 1179 2023 1213 cornices
2049 1180 2191 1214 ulturae
2213 1193 2339 1216 necem

1335 1218 1489 1269 [bici⁹⁰).
1542 1223 1599 1258 Sic
1614 1226 1709 1259 enim
1729 1234 1806 1261 erat
1826 1240 1960 1263 nomen
1982 1231 2131 1266 viatoris
2148 1232 2339 1268 interfecti.

1334 1273 1495 1308 Audiens
1522 1276 1677 1312 famulus
1709 1291 1843 1314 nomen
1865 1279 2029 1328 Ibici90),
2075 1284 2137 1329 qui
2160 1284 2228 1318 fuit
2252 1285 2339 1320 civis

1335 1324 1492 1359 eiusdem
1513 1327 1685 1370 civitatis,
1713 1332 1827 1366 defert
1848 1345 1924 1366 rem
1948 1335 1993 1367 ad
2011 1332 2137 1368 herum
2151 1362 2160 1376 ,
2186 1336 2248 1382 qui
2268 1343 2338 1371 sta-

1335 1375 1398 1410 tim
1420 1379 1560 1412 curavit
1583 1392 1643 1415 eos
1672 1381 1894 1427 deprehendi
1923 1393 1957 1419 et
1982 1386 2018 1419 in
2045 1398 2225 1421 carcerem
2251 1400 2336 1422 con-

1332 1427 1410 1467 iici,
1435 1436 1469 1462 et
1487 1433 1631 1464 tandem
1652 1433 1761 1469 iustas
1784 1448 1920 1480 poenas
1942 1434 2129 1471 homicidii
2146 1439 2336 1475 dederunt.
2375 1438 2383 1446 ’

1393 1522 1528 1559 CCXV.
1566 1523 1594 1557 L
1606 1538 1627 1558 u
1637 1538 1683 1560 su
1693 1539 1708 1560 s
1736 1527 1768 1560 H
1779 1527 1787 1560 i
1798 1528 1809 1561 l
1819 1540 1838 1561 a
1848 1541 1865 1562 r
1875 1528 1886 1561 i
1896 1542 1918 1563 u
1928 1542 1963 1563 m
1990 1528 2085 1566 Phil.
2111 1532 2197 1567 Mel.
2207 1532 2266 1580 ⁹¹).

1432 1591 1521 1626 Erat
1539 1591 1595 1626 hic
1614 1600 1738 1638 pastor
1754 1596 1900 1641 quidam
1914 1625 1923 1638 ,
1952 1598 2014 1644 qui
2031 1599 2068 1632 in
2086 1599 2180 1636 ludis
2196 1599 2334 1639 hilariis

1329 1654 1389 1676 seu
1405 1645 1662 1685 saturnalibus,
1691 1648 1888 1683 convivans
1905 1662 1986 1684 cum
2001 1651 2075 1686 suis
2093 1653 2212 1694 sociis,
2239 1651 2333 1689 hanc

1329 1694 1377 1727 eis
1396 1696 1643 1740 quaestionem
1670 1700 1876 1743 proposuit:
1909 1701 2032 1747 Quare
2057 1704 2164 1739 vultis
2187 1717 2332 1740 servare

1327 1746 1424 1780 lusus
1443 1747 1620 1781 Hilarium
1647 1756 1679 1782 et
1705 1762 1779 1784 non
1808 1752 1915 1786 vultis
1942 1753 2098 1788 retinere
2127 1756 2332 1792 ieiunium?

1328 1797 1416 1831 Cum
1454 1812 1540 1833 vero
1571 1813 1645 1834 non
1680 1810 1827 1846 possent
1853 1807 2094 1850 respondere,
2133 1808 2332 1854 obiurgans

1327 1862 1405 1890 eos,
1434 1851 1508 1895 ipse
1528 1852 1632 1885 talem
1661 1855 1819 1889 reddidit
1842 1856 2039 1891 rationem:
2076 1857 2251 1894 Ieiunium
2277 1868 2330 1896 est

1326 1902 1530 1936 observatio
1557 1905 1802 1949 superstitiosa
1824 1908 1983 1942 cultuum
2010 1922 2083 1943 non
2110 1913 2330 1947 necessario-

1324 1966 1427 1993 rum,
1458 1967 1542 1998 ergo
1561 1956 1798 1997 abolendum3
1827 1959 1893 1993 ista
1920 1961 2094 1995 relaxatio
2119 1963 2327 2000 animorum

1325 2012 1375 2040 est
1392 2009 1613 2042 consuetudo
1632 2008 1774 2053 politica
1793 2010 1868 2045 sine
1886 2012 2082 2057 impietate,
2109 2027 2193 2060 ergo
2209 2023 2327 2062 potest

1324 2059 1484 2093 retineri.
1546 2059 1642 2094 Haec
1668 2067 1720 2095 est
1743 2063 1882 2097 erudita
1910 2064 2092 2099 distinctio
2115 2075 2257 2113 sumpta
2284 2082 2325 2102 ex

1323 2110 1472 2145 diversis
1488 2112 1688 2153 generibus.

1406 2196 1556 2230 CCXVI.
1598 2198 1657 2230 De
1686 2198 2034 2244 ingratitudine
2064 2205 2237 2250 punita.

1423 2266 1612 2310 Ablegavit
1631 2268 1826 2314 aliquando
1846 2268 2049 2317 Philippus,
2070 2286 2133 2308 rex
2153 2274 2322 2310 Macedo-

1322 2330 1421 2358 num,
1440 2316 1642 2352 ministrum
1662 2333 1824 2366 peregre,
1842 2324 1903 2369 qui
1920 2336 1998 2358 cum
2019 2331 2230 2371 tempestate
2246 2341 2321 2362 ma-

1320 2369 1368 2403 ris
1396 2370 1439 2401 ad
1467 2370 1582 2404 vicum
1607 2374 1786 2417 quendam
1817 2376 1975 2421 appulit,
2018 2380 2112 2423 apud
2147 2379 2318 2414 rustIcum

1351 2490 1398 2521 87)
1419 2490 1501 2514 aliam
1522 2492 1556 2515 ot»
1575 2494 1701 2523 causam]
1721 2495 1804 2520 coda
1831 2495 1902 2520 alias
1922 2498 1955 2521 oli
1974 2502 2085 2522 causam
2106 2499 2209 2523 nullam
2235 2499 2318 2529 (haec

1388 2531 1438 2549 vox
1467 2525 1622 2553 „nullam”
1649 2529 1795 2553 obliterata
1822 2531 1949 2561 quidem,
1990 2531 2089 2557 deinde
2117 2540 2183 2557 vero
2211 2535 2317 2565 punctis

1385 2560 1569 2590 subscriptis,
1598 2564 1727 2593 tanquam
1748 2570 1802 2588 nou
1822 2566 1954 2591 delenda.
1980 2566 2091 2597 signata
2110 2570 2187 2597 est.)

1349 2603 1398 2631 238)
1418 2603 1631 2638 decrevissent,]
1653 2607 1735 2632 Coit:
1762 2609 1956 2639 decreverant,

1348 2646 1396 2677 »59)
1418 2648 1520 2677 spiritu
1541 2649 1651 2682 sancto]
1673 2652 1739 2675 Cod.
1761 2655 1877 2683 utroque
1899 2654 1973 2679 ioco:
1999 2657 2049 2679 ss.

1347 2689 1394 2722 90)
1416 2690 1494 2720 ibici]
1515 2692 1581 2716 (ἰού.
1604 2696 1719 2725 utroque
1740 2695 1818 2719 loco:
1846 2696 1924 2719 Ibit-1¹<

1346 2735 1393 2761 91)
1416 2734 1482 2759 Phil.
1507 2736 1586 2764 Mel]
1607 2739 1688 2763 t'od,:
1713 2746 1729 2770 ι]
1754 2740 1779 2761 M
