2389 3037
75 206 129 239 Ba
185 205 321 239 Omnes
338 205 387 249 pii
405 205 498 249 grati
516 206 802 240 benefactoribus
819 213 914 245 sunt,

75 263 125 290 ro‘
180 257 276 291 Nero
296 269 370 289 non
387 257 455 290 fuit
472 264 594 300 gratus
612 258 852 297 benefactori,
882 269 966 300 ergo

76 321 116 341 co
178 308 275 342 Nero
294 321 367 340 non
385 308 451 340 fuit
470 308 561 352 pius.

593 118 668 154 Vll.
724 118 1095 154 COMPENDIARIA
1120 119 1436 155 DIALECTICES
1464 121 1627 156 RATIO.

1104 273 1107 292 Ι

1103 303 1107 355 l

2062 125 2137 162 742

1134 206 1318 248 videntur,
1347 219 1454 252 quam
1483 208 1754 252 comparatione
1782 209 2065 251 contrariorum,
2093 213 2136 244 de

1133 270 1205 302 quo
1227 259 1316 290 infra
1345 260 1380 291 in
1410 258 1496 292 locis
1524 268 1819 303 argumentorum
1838 263 1939 306 plura
1965 263 2135 297 dicemus.

1133 309 1250 354 Atque
1267 307 1335 342 buc
1361 310 1505 354 quidem
1531 313 1693 344 reductio
1721 326 1783 356 per
1810 315 2032 359 impossibile
2057 328 2136 360 per—

177 377 341 410 Postulat
366 375 423 409 bic
447 377 564 417 locus,
604 383 643 410 ut
669 383 701 409 et
728 379 770 409 de
796 375 1078 414 reductionibus,
1104 358 1106 370 l
1133 359 1241 399 ‘luet‘
1270 358 1441 394 hammus
1462 363 1610 395 0¹³⁵C¹¹Fe
1629 365 1844 411 sordideque
1864 379 1881 398 ³¹
1906 364 2036 401 scholis
2060 367 2136 400 dia-

76 439 164 474 quas
189 435 340 468 vocant,
376 427 544 461 nonnihil
570 429 708 467 dicam,
751 429 879 474 quibus
903 428 1078 460 secundae

74 481 208 524 figurae
226 479 422 524 syllogismi
448 481 485 512 in
503 480 656 524 prim->xm
684 481 834 523 figuram
861 485 1078 511 convertun-

74 538 133 565 tur
144 531 203 578 ⁵⁷).
248 530 310 564 His
329 531 494 576 equidem
513 544 586 564 non
605 539 676 564 tam
697 531 834 565 ostendi
847 558 855 570 ,
885 530 1078 574 probarive

74 583 298 628 syllogismos
315 595 442 616 censeo
463 597 569 630 quam
591 583 746 622 mutari,
779 589 818 615 ut
839 582 910 614 iam
930 594 1005 615 non
1021 593 1078 614 ea-

75 635 154 667 dem
174 635 219 668 sit
235 634 478 675 ratiocinatio,
505 635 672 680 idemque
689 641 956 678 argumentum,
981 634 1077 678 quod

74 686 174 730 prius
192 693 278 719 erat.
331 686 469 731 Nempe
488 687 616 726 medii,
642 686 679 718 in
696 698 768 731 quo
792 692 866 719 tota
893 686 946 719 vis
972 697 1077 729 argu-

74 744 184 770 menti
209 737 390 777 consistit,
428 739 568 771 ratione
599 744 758 777 mutata,
787 744 826 770 ut
851 737 888 769 in
914 737 1078 769 animan-

73 789 163 822 tium
194 789 406 833 corporibus
439 789 525 822 citra
561 789 717 833 prodigii
751 788 926 833 speciem,
966 789 1012 821 ita
1040 788 1077 821 in

74 841 288 885 syllogismis
304 838 396 873 nihil
414 841 608 874 transferre
636 841 728 874 licet.
798 840 959 880 Deinde,
997 852 1077 873 cum

73 892 255 925 fateantur
270 889 433 933 scholae,
461 904 535 925 non
560 905 663 937 posse
691 904 815 926 omnes
842 893 969 925 modos
994 903 1078 924 con-

73 943 163 976 verti
193 943 229 976 in
254 943 409 988 primam
436 944 608 987 figuram,
644 956 816 990 quorsum
843 943 990 983 attinet,
1025 943 1077 975 iu-

74 1006 205 1028 venum
224 995 367 1038 ingenia
385 995 515 1040 ineptis
532 997 783 1029 reductionum
807 995 972 1028 formulis
993 1007 1078 1027 one-

73 1046 180 1079 rare?
241 1047 358 1080 Porro
395 1047 527 1086 miror,
570 1047 655 1093 quid
689 1047 726 1079 in
756 1053 913 1079 mentem
939 1046 1079 1079 venerit

74 1095 223 1138 scholis,
252 1110 314 1131 cur
331 1100 375 1131 ad
399 1099 553 1131 formam
575 1099 866 1144 syllogismorum
893 1099 1079 1131 declaran-

75 1150 178 1189 dam,
215 1156 249 1182 et
274 1150 519 1184 reductionem
545 1163 609 1194 per
634 1149 933 1195 impossil›ile⁵⁸)‚
968 1162 1076 1195 quam

74 1207 222 1242 vocant,
260 1202 492 1242 advocarint,
535 1214 614 1234 cum
643 1214 681 1235 ea
709 1204 753 1234 ad
785 1203 971 1234 materiam
1000 1207 1079 1234 tan-

74 1259 150 1286 tum
176 1253 489 1297 syllogismorum,
519 1251 586 1286 hoc
610 1260 679 1291 est,
710 1254 897 1286 veritatem
924 1259 958 1286 et
983 1253 1078 1286 falsi-

74 1311 184 1337 tatem
221 1305 538 1348 pronuntiatorum
577 1306 846 1344 excutiendam,
891 1305 1078 1348 pertinent.

75 1356 172 1401 Quid
207 1356 301 1388 enini
335 1356 454 1389 ordini
489 1357 734 1402 iuncturisque
765 1356 961 1401 syllogismi
991 1357 1078 1390 lucis

76 1408 283 1447 accesserit,
319 1421 383 1452 per
409 1408 727 1452 pronuntiwtorinn
750 1408 1078 1452 comprobationes,

76 1471 167 1505 quae
187 1460 388 1499 materiam,
405 1471 478 1492 non
498 1460 650 1492 sormam
664 1460 860 1505 syllogismi
880 1459 1077 1492 adiuvant?

74 1510 126 1544 Ut
150 1511 188 1543 in
212 1511 390 1551 aedificio,
431 1511 513 1543 item
547 1511 581 1543 in
617 1518 753 1551 statua,
797 1512 883 1545 alias
916 1511 1078 1552 materia,

76 1562 164 1596 alias
185 1568 364 1596 structura
389 1563 577 1608 formaque
606 1569 805 1607 spectatur:
845 1563 891 1595 ita
917 1563 1079 1608 syllogis-

76 1626 220 1647 morum
247 1614 422 1653 formam,
459 1615 754 1654 collocationem,
795 1621 829 1647 et
855 1627 1078 1659 compagem,

75 1678 138 1700 seu
173 1665 288 1699 mavis
321 1663 550 1698 harmoniam
581 1678 730 1706 vocare,
773 1678 847 1699 non
878 1667 1078 1706 materiem,

75 1715 144 1750 hoc
171 1718 249 1750 loco
274 1723 486 1761 spectamus.
557 1717 639 1762 Quo
666 1718 812 1757 ordine,
855 1730 963 1762 qnam
998 1725 1078 1762 apte

77 1766 269 1802 cohaereat
285 1770 467 1803 conclusio
486 1782 564 1802 cum
585 1769 722 1802 maiore
739 1782 778 1802 ac
798 1769 958 1809 minore,
987 1782 1078 1814 quae

75 1821 190 1854 tribus
208 1820 371 1854 terminis
395 1821 606 1854 coniunctae.
632 1827 732 1861 sunt,
767 1819 823 1854 hic
851 1821 1077 1864 potissimum

77 1872 296 1906 observabis.
349 1872 411 1906 Est
428 1879 544 1905 autem
569 1872 730 1905 reductio
758 1885 822 1917 per
847 1873 1079 1917 impossibile,

76 1925 184 1970 plane
201 1921 420 1957 rhetoricum
438 1922 578 1958 schema
593 1953 601 1965 ,
631 1937 702 1969 qno
728 1937 745 1956 a
773 1925 956 1957 contrario
975 1937 1079 1968 argu-

77 1982 294 2008 mentamur.
342 1976 434 2009 Nam
461 1978 637 2010 sermonis
664 1983 790 2009 natura
818 1978 873 2016 fit,
919 1983 957 2009 ut
983 1989 1078 2009 com-

76 2027 267 2072 paratione
292 2028 579 2069 contrariorum,
620 2028 740 2060 onmia
770 2034 978 2071 argumenta
1010 2029 1079 2061 cla-

77 2080 191 2121 riora,
221 2079 405 2124 magisque
422 2080 608 2123 perspicua
630 2080 735 2120 fiant,
763 2086 803 2113 ut
829 2080 855 2113 si
880 2080 1079 2112 declaratu-

78 2143 138 2165 rus
164 2131 229 2170 sis‚
267 2143 373 2175 quam
399 2131 502 2163 foeda
528 2144 583 2164 res
607 2132 737 2165 bellum
765 2131 828 2171 sit,
865 2144 939 2164 non
969 2144 1078 2177 queas

78 2182 216 2227 aptius,
253 2195 360 2227 quam
391 2183 418 2216 si
449 2195 527 2215 cum
558 2184 653 2226 pacis
676 2183 875 2216 commodis
901 2184 1076 2216 bellorum

77 2235 172 2267 mala
199 2234 371 2268 conseras.
443 2234 626 2278 Quantum
662 2235 778 2268 laudis
804 2236 979 2269 sobrietas
1005 2247 1077 2268 me-

76 2292 218 2325 reatur,
262 2285 456 2319 clarissime
488 2286 703 2327 ostenderis,
753 2286 799 2327 si,
848 2287 933 2332 qnid
967 2287 1078 2320 sitin

78 2338 249 2371 ebrietate
274 2337 507 2381 turpitudinis
535 2344 568 2370 et
594 2338 830 2378 incommodi,
874 2339 1078 2371 declarave-

77 2391 137 2422 ris.
189 2388 267 2422 Hoc
285 2402 395 2432 genus
415 2389 602 2422 innumera
622 2396 705 2422 sunt
728 2391 909 2434 exempla,
939 2403 1017 2423 cum
1041 2391 1075 2422 in

77 2438 294 2485 prophanis,
322 2448 396 2474 tuni
417 2441 451 2473 in
468 2442 575 2474 sacris
597 2441 841 2485 scriptoribus.
895 2442 968 2476 Nec
993 2443 1078 2483 ullo,

79 2493 175 2538 quod
201 2493 333 2531 sciam,
373 2491 551 2526 schemate
577 2493 800 2539 libentius⁵⁹)
825 2494 876 2527 uti
900 2492 1077 2528 Rbetores

112 2608 161 2637 57)
181 2611 282 2634 Annot.
302 2616 407 2641 marga:
433 2611 474 2634 De
494 2610 653 2634 reductione
673 2610 824 2634 ostemiva.

114 2659 161 2691 58)
183 2662 282 2686 Annot.
303 2668 407 2691 marg:

149 2698 205 2718 tuin
225 2702 241 2718 a
261 2698 411 2721 contrario.

114 2748 161 2775 59)
182 2747 324 2779 libentius]
347 2749 433 2773 1542.
457 2749 584 2772 licentius

440 2663 572 2685 Reduc-tio
593 2668 641 2691 per
662 2662 832 2691 impossibile
858 2665 899 2686 est
925 2669 1076 2695 argumen-

1133 411 1341 444 lecticorum
1363 413 1568 456 vulgaribus
1588 421 1750 449 tractata.

1216 497 1277 530 De
1307 498 1447 530 tertia
1476 499 1624 544 figura
1654 502 2047 546 syllogismorum.

1237 566 1359 599 Tertia
1392 567 1503 610 figura
1537 575 1605 608 est,
1648 569 1684 601 in
1708 583 1777 615 qua
1804 573 1962 605 medium
1989 574 2137 607 subiecti

1133 617 1229 657 vice,
1258 617 1295 650 in
1314 618 1452 651 maiore
1477 631 1516 652 ac
1544 620 1683 653 minore
1709 622 1889 666 fungitur,
1925 638 2016 670 quae
2043 627 2136 659 ratio

1133 671 1410 712 argumentandi
1436 678 1486 704 est
1513 678 1545 704 et
1573 684 1590 704 a
1617 675 1801 707 communi
1823 688 1927 709 sensu
1947 677 2061 710 aliena
2075 676 2135 725 ⁶⁰).

1135 721 1225 754 Nam
1253 734 1331 754 cum
1361 722 1398 754 in
1423 723 1522 755 omni
1547 726 1860 767 argumentatione
1878 730 2133 772 praestandum

1131 772 1195 812 sit,
1223 779 1262 806 ut
1280 774 1437 806 medium
1459 774 1558 820 sitffl)
1583 782 1664 819 apta
1691 788 1833 820 caussa,
1868 792 1930 812 cur
1953 781 2137 824 praedica-

1133 831 1206 857 tum
1229 825 1469 860 conclusionis
1487 827 1529 859 de
1547 839 1611 859 suo
1632 828 1790 861 subiecto
1815 830 1974 871 dicatur,
2011 839 2043 865 et
2069 839 2139 866 ter-

1132 876 1179 908 tia
1198 877 1309 920 figura
1333 878 1490 911 medium
1511 879 1555 910 ad
1575 879 1841 914 conclusionem
1870 895 1943 915 non
1971 885 2055 918 satis
2083 897 2139 918 ac-

1133 930 1360 969 commodet,
1387 942 1461 962 non
1481 936 1549 971 est,
1584 937 1622 963 ut
1640 944 1677 964 ea
1698 939 1855 967 utamur.
1899 933 1944 968 Et
1964 935 2138 983 inepte⁶²)

1134 981 1399 1013 acconnnodari
1419 982 1576 1015 medium
1598 984 1641 1015 ad
1661 985 1927 1019 conclusionem
1949 987 2138 1032 intelliges,

1133 1043 1211 1063 cum
1239 1032 1364 1064 tertiae
1389 1033 1524 1077 figurae
1551 1034 1799 1078 syllogismum
1832 1038 1868 1070 in
1896 1037 2135 1085 Enthymema

1132 1083 1292 1116 solveris.
1347 1083 1438 1118 Nam
1470 1097 1549 1118 cum
1579 1098 1704 1120 omnes
1728 1089 1925 1133 syllogismi
1947 1095 2137 1127 commode

1132 1134 1169 1166 in
1189 1133 1457 1180 enthymemata
1477 1137 1567 1170 solvi
1593 1140 1747 1182 possint,
1774 1141 1899 1175 tertiae
1924 1144 2057 1187 figurae
2082 1158 2138 1178 ra-

1133 1186 1386 1221 tiocinationes
1420 1200 1495 1220 non
1528 1197 1696 1233 possunt,
1733 1192 1816 1237 quia
1853 1195 2007 1228 medium
2044 1198 2135 1230 male

1133 1251 1212 1271 cum
1233 1239 1463 1273 conclusione
1484 1242 1658 1285 quadrat,
1687 1250 1726 1276 ut
1743 1244 1771 1277 si
1789 1244 1838 1278 sic
1856 1248 2134 1291 argumenteris:

1238 1290 1358 1323 Homo
1377 1298 1428 1325 est
1447 1293 1602 1333 animal,

1235 1342 1356 1375 Homo
1376 1350 1426 1376 est
1443 1345 1638 1378 substantia
1652 1374 1660 1387 ‚
1690 1358 1774 1391 ergo

1236 1393 1441 1428 Substantia
1472 1403 1523 1429 est
1546 1397 1693 1430 animal.
1750 1397 1824 1432 Iam
1851 1401 1967 1446 qualis
1991 1403 2058 1436 erit
2080 1416 2136 1437 ra-

1133 1444 1339 1488 tiocinatio,
1373 1447 1401 1480 si
1425 1445 1704 1493 Entbymemate
1728 1451 1856 1493 utaris,
1885 1459 1923 1486 ut
1948 1451 2058 1488 homo
2086 1463 2137 1490 est

1132 1497 1342 1539 substantia,
1370 1511 1454 1542 ergo
1470 1500 1667 1533 substantia
1688 1509 1738 1535 est
1755 1503 1906 1545 animal,
1935 1519 2007 1551 quo
2027 1510 2135 1541 modo

1132 1548 1159 1581 si
1179 1550 1258 1593 qnis
1277 1558 1565 1594 argumentetur,
1595 1553 1679 1598 quid
1700 1567 1832 1600 quaeso
1851 1557 2030 1591 effecerit?
2064 1560 2136 1592 Ad-

1133 1600 1275 1634 iicerem
1304 1603 1469 1647 equidem
1499 1604 1600 1646 plura
1628 1613 1859 1649 argumenta,
1886 1609 2016 1654 quibus
2041 1613 2136 1656 apud

1134 1664 1189 1684 me
1214 1653 1268 1694 fit,
1310 1666 1354 1686 ne
1380 1654 1521 1687 tertiam
1552 1656 1701 1700 figuram
1736 1658 1841 1702 plane
1876 1661 2045 1704 probem,
2083 1664 2137 1696 ni-

1133 1703 1161 1736 si
1199 1705 1331 1736 nollem
1377 1706 1546 1738 iuvenum
1586 1708 1726 1742 animos
1764 1712 1912 1754 argutiis
1948 1713 2135 1758 impedire.

1134 1754 1210 1788 Hoc
1240 1756 1335 1788 enim
1360 1769 1448 1801 ago,
1489 1765 1527 1790 ut
1553 1760 1724 1803 explicem
1755 1762 1957 1805 dialectica,
1995 1778 2067 1798 non
2097 1773 2136 1800 ut

1134 1807 1333 1841 obscurem.

1165 1894 1430 1938 Finguntur
1460 1896 1581 1928 modi
1609 1897 1792 1941 figurae
1821 1901 1988 1935 tertiae
2016 1916 2101 1938 sex.

1133 1964 1187 1996 Da
1240 1963 1370 1998 Omnis
1389 1962 1498 1997 homo
1521 1972 1571 1998 est
1588 1966 1804 2009 substantia,

1133 2029 1197 2060 rap
1241 2016 1370 2050 Omnis
1391 2014 1500 2049 bomo
1516 2024 1567 2050 est
1584 2019 1738 2059 animal,
1764 2032 1848 2063 ergo

1133 2069 1159 2100 ti
1238 2068 1432 2112 Quoddam
1453 2069 1587 2101 animal
1608 2076 1659 2103 est
1678 2071 1887 2106 substantia.

1132 2128 1181 2161 Fe
1237 2128 1364 2162 Nullus
1381 2126 1493 2161 homo
1515 2136 1565 2162 est
1584 2130 1691 2174 lapis,

1133 2181 1190 2224 lap
1240 2180 1369 2213 Omnis
1386 2178 1497 2213 homo
1516 2187 1567 2214 est
1583 2182 1736 2223 animal,
1761 2196 1845 2227 ergo

1132 2238 1195 2264 ton
1241 2232 1434 2276 Quoddam
1455 2233 1589 2265 animal
1607 2246 1679 2266 non
1698 2240 1749 2267 est
1763 2235 1864 2280 lapis.

1132 2293 1195 2326 Dis
1237 2292 1393 2336 Quidam
1414 2290 1524 2324 liomo
1542 2300 1592 2326 est
1609 2295 1827 2336 substantia,

1133 2358 1149 2377 a
1235 2344 1365 2376 Omnis
1383 2341 1492 2376 homo
1512 2351 1562 2378 est
1578 2346 1729 2387 animal,
1757 2360 1840 2391 ergo

1133 2397 1198 2430 mis
1234 2396 1426 2440 Quoddam
1451 2396 1585 2428 animal
1602 2404 1652 2430 est
1668 2400 1878 2433 substantia.

1132 2457 1185 2490 Da

1236 2456 1365 2490 Omnis
1384 2454 1494 2488 homo
1514 2463 1564 2489 est
1582 2458 1796 2500 substantia,

1133 2510 1175 2543 tis
1238 2508 1394 2552 Quidam
1417 2506 1526 2540 bomo
1547 2515 1597 2541 est
1614 2510 1767 2551 animal,
1796 2523 1881 2555 ergo

1132 2562 1143 2593 i
1235 2560 1428 2605 Quoddam
1446 2560 1580 2592 animal
1595 2568 1645 2594 est
1661 2563 1869 2597 substantia.

1166 2662 1213 2693 60)
1234 2663 1335 2686 Annot.
1357 2668 1457 2689 marg:
1485 2662 1578 2685 Tertia
1599 2662 1689 2693 figura
1710 2664 1865 2687 reficienda.

1165 2706 1214 2733 61)
1234 2707 1286 2733 sit]
1309 2706 1355 2729 Ed.
1372 2705 1397 2729 2.
1418 2706 1471 2736 sit,
1496 2706 1532 2728 sit

1165 2749 1212 2779 632)
1237 2747 1341 2779 inepte]
1362 2749 1410 2773 Ed.
1426 2748 1452 2774 2.
1473 2755 1570 2772 errore
1590 2751 1664 2779 typ.:
1691 2750 1797 2780 incepta

1626 2784 1710 2817 472*
