2421 3037
234 107 310 144 499

236 208 311 231 esse
325 195 545 230 Germaniae
565 193 878 240 tranquillitatem,
904 193 1119 227 Pannoniae
1137 200 1246 239 atque

239 248 361 282 [taliae
379 249 542 282 salutem.
1117 256 1120 258 ·

341 301 387 332 At
414 305 537 331 contra
572 298 599 331 si
634 298 847 342 elegerimus
874 297 1098 342 Hispanum,
1137 311 1245 343 quam

240 358 342 385 atrox
369 351 502 384 bellum
530 350 731 384 accendetis
752 350 789 382 in
810 348 932 389 ltalia,
966 351 1011 383 ad
1032 361 1248 394 recuperan-

239 405 323 436 dum
352 402 620 435 Mediolanum!
674 401 751 436 Etsi
773 408 892 435 autem
920 401 1048 435 incerti
1069 408 1152 435 sunt
1178 401 1248 434 exi-

239 463 294 488 tus
315 455 510 487 bellorum:
551 461 672 487 tamen
698 461 737 488 ut
763 455 908 487 tandein
934 455 980 487 sit
1005 455 1150 487 fortuna
1180 451 1249 486 Im—

239 506 326 552 perii
360 506 546 551 superior,
583 507 645 540 diu
667 505 787 539 trahet
810 506 942 539 bellum
973 506 1175 550 Hispanus,
1211 512 1250 539 ut

237 559 327 593 solet
353 559 562 593 assiduitate
580 559 722 592 vincere
735 587 743 599 ,
774 571 848 592 nou
866 557 1029 592 Achilleo
1051 570 1150 591 more
1166 570 1250 602 pro—

240 624 389 655 perans.
428 618 464 645 ut
490 611 574 644 totis
598 611 735 645 viribus
761 611 918 644 dimicet.

240 716 398 749 ‘I'urcam
434 729 508 748 non
541 716 740 759 poterimus
770 728 903 748 arcere.
967 715 1063 747 Haec
1091 714 1249 760 pericula

242 977 341 1009 viora
370 984 402 1010 et
430 977 566 1010 incerta
595 984 689 1010 sunt.

241 1028 452 1062 horribilem
496 1029 697 1061 vastitatem
737 1028 942 1062 deimntiari
980 1028 1154 1061 electione
1188 1027 1252 1060 Hi-

240 1082 363 1125 spani;
406 1084 566 1115 futurum
600 1081 729 1118 etiam,
764 1087 801 1114 ut
827 1081 939 1114 Turci
964 1080 1100 1113 interea
1129 1080 1252 1125 oppri-
1279 1101 1280 1129 ᾗ

640 1131 738 1168 Nihil
757 1133 874 1166 dicam
900 1134 944 1166 de
965 1133 1060 1166 exitu
1079 1133 1161 1165 belli
1183 1131 1253 1165 lta·
1279 1150 1280 1163 ι

243 1185 318 1223 lici,
355 1186 391 1218 in
419 1199 491 1232 quo
519 1185 547 1219 si
568 1185 694 1219 Gallus
720 1186 858 1225 vincet,
898 1192 971 1219 tum
998 1198 1083 1217 vero
1107 1191 1253 1229 appetet
1279 1182 1281 1200 ”

242 1140 342 1166 mant
363 1133 583 1167 Pannonias.

241 1237 432 1283 Neapolim
451 1245 485 1271 et
500 1239 651 1272 sortasse
668 1238 807 1271 Romae
827 1245 929 1282 coget
957 1237 1162 1282 pontificem
1177 1265 1185 1277 ,
1214 1243 1254 1270 ut

243 1297 403 1324 nostram
432 1290 644 1323 electionem
673 1291 865 1335 improbet.
929 1290 1083 1336 Qualem
1113 1296 1253 1336 tragoe-

242 1343 339 1375 diam
367 1355 406 1375 ea
433 1356 488 1377 res
512 1342 674 1387 paritura
702 1343 811 1377 esset!
867 1342 935 1376 Sed
964 1336 1253 1388 vincat'imp'e‘rii

245 1395 409 1431 fortuna,
448 1395 535 1441 quid
566 1394 727 1428 accidet?
796 1394 948 1440 Hispani
986 1395 1160 1428 tenebunt
1184 1392 1254 1426 Ita-

244 1448 327 1481 liam
343 1475 350 1484 ,
379 1460 567 1494 nunquam
587 1448 691 1481 nobis
710 1448 900 1481 reddituri.
956 1446 1051 1481 Novi
1072 1460 1149 1479 eam
1170 1458 1254 1490 gen-

243 1506 333 1537 tem,
368 1500 535 1544 cupidam
559 1500 837 1533 dominationis:
872 1499 996 1544 polypi
1015 1505 1118 1537 sunt,
1155 1498 1253 1544 quod

243 1552 352 1585 semel
371 1550 662 1597 prehenderunt,
690 1552 896 1598 extorqueri
923 1551 989 1584 sibi
1019 1564 1093 1583 non
1119 1550 1253 1584 sinunt.
1280 1557 1282 1576 ὶ

245 1603 291 1637 Et
328 1618 407 1637 cum
445 1604 567 1638 ltaliae
604 1604 828 1649 possessione
867 1603 1021 1636 retinere
1056 1602 1282 1647 Imperium·

245 1655 341 1690 haud
367 1657 474 1690 dubie
501 1656 635 1689 volent.
702 1656 784 1690 Non
815 1654 940 1688 dix‘i'no
969 1655 1157 1701 equidem,
1193 1654 1253 1688 sed

243 1710 287 1742 de
319 1710 426 1743 relius
459 1709 589 1742 suturis
625 1709 848 1742 coniecturas
879 1708 1008 1751 colligo
1036 1705 1254 1751 prbbaliiles.
1280 1728 1283 1753 ι

245 1761 350 1795 Nulla
380 1768 430 1795 est
458 1769 528 1794 tam
551 1761 678 1806 ignaxa
698 1761 817 1797 natio,
848 1773 939 1806 quae
955 1760 984 1793 si
1000 1758 1099 1792 Italia
1120 1759 1254 1803 potire-

245 1822 324 1853 tur,
353 1814 450 1847 ultro
476 1826 617 1847 cessura
645 1820 746 1847 esset.
803 1812 962 1846 Tantum
986 1813 1105 1852 abest,
1140 1818 1179 1844 ut
1197 1823 1254 1855 ge-

246 1879 312 1900 nus
335 1864 526 1900 hominum
554 1866 784 1901 bellicosum.
821 1865 956 1909 gloriae
982 1861 1092 1912 atque
1110 1861 1254 1908 imperii

1073 1915 1255 1949 Omnibus

245 1972 469 2015 temporibus
502 1971 613 2004 crevit
637 1969 704 2003 lior
732 1972 838 2003 modo
868 1983 1016 2014 regnum
1043 1975 1077 2001 et
1102 1969 1255 2014 populo-

246 2036 325 2057 rum
355 2024 527 2069 potentia.
586 2014 887 2068 Carthaginenses
907 2023 1017 2056 semel
1038 2021 1197 2055 accersiti
1217 2022 1255 2053 in

244 2075 423 2115 Siciliam,
458 2085 581 2121 postea
616 2076 734 2109 multis
759 2076 908 2109 saeculis
936 2075 1064 2120 depelli
1092 2086 1168 2107 non
1193 2072 1255 2118 po-'

246 2135 405 2162 tuerunt.
468 2129 536 2162 Sed
571 2135 689 2161 vetera
723 2129 865 2162 omitto.

247 2193 337 2226 quos
355 2181 426 2214 iam
444 2187 635 2226 tantopere
649 2181 909 2219 formidamus,
933 2186 1127 2226 postquam
1145 2179 1255 2213 semel

248 2235 284 2266 iu
310 2232 497 2278 Europam
524 2234 766 2271 traiecerunt,
792 2233 976 2266 -accersiti
1000 2244 1018 2265 a
1047 2231 1255 2265 Constanti-

248 2286 461 2330 nopolitano
495 2285 736 2331 imperatore,
783 2286 971 2331 progredi,
1008 2297 1082 2318 non
1114 2283 1256 2328 regredi

249 2345 370 2383 postea
393 2338 513 2372 statim
540 2339 662 2372 conati
687 2339 780 2372 sunt.
837 2337 1076 2383 lpsiHispani
1096 2337 1256 2370 infinitas

248 2403 440 2426 aerumnas
477 2393 638 2437 perferre
673 2392 900 2430 maluerunt,
943 2403 1051 2437 quam
1092 2391 1256 2423 deserere

247 2445 460 2490 Neapolim,
496 2458 604 2491 quam
642 2444 801 2478 accersiti
839 2444 955 2488 specie
984 2443 1182 2482 societatis,
1222 2448 1257 2475 et

249 2497 420 2531 [talorum
456 2510 523 2541 ope
555 2498 689 2536 adiuti,
724 2494 940 2541 redegerunt
962 2496 998 2529 in
1024 2508 1125 2530 suam
1154 2501 1256 2539 pote·

248 2557 389 2585 statem.
453 2548 502 2582 lta
536 2562 631 2583 nunc
666 2549 830 2589 invitati,
866 2550 980 2582 adiuti
1006 2562 1023 2581 a
1050 2547 1256 2587 Germanis,

247 2603 434 2647 potientur
460 2601 681 2635 Mediolano.
751 2602 873 2646 Quare
901 2614 1048 2639 censeo,
1082 2613 1157 2633 non
1183 2611 1255 2633 esse

250 2655 287 2688 in
319 2654 460 2688 ltaliam
495 2655 727 2687 adducendos
754 2654 948 2698 Hispanos.
1013 2652 1066 2686 De
1092 2653 1254 2697 ipsorum

249 2706 388 2751 Regum
407 2707 562 2751 ingeniis
578 2718 688 2751 pauca
708 2706 837 2739 dicam.
882 2706 957 2739 Etsi
976 2706 1071 2738 euim
1090 2704 1254 2738 existimo

246 1919 414 1955 avidum,
452 1931 633 1952 cessurum
666 1918 765 1951 'vobis
795 1914 1014 1951 existimetis.

246 2759 407 2793 indolem
432 2760 469 2793 in
487 2759 619 2793 Carolo
645 2760 688 2791 ad
712 2758 884 2792 iustitiam
910 2764 942 2790 et
962 2758 1161 2791 honitatem
1182 2768 1255 2790 esse
1282 2800 1283 2803 Ἴ

865 104 991 141 PHIL.
1019 106 1131 142 MEL.
1162 103 1368 139 SCRIPTA
1403 102 1677 139 HISTORICA.

982 609 1118 644 Interea
1148 608 1250 642 ltalia

242 663 438 697 vastabitur
456 664 661 698 crudeliter.
705 664 778 698 Nos
798 664 962 708 occupati
983 664 1088 696 rebus
1105 661 1250 702 ltalicis,
1276 667 1278 685 ³

2232 104 2309 143 500

1300 192 1447 237 dignam
1474 191 1543 225 isto
1566 203 1715 235 genere,
1758 197 1793 225 et
1817 189 1948 230 audio,
1986 192 2186 226 modestum
2212 194 2309 237 inge-

1302 245 1402 277 nium
1426 256 1516 277 esse:
1547 250 1667 277 tamen
1686 243 1714 277 si
1732 243 1812 289 quis
1829 243 2006 277 existimet
2028 243 2064 276 in
2085 244 2309 279 adolescente

1303 296 1581 341 conspiciposse
1601 308 1662 347 eas*
1679 296 1849 335 virtutes,
1883 307 1976 341 quae
1997 294 2032 328 in
2049 308 2193 330 summo
2213 297 2309 342 prin-

1303 349 1380 393 cipe
1407 348 1504 381 orbis
1532 354 1709 381 terrarum
1737 359 1777 380 ac
1805 349 1894 380 duce
1918 348 2231 392 praestantissimo
2256 361 2311 382 re·

1303 401 1518 447 quirinum,
1553 406 1660 433 errat.
1726 399 1827 444 Opus
1852 406 1903 433 est
1930 399 2009 433 orbi
2036 406 2216 434 terrarum
2239 400 2312 446 pri-

1303 465 1402 486 mum
1431 452 1492 485 tali
1519 452 1702 496 principe,
1731 451 1794 497 qui
1810 451 1987 496 sapientia
2009 459 2043 485 et
2063 452 2312 486 moderatione

1304 518 1365 539 sua
1385 505 1551 537 emendet
1568 503 1778 538 Ecclesiam.
1833 502 2023 549 Sapienter
2040 504 2135 538 enim
2159 504 2313 549 Mogun-

1305 557 1400 591 tinus
1424 558 1467 590 de
1493 556 1668 601 religione
1695 562 1729 589 et
1757 557 1800 590 de
1819 556 2112 601 impendentibus
2131 555 2313 602 Ecclesiae

1304 609 1518 643 tumultibus
1546 609 1686 642 locutus
1713 615 1785 648 est,
1822 620 1978 655 quorum
2005 621 2126 653 sparsa
2155 615 2239 643 sunt
2261 622 2313 643 se-

1305 661 1416 694 mina.
1462 661 1543 695 Scio
1565 668 1683 695 autem
1706 660 1841 705 Regem
1860 660 2092 695 Franciscum
2112 674 2187 694 non
2203 662 2314 695 niodo

1277 737 1278 748 η
1304 713 1478 757 singulari
1502 714 1712 747 dexteritate
1736 713 1891 757 ingenii,
1925 720 1957 746 et
1980 713 2171 758 prudentia
2200 713 2238 746 in
2262 713 2314 748 iu-

241 767 359 801 uescio
387 781 450 802 cur
476 775 735 806 extenuentur,
780 780 871 813 quac
902 769 944 799 ad
977 774 1091 800 totum
1124 767 1248 799 orbem
1277 763 1278 794 ἶ

239 828 419 854 terrarum
438 820 639 864 pertinent,
666 834 745 854 cum
766 833 782 852 e
803 820 947 864 regione
968 826 1040 852 tam
1059 819 1251 863 diligenter
1277 824 1279 828 ’

241 873 458 916 colligantur
483 879 517 905 et
544 873 809 917 amplificentur
835 872 1014 916 pericula,
1044 884 1136 917 quae
1155 870 1251 904 Galli

241 925 452 958 electionem
482 925 647 957 comitari
675 925 864 963 videntur,
894 936 986 969 quae
1011 930 1130 956 tamen
1151 930 1185 956 et
1204 923 1251 955 le·
1278 927 1279 946 ἕ

744 975 833 1009 Illud
862 983 997 1009 certum
1027 982 1099 1016 cst,
1128 975 1251 1008 ltaliae
1278 983 1280 1015 ζ

1305 766 1460 799 dicando
1488 767 1692 810 praeditum
1720 778 1811 804 esse;
1851 766 1912 799 sed
1938 765 2045 799 etiam
2071 767 2114 799 de
2140 764 2315 810 religione

1306 831 1385 851 cum
1421 817 1636 852 doctissimis
1670 816 1878 851 hominibus
1909 818 2021 851 multa
2052 818 2168 852 solere
2194 818 2316 863 dispu-

1306 876 1400 909 tare,
1425 870 1537 903 multa
1559 870 1675 915 ipsum
1695 870 1824 914 legere.
1878 869 1925 903 Et
1943 870 2111 915 intelligit
2128 868 2222 904 hanc
2241 882 2316 904 esse

1306 935 1483 956 summam
1514 923 1656 955 laudem
1685 922 1804 967 magni
1830 922 2025 967 principis,
2062 929 2101 956 ut
2124 934 2200 955 non
2226 921 2317 956 desit

1307 981 1400 1007 recte
1418 975 1691 1008 constituendae
1710 973 1902 1008 Ecclesiae.
1958 974 2098 1007 Deinde
2116 971 2206 1007 haec
2227 980 2316 1007 tem-

1307 1039 1394 1071 pora
1413 1027 1604 1073 requirunt
1621 1029 1746 1060 ducem
1765 1026 1935 1071 peritum,
1965 1039 2098 1067 acrem,
2126 1033 2162 1060 et
2177 1026 2315 1060 felicem

1307 1079 1483 1112 inarmis.
1540 1079 1615 1112 Hac
1641 1080 1678 1112 in
1705 1092 1742 1113 re
1767 1091 1841 1112 non
1869 1079 2028 1113 indolem
2054 1079 2090 1111 in
2108 1077 2317 1119 Francisco‚

1306 1132 1367 1165 sed
1394 1138 1590 1175 spectatam
1620 1131 1690 1164 iam
1717 1132 1932 1165 industriam
1956 1131 2172 1178 praedicare
2191 1143 2315 1176 possu-

1309 1196 1398 1217 mus.
1455 1184 1570 1217 Nemo
1591 1184 1686 1216 enim
1704 1183 1843 1228 Regum
1854 1183 1886 1229 ⁴)
1904 1183 2148 1223 Gallicorum,
2177 1183 2317 1228 aliquot

1307 1235 1457 1269 saeculis
1479 1248 1533 1269 res
1552 1236 1658 1279 gessit
1676 1236 1845 1275 maiores,
1865 1242 1900 1268 et
1917 1236 2062 1281 quidem
2081 1235 2210 1280 exigno
2228 1241 2317 1267 tem-

1309 1300 1409 1332 pore.
1471 1287 1635 1334 Cumque
1663 1289 1769 1333 vulgo
1794 1288 1976 1321 tribuatur
2000 1287 2113 1321 Gallis
2138 1287 2316 1333 quaedam

1308 1339 1421 1373 animi
1450 1340 1638 1381 mollities,
1667 1342 1765 1387 quod
1789 1338 1958 1374 inchoata
1976 1339 2121 1384 negotia
2142 1339 2213 1373 cito
2229 1338 2318 1372 abii-

1308 1405 1387 1425 cere
1406 1392 1604 1431 dicuntur‚
1645 1393 1673 1426 si
1702 1392 1807 1426 initio
1836 1405 1909 1425 non
1933 1391 2162 1437 responderit
2190 1403 2318 1424 eorum

1280 1468 1282 1491 3
1308 1446 1383 1489 spei
1400 1451 1566 1478 eventus:
1601 1443 1659 1477 hic
1675 1444 1753 1480 Rex
1774 1444 2014 1478 constantiam
2032 1456 2134 1477 suam
2156 1443 2193 1476 in
2211 1444 2318 1477 rebus

1308 1497 1474 1541 gerendis
1490 1497 1699 1536 declaravit,
1722 1509 1876 1543 cumque
1892 1496 2106 1530 diuturnum
2125 1501 2160 1529 et
2176 1495 2316 1529 varium

1308 1549 1441 1582 bellum
1472 1549 1508 1581 in
1534 1548 1695 1582 lnsubria
1717 1549 1885 1593 gesserit,
1914 1559 1970 1583 res
1989 1554 2108 1582 tantas
2123 1547 2318 1593 praecipue

1308 1601 1380 1635 suis
1406 1601 1564 1635 consiliis
1588 1602 1816 1645 gubernavit.
1871 1601 1944 1635 Nec
1972 1600 2085 1634 defuit
2101 1600 2133 1634 ei
2159 1600 2318 1634 fortuna.

1308 1653 1424 1687 Nemo
1445 1653 1540 1686 enim
1563 1653 1769 1697 profligavit
1784 1653 1857 1687 ulla
1875 1653 2052 1686 memoria
2069 1680 2078 1692 ‚
2104 1653 2189 1685 inde
2204 1661 2318 1698 usqne

1309 1718 1328 1738 a
1346 1704 1456 1745 Iulio,
1489 1705 1646 1739 maiores
1669 1712 1731 1739 aut
1750 1705 1929 1739 firmiores
1948 1704 2198 1738 Helvetiorum
2220 1715 2319 1738 exer-

1309 1758 1411 1792 citus.
1466 1756 1506 1790 ln
1531 1756 1586 1791 his
1606 1758 1761 1802 negotiis
1785 1770 1866 1791 cum
1890 1758 2037 1791 fortuna
2062 1769 2178 1803 paene
2199 1756 2318 1790 indul-

1309 1823 1395 1854 gens
1420 1811 1458 1843 in
1488 1823 1568 1844 eum
1591 1810 1720 1851 fuerit,
1747 1811 1966 1855 sperandum
1994 1816 2065 1850 est,
2093 1809 2182 1843 etin
2200 1815 2317 1854 poste-

1281 1895 1283 1900 ,
1309 1875 1389 1896 rum
1423 1863 1499 1896 eius
1531 1863 1690 1896 consiliis
1718 1861 1837 1896 vDeum
1871 1863 2068 1895 affuturum
2100 1862 2138 1894 in
2172 1860 2317 1906 lmperii

1308 1927 1397 1960 pace
1421 1916 1573 1953 tuenda,
1609 1921 1643 1947 et
1665 1915 1702 1946 in
1728 1914 1935 1948 defensione
1955 1913 2065 1947 totius
2082 1913 2318 1958 Reipublicae

1310 1965 1550 2002 Christianae.
1604 1966 1701 2012 Quid
1724 1967 1834 2011 igitur
1852 1961 2093 2000 anteferemus
2113 1966 2317 1999 adolescen-

1281 2027 1401 2061 5tem,
1437 2019 1537 2054 cuius
1571 2019 1708 2052 indoles
1741 2020 1904 2052 nondum
1938 2018 2023 2052 satis
2043 2018 2318 2063 explorata'est,

1281 2066 1284 2118 f
1309 2071 1395 2106 huic
1415 2072 1526 2117 Regi,
1561 2072 1660 2105 cuius
1682 2071 1880 2116 sapientia,
1923 2070 2058 2111 virtus,
2094 2076 2129 2103 et
2156 2070 2320 2110 felicitas,

930 2127 980 2160 llli
1007 2127 1074 2171 ipsi
1100 2126 1255 2166 Turcae,
1281 2160 1283 2169 ‚

1282 2217 1284 2222 ,
1309 2176 1379 2212 hoc
1402 2190 1514 2211 unuin
1543 2183 1820 2221 argumentum,
1853 2188 1926 2222 quo
1953 2175 2018 2210 etsi
2034 2175 2168 2209 fatetur
2187 2187 2223 2209 se
2242 2186 2320 2208 mo-

1309 2126 1348 2158 in
1368 2132 1450 2169 toga
1472 2132 1506 2157 et
1523 2125 1561 2157 in
1579 2123 1690 2157 armis
1707 2124 1849 2168 cognita
1870 2122 1947 2157 est?
1973 2123 2166 2157 Postremo
2185 2122 2317 2156 addam

1310 2231 1387 2264 veri
1404 2229 1662 2274 Moguntinus,
1694 2235 1816 2263 tamen
1839 2241 1907 2263 nos
1930 2229 2022 2262 bene
2041 2240 2188 2273 sperare
2208 2227 2319 2260 iubet.

1309 2283 1426 2318 Nullis
1459 2282 1578 2316 verbis
1610 2281 1680 2315 dici
1710 2288 1848 2327 potest,
1890 2287 2066 2327 quantum
2094 2279 2247 2326 periculi
2273 2278 2319 2313 sit

1309 2336 1570 2381 imperatorem
1591 2335 1712 2368 abesse
1732 2341 1830 2368 extra
1851 2333 2087 2367 Germaniam
2101 2361 2110 2373 ‚
2139 2338 2174 2366 et
2189 2332 2237 2365 ita
2258 2331 2320 2364 ab·

1311 2401 1404 2429 esse,
1440 2395 1481 2422 ut
1512 2400 1587 2421 non
1619 2388 1762 2427 statim,
1799 2399 1878 2420 cum
1910 2398 2001 2431 opus
2025 2391 2096 2425 est,
2130 2395 2319 2418 accurrere

1310 2440 1434 2487 possit.
1489 2439 1586 2485 Quid
1608 2440 1688 2479 fiet,
1717 2439 1745 2473 si
1764 2439 1821 2472 vel
1837 2439 1980 2472 Turcae
2002 2433 2123 2471 'subito
2146 2435 2318 2481 irruptio-

1310 2506 1393 2527 nem
1419 2493 1569 2526 fecerint
1591 2492 1627 2525 in
1653 2491 1912 2532 Germaniam,
1955 2489 2010 2523 vel
2037 2488 2232 2523 seditiones
2256 2487 2319 2520 ali·

1310 2558 1402 2592 quae
1421 2545 1585 2579 orientur
1603 2545 1697 2578 inter
1714 2542 1922 2589 principes?
1975 2542 2026 2576 Ut
2042 2542 2078 2575 in
2098 2541 2213 2576 saevis
2231 2546 2318 2574 tem·

1312 2598 1508 2643 pestatibus
1527 2598 1628 2631 navis
1646 2597 1721 2631 sine
1738 2597 1980 2640 gubernatore
1993 2623 2001 2633 ,
2035 2596 2083 2627 ita
2103 2591 2316 2638 Respublica

1313 2723 1318 2725 ’
1346 2738 1376 2761 4)
1396 2731 1515 2765 megum]
1537 2733 1576 2756 sic
1593 2734 1673 2756 namt.
1693 2732 1780 2762 mm,
1803 2730 1895 2757 isam
1916 2731 1997 2753 mm,
2017 2728 2101 2754 1572..
2119 2727 2207 2752 1680..
2230 2725 2315 2755 1580..

1382 2769 1455 2793 1624,
1478 2769 1553 2796 nege
