2421 3037
220 120 295 154 363
803 115 925 148 PHlL.

1060 199 1228 234 Plautus:

611 254 740 289 Nullus
765 259 885 286 autem
913 251 968 288 his
995 264 1097 286 casus
1125 263 1229 297 prae-

221 206 344 240 cubitu
361 211 502 249 surgat,
532 210 734 248 postremus
752 201 914 234 cubitum
937 207 1005 235 eat.

220 258 412 293 Obsonatu
436 257 557 290 redeo.

221 311 381 355 ponitur.

517 382 757 416 Mercandi
788 382 938 426 verba.

323 444 485 479 Pretium
511 444 671 477 ablativo
697 456 780 478 casu
805 443 953 477 effertur
977 441 1053 476 sine
1078 454 1232 486 praepo-

219 499 369 538 sitione,
412 502 470 530 ut:
514 495 607 529 Emo
633 494 868 529 Homericum
897 494 1056 528 codicem
1091 495 1232 527 duobus

219 550 350 585 aureis.
404 548 579 592 Virgilius
604 546 715 596 [Aen.
732 547 794 588 VI,
812 545 943 595 621.]:
978 546 1151 579 Vendidit
1174 543 1233 578 hic

220 615 311 637 auro
332 600 503 646 patriam.
558 599 671 645 Leges
692 599 810 646 pretio
831 600 908 633 fixit
927 605 961 632 et
978 598 1105 632 refixit.
1150 597 1232 630 Ari-

218 654 363 690 stoteles
380 653 491 686 libros
508 654 682 696 pauculos
693 652 884 697 Speusippi
902 648 1125 696 philosophi,
1151 655 1233 694 post

219 712 375 741 mortem
409 705 505 745 eius,
549 705 635 738 emit
660 705 804 739 talentis
830 704 957 737 Atticis
982 702 1110 736 trihus.
1179 700 1232 735 Ea

219 770 360 794 summa
380 757 418 790 fit
437 757 611 802 pecuniae
630 763 798 798 nostrae,
832 756 929 789 mille
956 761 989 788 et
1008 753 1145 788 DCCC.
1164 752 1232 787 Co-

219 823 332 845 ronae
351 809 525 843 Gallicae.

324 861 401 894 Hae
428 873 552 901 voces,
587 860 700 901 tanti,
728 860 876 906 quanti,
905 858 1038 903 pluris,
1067 856 1233 897 minoris,
1259 878 1260 895 3

220 915 297 950 sine
336 913 569 948 substantivis
613 912 834 946 adiiciuntur
878 910 997 944 verbis
1034 909 1232 943 mercandi.

222 1019 331 1053 etiam
362 1017 528 1051 minoris.

221 1082 379 1115 sogonus
401 1068 529 1115 quanti
547 1069 692 1108 doceat,
731 1069 787 1101 vel
803 1068 922 1101 Pollio
949 1066 1090 1112 quanti.

222 1123 361 1158 tonius:
393 1121 531 1167 Quanti
548 1121 657 1154 sunus
668 1120 715 1166 ³⁴¹)
735 1127 769 1154 et
788 1132 921 1166 pompa
940 1123 1134 1152 constaret.

327 1173 403 1214 Sic,
446 1173 569 1217 magni
601 1173 775 1213 aestimo,
818 1171 940 1216 magni
973 1171 1087 1210 fario,
1129 1168 1234 1214 parvi

223 1226 396 1266 aestimo,
437 1225 543 1270 parvi
568 1225 682 1264 facio,
728 1225 851 1269 magni
878 1224 1019 1268 pendo,
1067 1229 1100 1255 et
1130 1221 1235 1266 parvi

223 1279 357 1324 pendo,
404 1277 566 1311 Catullus
583 1275 635 1322 [5‚
653 1278 723 1322 3.];
755 1277 870 1310 Unius
887 1275 1117 1309 aestimemus
1135 1273 1234 1308 assis.

328 1329 374 1362 Et
392 1342 471 1363 cum
490 1330 601 1362 verbo
622 1342 720 1363 sum:
747 1328 833 1363 Esse
854 1327 1038 1374 quantixiS
1054 1326 1174 1371 pretii.

328 1381 412 1416 Nou
430 1388 552 1415 tamen
569 1381 739 1415 dicimus:
769 1381 852 1415 Emi
868 1380 989 1424 magni
1002 1407 1011 1420 ,
1039 1385 1101 1412 aut
1118 1378 1236 1423 parvi,

224 1441 286 1468 aut
310 1434 381 1467 emi
407 1434 557 1468 maioris
583 1433 764 1480 pl'etii85);
805 1434 864 1468 sed
893 1432 963 1465 emi
989 1443 1124 1476 parvO,
1160 1443 1236 1463 ma-

224 1499 309 1531 gno,
338 1486 498 1526 maiore,
525 1486 669 1519 minore
689 1485 819 1530 pretio.
873 1484 1046 1529 Virgilius
1066 1482 1175 1530 [Aen.
1193 1482 1236 1522 X,

226 1538 302 1573 494
321 1535 411 1585 sq.]:
442 1538 548 1571 Haud
567 1538 618 1571 illi
642 1539 790 1571 stabunt
806 1537 941 1570 Aeneia
973 1548 1086 1580 parvo
1105 1534 1236 1579 Hospi-
1263 1541 1265 1548 '

401 1589 542 1624 Livius:
572 1589 764 1636 Multoque
781 1589 957 1634 sanguine
977 1594 1010 1620 et
1028 1587 1237 1620 vulneribus
1264 1619 1266 1624 ,

226 1590 344 1637 tiaSG).

227 1656 267 1676 ea
284 1642 417 1676 Poenis
436 1642 588 1676 victoria
606 1642 715 1676 stetit.
754 1642 923 1675 Plautus:
953 1640 1076 1675 Nimio
1095 1645 1237 1684 emptae

226 1695 293 1729 tibi
315 1695 496 1729 videntur.
550 1694 687 1727 Varro:
718 1693 964 1727 Aedificautur
988 1705 1143 1736 magno,
1171 1691 1238 1724 im-

226 1748 373 1792 plentur
398 1759 543 1791 magno.
614 1746 826 1781 Terentius:
870 1745 1043 1778 Redimas
1070 1751 1101 1778 te
1128 1756 1237 1790 quam

227 1799 402 1839 minimo,
429 1805 492 1833 aut
512 1799 639 1845 quanti
659 1811 781 1845 queas.

333 1851 397 1885 Est
412 1851 450 1884 in
465 1864 532 1885 usu
549 1851 657 1884 etiam
671 1878 680 1891 ‚
716 1863 850 1895 magno
875 1849 1039 1883 aestimo.
1095 1847 1238 1881 Cicero:

229 1903 398 1937 Gloriosa
430 1903 607 1948 sapientia
642 1915 719 1936 non
750 1914 884 1947 magno
915 1901 1141 1935 aestimanda
1177 1906 1239 1934 est.
1267 1918 1269 1941 2

229 1955 424 1990 Suetonius
454 1953 589 2003 [Calig.
610 1953 711 2003 39.]:
760 1954 835 1990 Nec
864 1954 995 1987 tulerat
1024 1960 1098 1986 tam
1128 1952 1241 1985 mole-

229 2015 282 2043 ste
298 2008 367 2054 87)‚
407 2014 481 2040 tam
513 2019 647 2052 magno
682 2006 867 2041 aestimari
894 2004 1073 2039 honorem
1107 2016 1241 2038 coenae

230 2072 328 2095 suae.
397 2059 552 2094 Seneca:
596 2060 691 2094 Data
718 2071 851 2105 magno
874 2058 1061 2098 aestimas,
1096 2063 1240 2102 accepta

230 2124 357 2157 parvo.

337 2164 394 2198 Sic
411 2170 463 2197 et:
491 2171 629 2210 quanto
656 2163 774 2209 pretio
798 2162 943 2197 emisti?

233 2216 284 2250 tio
302 2216 394 2257 emi,
421 2216 551 2251 locavi.

337 2267 430 2302 Nam
456 2281 537 2302 curn
564 2269 740 2302 accedunt
763 2265 1009 2306 substantiva,
1056 2263 1124 2298 hae
1155 2277 1244 2311 quo-

235 2332 305 2366 que
323 2321 473 2354 voculae
491 2321 652 2365 migrant
668 2321 707 2353 in
726 2320 918 2354 ablativos.

340 2372 418 2406 Huc
436 2373 594 2417 pertinet
614 2373 765 2407 verbum
784 2372 901 2406 valeo.

235 2436 312 2457 cem
337 2425 482 2459 coronis
499 2425 660 2460 Gallicis.
716 2424 774 2459 Sic
801 2423 944 2458 Plinius
969 2423 1154 2469 loquitur,
1189 2427 1244 2456 ut:

235 2476 454 2521 Scrupulum
473 2477 618 2511 valebat
633 2476 806 2512 sestertiis
823 2475 970 2510 vicenis.

271 2608 322 2636 84)
340 2608 441 2638 sunus]
459 2607 508 2631 Ed.
525 2607 600 2631 1539.
621 2612 718 2631 errore
738 2608 870 2638 typogr.:
900 2612 996 2630 sumus

272 2661 322 2688 85)
342 2660 457 2691 pretii3]
479 2659 519 2683 sic
538 2659 589 2684 Ed.
606 2659 700 2690 1539.;
729 2658 815 2684 Editt.
832 2659 924 2690 1526„
946 2658 1023 2683 1529.
1043 2656 1151 2689 pretim

274 2711 323 2743 86)
349 2712 496 2743 hospitia]
516 2711 602 2736 Editt.
620 2711 716 2742 1526.,
738 2711 812 2736 1529.
832 2710 960 2742 hospitio.

278 2764 327 2793 87)
347 2763 488 2797 moleste]
510 2764 561 2789 Ed.
577 2764 652 2789 1526.
673 2764 820 2794 molestae,

963 114 1075 149 MEL.
1118 112 1324 147 SCRIPTA
1360 112 1701 148 PHILOLOGICA.

1257 442 1259 451 ι
1285 425 1462 469 proximis
1481 425 1606 458 diebus
1624 425 1792 458 Pontifex
1814 426 1928 459 sactus
1955 425 2030 459 est?

999 2161 1144 2195 Minore
1163 2173 1243 2206 pre-
1271 2186 1273 2208 ,¹

952 2370 1053 2404 Mina
1072 2369 1168 2403 valet
1186 2369 1246 2402 de-
1272 2379 1274 2413 ζ

1272 2423 1276 2563 ἰ

2215 112 2291 149 364

1474 199 1718 245 Temporis
1747 201 1893 245 prima
1925 201 2095 243 regula.

1388 269 1557 302 Ablatixo
1583 270 1730 302 nomina
1760 270 1934 314 temporis
1959 269 2180 310 efferuntur,
2208 281 2291 303 cum

1284 319 1416 366 nones)
1441 320 1684 362 significamus
1708 321 1960 362 durationem,
1989 327 2028 355 ut
2045 321 2191 355 Cicero:
2225 320 2292 355 Su‘-

1285 372 1490 417 perioribus
1507 373 1632 406 diebus
1650 373 1732 405 veui
1748 373 1784 406 in
1800 373 2017 407 Cumanum.
2071 372 2161 418 Quis
2171 371 2218 419 89)
2236 370 2293 407 his

2084 424 2228 462 Aestate
2243 422 2294 471 ⁹⁰)

1287 477 1421 511 adulta.
1474 477 1616 510 Puncto
1649 476 1824 521 temporis
1856 489 1977 511 rerum
2004 483 2190 510 momenta
2213 488 2293 510 ver-

1287 534 1425 562 tuntur.
1479 529 1608 563 Paucis
1632 529 1757 563 diebus
1779 541 1878 562 eram
1904 529 2121 564 domesticos
2144 528 2294 562 tabella-

1286 580 1360 615 rios
1378 580 1565 615 missurus.
1619 581 1782 621 Triduo,
1811 587 1873 614 aut
1894 581 1939 614 ad
1955 594 2137 616 summum
2156 579 2295 627 quatri-

1286 633 1358 666 duo
1381 632 1596 677 periturum.
1651 633 1808 667 Plinius:
1839 632 1973 666 Omnia
1998 633 2200 678 plenilunio
2219 643 2295 665 ma—

1286 684 1338 717 ria
1361 691 1577 729 purgantur.
1632 684 1793 730 luppiter
1813 685 1941 729 exiguo
1964 692 2128 730 tempore
2145 684 2296 718 inermis

1287 736 1367 771 erit.
1421 737 1505 771 Non
1524 737 1842 783 enirn⁹¹)‹1icitur:
1872 737 2085 782 Superiores
2111 736 2186 771 dies
2210 735 2294 769 veni

1286 788 1323 821 in
1349 788 1554 822 Cumanum
1574 789 1634 836 92).
1702 789 1837 823 Exacto
1862 802 1984 824 mense
2008 788 2128 823 rediit.
2195 788 2295 834 Qua-

1287 840 1454 874 driennio
1484 847 1565 886 post
1588 841 1685 874 virili
1715 848 1797 885 toga
1830 848 1986 886 sumpta.
2056 841 2185 886 Longo
2214 845 2296 886 post

1288 899 1453 938 tempore
1478 893 1588 928 venit.
1660 893 1732 939 Qui
1757 893 1912 926 Romam
1941 894 2063 928 multis
2087 894 2191 927 annis
2219 904 2296 926 non

222 968 366 1001 Cicero:
414 965 498 1000 Non
530 965 648 997 vendo
681 964 796 1009 pluris
827 976 935 1010 quam
964 962 1044 1001 alii,
1081 962 1233 995 sortasse
1259 969 1261 993 ‘³
1289 952 1387 979 ‘'3¹¹st
1403 945 1471 991 ⁹⁵)›
1496 957 1613 991 neque
1631 957 1792 992 uuquam
1812 945 1948 992 PIUSM)
1966 947 2087 979 trlduo
2104 944 2243 991 fuum)-

583 1015 763 1050 Iuvenalis
786 1014 880 1064 [Sat.
898 1015 934 1055 7,
955 1012 1079 1061 176,];
1119 1011 1234 1058 Cliry-
1260 1040 1262 1061 ;

1143 1066 1234 1099 Sue-
1260 1075 1262 1078 '

1585 1031 1799 1065 Secunda
1828 1032 2000 1076 regula.

1391 1100 1626 1134 Accusativus
1655 1107 1706 1135 est
1739 1100 1986 1146 frequentior,
2029 1112 2109 1134 cum
2134 1099 2298 1134 duratio-

1288 1165 1371 1186 nem
1391 1152 1654 1197 siguificamus‚
1683 1165 1744 1187 seu
1768 1153 1981 1187 continuum
2005 1159 2160 1197 tempus.
2214 1151 2298 1185 Una

1290 1217 1369 1237 cum
1403 1211 1508 1249 gente
1541 1211 1594 1237 tot
1628 1217 1742 1238 annos
1770 1205 1861 1238 bella
1888 1217 1986 1250 gero.
2053 1204 2128 1237 Ter
2152 1210 2297 1238 centum

1289 1257 1500 1301 regnabitur
1516 1269 1643 1291 annos.
1683 1258 1831 1291 Annum
1852 1257 2058 1291 audientem
2071 1256 2300 1301 Cratippum.

1290 1308 1458 1343 Tertium
1495 1309 1566 1341 iam
1602 1321 1739 1342 annum
1774 1316 1808 1343 et
1832 1309 2044 1344 vicesimum
2067 1314 2207 1353 regnat.
2262 1307 2299 1341 Si

1291 1362 1377 1396 Cne.
1410 1361 1609 1406 Pompeius
1646 1360 1764 1395 adhuc
1804 1373 1919 1396 annos
1960 1360 2178 1407 quingentos
2214 1359 2300 1394 fuis-

1290 1421 1343 1449 set
1353 1413 1412 1460 96).
1467 1413 1581 1448 Natus
1597 1415 1719 1447 decem
1740 1425 1866 1447 annos.
1921 1413 2005 1448 Non
2021 1413 2102 1458 plus
2123 1413 2301 1452 triduum,

1291 1472 1352 1500 aut
1371 1466 1505 1499 triduo.

1614 1551 1774 1584 Tertia
1805 1552 1979 1596 regula.

1396 1620 1441 1654 Et
1459 1620 1748 1665 praepositiones
1774 1621 1960 1654 accedunt.

1292 1674 1370 1707 bus.
1425 1672 1478 1706 De
1500 1674 1557 1706 die
1578 1673 1738 1717 epulari,
1766 1679 1801 1706 et
1817 1673 1887 1707 die.
1942 1672 2103 1716 Surgunt
2128 1672 2172 1704 de
2195 1675 2302 1703 nocte

1292 1726 1472 1765 latrones,
1501 1732 1535 1759 et
1552 1732 1670 1759 nocte.
1724 1725 1788 1759 Est
1805 1725 1843 1757 in
1865 1724 1960 1758 diem
1983 1724 2081 1770 quod
2106 1721 2304 1768 promittis,

1294 1790 1358 1811 nec
1397 1777 1513 1812 aliter.
1568 1777 1686 1823 Borge
1704 1777 1764 1824 97).
1825 1777 1915 1811 Peto
1951 1783 1991 1810 ut
2007 1776 2056 1823 ⁹⁸)
2092 1774 2302 1809 commodes

1295 1830 1333 1862 in
1360 1842 1474 1863 unum
1500 1842 1672 1864 mensem.
1736 1830 1786 1863 Ut
1809 1829 1854 1864 sit
1878 1829 1915 1862 in
1941 1841 2077 1862 annum
2104 1833 2303 1873 sumptum.

1295 1882 1542 1916 Tribunitiam
1576 1888 1793 1927 potestatem
1823 1881 1861 1914 in
1884 1880 2177 1927 quinquennium
2205 1891 2303 1912 acce-

2014 1618 2055 1652 In
2082 1618 2206 1664 paucis
2227 1617 2302 1651 die-

1330 2006 1379 2035 88)
1399 2006 1469 2034 non]
1489 2005 1539 2029 Ed.
1558 2003 1633 2027 1539.
1652 2009 1750 2027 errore
1770 2004 1900 2033 typ0g1·.:
1928 2008 1979 2026 nos

1331 2050 1380 2078 89)
1401 2048 1484 2079 Quis]
1504 2048 1554 2071 Ed.
1572 2047 1646 2072 1526.
1669 2047 1719 2076 Qui

1332 2092 1380 2124 90)
1402 2093 1521 2121 Aetate]
1541 2091 1581 2115 sie
1601 2091 1649 2115 Ed.
1668 2091 1760 2120 1539.;
1784 2091 1869 2115 Editt.
1886 2090 1979 2121 1526.,
2003 2089 2078 2114 1529.
2096 2089 2215 2114 Aestate

1333 2137 1381 2169 91)
1404 2138 1464 2161 Non
1484 2135 1570 2164 enim]
1591 2135 1640 2159 Ed.
1659 2135 1735 2159 1539.
1755 2135 1811 2158 Nec

1333 2182 1382 2210 92]
1403 2181 1469 2209 liis,
1503 2185 1572 2210 quae
1599 2179 1627 2202 in
1652 2179 1703 2202 Ed.
1718 2179 1795 2202 1539.
1821 2178 1849 2202 in
1873 2179 1928 2202 fine
1952 2178 2032 2202 huius
2057 2177 2164 2209 primae
2188 2177 2306 2207 regulae

1370 2217 1520 2247 leguntur,
1551 2214 1578 2237 in
1599 2214 1693 2237 eadem
1713 2214 1762 2238 Ed.
1785 2214 1894 2238 adiecta
1914 2215 1979 2237 sunt
2000 2214 2117 2238 haecce:
2148 2212 2205 2236 Nec
2222 2218 2306 2236 secu-

1370 2254 1416 2276 tus
1444 2252 1485 2273 est
1505 2249 1662 2279 analogiam
1683 2249 1848 2275 Terentius,
1878 2255 1939 2273 cum
1959 2248 2043 2273 dixit:
2074 2248 2188 2272 Interea
2205 2247 2306 2272 mulier

1370 2285 1505 2325 quaenam
1533 2284 1631 2308 abhinc
1662 2284 1810 2308 triennium
1835 2285 1876 2308 Ex
1901 2284 1996 2308 Andro
2027 2282 2222 2315 commigravit
2244 2282 2307 2306 huic

1368 2325 1527 2380 x'lellilicail'uo
1548 2353 1714 2380 Graecismi.
1759 2354 1920 2378 Triennium
1944 2360 1994 2385 pro
2022 2352 2160 2384 triennio,
2193 2353 2222 2377 et
2245 2351 2308 2377 huic

1370 2390 1504 2419 viciniae,
1536 2395 1586 2420 pro
1605 2389 1639 2419 lin
1659 2390 1728 2419 hanc
1746 2389 1885 2414 viciniam.
1935 2390 2005 2414 Nam
2023 2388 2172 2413 triennium
2190 2388 2234 2412 hic
2251 2393 2308 2412 non

1371 2426 1513 2458 significat
1538 2425 1733 2454 durationem,
1768 2425 1817 2449 sed
1842 2425 1959 2454 factum,
2000 2424 2072 2456 quod
2097 2423 2184 2448 semel
2209 2422 2308 2447 accidit

1370 2464 1434 2487 aute
1453 2460 1613 2485 triennium.

1335 2505 1384 2538 93)
1406 2505 1457 2536 Qui
1476 2505 1593 2529 Romam
1611 2517 1646 2521 —-
1666 2504 1770 2535 ve11it,]
1789 2504 1816 2528 iu
1835 2504 1885 2528 Ed.
1903 2504 1978 2528 1539.
2002 2503 2112 2527 desunt.

1336 2550 1382 2582 94)
1403 2547 1478 2581 plus]
1501 2548 1543 2573 sic
1562 2548 1647 2573 Editt.
1664 2549 1756 2579 1526.,
1779 2548 1873 2579 1539.;
1899 2548 1949 2572 Ed.
1965 2547 2042 2572 1529.
2062 2545 2151 2577 pluris

1336 2595 1386 2623 95)
1406 2594 1513 2617 Exacto
1532 2598 1629 2616 mense
1656 2591 1739 2616 rediit
1758 2604 1793 2608 —
1811 2591 1903 2615 triduo
1922 2590 1999 2619 fuit.]
2025 2590 2093 2614 haec
2113 2588 2141 2613 iu
2159 2588 2212 2614 Ed.
2230 2587 2306 2613 1539.

1373 2629 1498 2660 proxime
1517 2628 1581 2658 post
1601 2628 1703 2652 verba:
1731 2626 1872 2659 „inermis
1894 2625 1955 2650 erit.
1966 2623 1982 2634 ’⁷
2003 2624 2176 2650 exhibentur.

1337 2672 1386 2701 96]
1408 2670 1438 2695 Si
1457 2670 1525 2695 Cne.
1544 2683 1579 2687 —-
1598 2670 1723 2700 fuisset]
1743 2670 1776 2694 ah
1793 2669 1845 2695 Ed.
1864 2668 1939 2693 1539.
1959 2668 2072 2692 absunt.

1336 2714 1386 2742 97)
1406 2710 1521 2744 Borge]
1544 2713 1594 2738 Ed.
1609 2713 1687 2737 1526.
1707 2713 1814 2744 Borgs3
1839 2711 1889 2736 Ed.
1906 2711 1981 2736 1539,
2002 2711 2122 2742 Borgen.

1338 2758 1387 2787 98)
1407 2758 1450 2787 ut]
1471 2756 1511 2781 sic
1533 2757 1726 2789 Editt.1526.,
1747 2755 1839 2787 1539.;
1866 2755 1915 2781 Ed.
1933 2755 2007 2781 1529.
2027 2754 2077 2779 uti.
