2421 3037
282 128 358 164 379

880 126 1005 162 PHIL.
1033 127 1146 162 MEL.
1178 126 1386 161 SCRIPTA
1413 127 1755 164 PHILOLOGICA.

2272 133 2348 169 380

652 265 1013 300 PROSODIA
1066 265 1379 300 PHILIPPI
1434 266 1965 308 MELANTHONIS,

822 335 883 363 AB
914 334 1149 364 AUCTORE
1178 333 1316 364 ANNo
1347 334 1466 366 1529.
1497 336 1800 367 RECOGNITA.

376 423 551 457 Prosodia
566 450 574 461 ‚
610 429 776 456 accentus
801 423 1021 467 syllabarum
1053 430 1115 456 est.
1171 422 1282 468 Sylla-

275 479 403 511 barum
431 475 521 508 aliae
542 476 688 518 longae,
717 475 808 507 aliae
827 475 972 515 breves,
1000 475 1091 507 aliae
1111 476 1284 519 ancipites

272 535 377 569 sunt,
395 550 419 554 -
435 528 584 571 longae,
614 545 637 553 v
654 526 829 570 breves').
884 526 954 561 Pes
976 534 1027 561 est
1052 527 1191 573 aliquot
1216 527 1283 572 syl-

270 582 433 615 labarum
454 579 682 619 constitutio,
712 586 750 613 ut
769 578 920 625 ainor2).
975 579 1107 613 Versus
1128 585 1179 613 est
1200 579 1284 623 legi-

271 634 358 667 tima
377 631 593 677 compositio
610 633 755 676 pedum.

374 685 521 718 Utilitas
538 684 717 718 scribendi
738 685 929 724 carminis,
964 683 993 717 si
1017 683 1116 716 nulla
1145 682 1213 715 alia
1240 682 1285 716 sit

273 744 458 783 praeterea
472 764 480 777 ‚
508 735 596 770 haec
616 736 701 770 satis
721 749 850 780 magna
870 743 940 776 est,
969 737 1065 781 qnod
1087 736 1282 767 verborum

274 797 308 823 et
330 791 527 833 figurarum
556 801 685 833 magna
714 789 815 833 copia
835 789 1025 822 scribendo
1048 799 1213 827 carmen,
1251 793 1285 820 et

274 842 476 877 sublimitas
496 840 655 875 orationi
673 841 728 873 vel
745 840 859 874 Fabio
871 840 901 881 3)
920 846 1008 873 teste
1027 846 1177 884 paratur
1188 839 1232 886 4).

518 935 721 981 Regulae
751 937 802 968 de
831 935 1039 981 syllabis.

678 1006 767 1039 Pri
787 1019 821 1038 ni
842 1019 874 1040 a.

378 1068 517 1102 Positio
533 1067 650 1100 omnis
666 1067 772 1111 longa
793 1073 855 1100 est.
919 1065 983 1100 Est
1001 1072 1120 1099 autem
1138 1066 1284 1111 positio,

273 1134 352 1155 curn
390 1126 592 1165 sequuntur
621 1120 713 1152 duae
745 1125 986 1152 consonantes
1017 1119 1179 1151 vocalem
1192 1146 1201 1158 ‚
1244 1125 1285 1152 ut

275 1178 373 1209 {rma
386 1200 395 1213 ‚
421 1171 500 1211 ille,
528 1178 590 1205 aut
608 1172 740 1216 duplex
757 1183 915 1205 consona
929 1198 937 1211 ,
965 1176 1005 1204 ut
1022 1170 1106 1205 fixis.

631 1240 660 1273 E
678 1253 699 1274 x
717 1254 734 1274 c
753 1254 770 1274 e
789 1254 811 1285 p
828 1247 842 1273 t
861 1241 871 1272 i
890 1254 924 1275 o.

379 1302 535 1348 Liquida
560 1314 638 1335 cum
666 1308 763 1335 muta
785 1303 998 1340 coniuncta,
1026 1301 1200 1346 syllabam
1222 1312 1284 1332 an-

277 1355 420 1400 cipitem
448 1354 552 1395 facit,
589 1361 629 1388 ut
647 1353 776 1398 integri
794 1360 828 1387 et
848 1353 1038 1400 integriff'),
1073 1364 1283 1399 quanquam

274 1408 303 1442 si
321 1407 456 1441 vocalis
474 1407 580 1451 longa
597 1406 661 1447 sit,
688 1406 822 1451 corripi
843 1412 991 1451 propter
1016 1405 1192 1451 liquidam
1216 1405 1285 1450 syl-

273 1461 393 1493 labam
424 1471 500 1492 non
534 1459 668 1504 possit,
714 1465 754 1492 ut
785 1459 972 1498 simulare,
1014 1455 1285 1497 simulachrum,

276 1518 453 1558 perpetuo
471 1512 577 1556 longa
597 1517 692 1545 sunt.

668 1588 893 1621 Secunda.

382 1658 528 1692 Vocalis
544 1664 627 1691 ante
645 1658 805 1691 vocalem
826 1657 1042 1702 corripitur,
1072 1663 1110 1689 ut
1121 1655 1286 1696 Belidae,

278 1710 377 1746 ltalia
395 1710 440 1757 ⁶).

664 1779 900 1824 Exceptio.

382 1841 466 1876 Aer.
518 1840 692 1885 Virgilius
721 1838 812 1889 [Eel.
841 1841 875 1881 1,
899 1837 999 1888 59.]:
1043 1839 1116 1874 Nec
1144 1849 1287 1883 gemere

278 1894 371 1930 &ria
393 1893 543 1928 cessabit
563 1900 683 1927 turtur
704 1895 748 1926 ab
765 1893 876 1927 ulmo.

380 1945 467 1986 Fio,
503 1946 541 1978 in
569 1945 802 1991 polysyllabis
828 1945 936 1978 breve
961 1950 1013 1978 est
1028 1943 1081 1991 ⁷),
1123 1950 1161 1976 ut
1189 1942 1288 1983 fieri,

276 1998 417 2032 fierem.

317 2100 346 2133 1)
368 2110 391 2118 -*
407 2101 526 2131 longae,
546 2102 570 2116 ψ
590 2100 717 2128 breves]
736 2099 822 2125 Editt.
837 2098 930 2128 1539.‚
953 2097 1045 2121 1546.:
1073 2098 1187 2128 Longae
1207 2109 1238 2115 —
1259 2098 1290 2120 ut

351 2136 456 2166 stirps,
474 2136 579 2159 Breves
598 2141 621 2153 υ
641 2136 671 2158 ut
691 2141 723 2159 os
743 2135 807 2166 (Ed.
825 2134 901 2159 1539.
921 2131 976 2162 es).

313 2181 344 2211 2)
368 2177 458 2211 amffr]
483 2178 568 2202 Editt.
590 2177 683 2205 1539..
706 2178 780 2201 1546.
800 2179 895 2201 amant
913 2181 934 2194 ι
955 2185 981 2188 -

315 2224 346 2254 3)
368 2222 444 2246 Fabii
466 2221 629 2251 Quintiliani
648 2221 749 2244 lnstitt.
770 2223 854 2245 oratt.
874 2220 950 2246 vul,
969 2219 995 2242 6.
1013 2221 1040 2242 et
1059 2218 1096 2243 al.

317 2268 346 2297 4)
368 2266 481 2290 [tilitas
503 2264 643 2288 scribendi
659 2278 692 2280 —
706 2262 844 2295 paratur]
863 2270 913 2293 pro
928 2263 987 2291 his,
1009 2262 1091 2285 Editt.
1109 2262 1196 2291 1539„
1214 2262 1288 2285 ¹5⁴6.

353 2301 495 2325 exhibent:
522 2300 624 2323 Multas
638 2300 717 2322 habet
734 2300 871 2322 utilitates
888 2297 1059 2322 consuetudo
1071 2297 1211 2320 scribendi
1225 2302 1289 2320 car-

352 2342 422 2360 men.
468 2336 596 2365 Magnam
616 2335 687 2357 enim
707 2334 813 2363 copiam
833 2336 984 2357 verborum
1005 2335 1031 2356 et
1058 2332 1228 2359 figurarum,
1262 2334 1290 2354 et

353 2370 507 2401 quandam,
528 2372 557 2392 ut
578 2369 768 2399 Quintilianus
787 2369 927 2399 appellat,
954 2367 1148 2390 sublimitatem
1169 2366 1289 2390 orationi

354 2406 436 2429 etiam
456 2405 557 2428 adfert.
597 2405 688 2434 Neque
708 2406 799 2434 potest
819 2403 895 2429 fieri.
917 2405 944 2426 ut
964 2402 1070 2426 omissa
1088 2402 1289 2425 exercitatione

355 2439 564 2464 scribendorum
596 2445 727 2462 versuum
764 2438 950 2462 tolerabiliter
982 2437 1138 2460 scribamus
1169 2438 1291 2460 solutam

356 2475 520 2499 orationem.
572 2475 664 2504 Atque
688 2474 768 2497 huius
796 2474 836 2497 rei
857 2474 950 2503 plures
971 2474 1037 2496 sunt
1056 2478 1176 2501 causae,
1210 2477 1290 2502 quam

355 2512 385 2533 ut
404 2509 448 2532 liic
467 2509 580 2532 recitari
600 2509 718 2538 possint.
757 2509 881 2536 Adigant
900 2508 986 2538 igitur
1000 2507 1203 2536 Praeceptores
1223 2513 1289 2536 pue-

355 2544 449 2568 ritiam
468 2544 502 2567 ad
523 2545 591 2566 hanc
612 2544 839 2567 exercitationem
859 2549 966 2566 summa
984 2548 1059 2566 cura.
1098 2542 1197 2565 statim
1218 2541 1290 2564 enim

356 2580 433 2610 pueri
454 2578 672 2602 innumerabiles
685 2579 822 2602 utilitates
843 2579 966 2601 sentient
985 2584 1015 2600 ee
1035 2578 1098 2600 inde
1117 2577 1271 2608 percipere.

321 2625 352 2652 5)
376 2622 478 2650 integri
512 2624 539 2645 et
567 2620 693 2653 magri]
728 2623 810 2645 Editt.
835 2622 926 2648 1539.,
962 2622 1037 2646 1546.
1067 2621 1170 2649 integri
1202 2620 1291 2644 media

355 2658 506 2688 producta,
527 2659 554 2680 et
571 2656 672 2684 integri
694 2657 782 2680 media
803 2657 890 2681 brevi.

320 2701 350 2732 6)
370 2701 479 2729 ltalia]
497 2701 538 2724 Ed
563 2700 639 2724 1539.
662 2700 776 2723 ltaliam*

322 2744 352 2776 7)
373 2745 423 2768 Fio
442 2757 476 2761 —
496 2742 564 2776 est,]
589 2744 672 2769 Editt.
695 2744 786 2770 ¹539..
808 2744 882 2767 1546.
909 2744 960 2767 Flo
987 2745 1096 2774 longum
1122 2746 1180 2770 est,
1209 2744 1239 2766 at
1263 2742 1290 2765 in

359 2780 548 2810 polysyllabis
567 2779 597 2802 fit
617 2781 711 2807 breve,

1444 424 1667 457 Graecorum
1699 431 1749 458 est
1776 431 1873 457 tanta
1894 426 2070 465 varietas,
2098 432 2137 459 ut
2154 437 2351 470 propemo-

1340 477 1425 509 dum
1447 477 1580 520 regulis
1599 474 1857 521 comprehendi
1879 489 1952 510 non
1978 479 2101 523 possit.
2155 477 2348 512 Caeterum

1340 540 1379 560 ea
1398 528 1450 562 vis
1468 535 1519 562 est
1535 526 1643 562 huius
1661 529 1805 573 regulae
1818 556 1827 569 ,
1858 536 1897 562 ut
1918 530 2025 563 etiam
2043 531 2171 575 longae
2190 527 2348 577 syllabae

1339 580 1376 612 in
1403 581 1472 613 fine
1498 580 1697 614 dictionum
1725 581 1991 626 corripiantur,
2035 590 2206 628 sequente
2232 583 2350 617 vocali

1339 630 1468 680 [Hom.
1494 631 1534 667 ll.
1557 632 1585 672 Ι,
1610 631 1711 681 80.];
1755 632 1942 679 κρείσσων
1974 633 2050 683 γὰρ
2080 634 2258 682 βασιλεὺς
2288 634 2350 671 ὅτε

1333 682 1498 730 χώσεται
1518 683 1632 731 ἀνδρὶ
1646 685 1756 732 χέρηϊ
1769 686 1813 732 ⁸).

1735 780 1948 815 Tertia.

1444 846 1705 894 Dipbthongus
1745 850 1863 884 omnis
1897 851 2004 895 longa
2040 857 2111 891 est,
2152 857 2192 885 ut
2227 850 2348 900 [Virg.

1338 900 1428 934 Aen.
1448 899 1474 939 l,
1495 898 1615 949 141.]:
1651 902 1785 936 Aeolus
1803 909 1837 935 et
1855 903 1975 936 clauso
1994 909 2185 936 ventorum
2205 902 2348 937 ca'rcere

1338 959 1474 997 regnet.
1541 952 1708 988 Invenias
1735 954 1842 987 etiam
1869 961 2073 999 correptam
2102 956 2139 987 in
2165 956 2350 999 composi-

1338 1005 1436 1038 tione
1457 1013 1629 1051 sequente
1648 1006 1784 1046 vocali,
1814 1013 1853 1040 ut
1879 1005 1999 1054 [Virg.
2017 1008 2107 1041 Aen.
2126 1006 2203 1047 Vll,
2220 1005 2348 1056 524.]:

1338 1057 1567 1103 Sudibusque
1586 1058 1762 1103 praeustis
1774 1085 1783 1098 ‚
1811 1059 1873 1092 uhi
1890 1059 2028 1093 Graeca
2046 1059 2250 1094 imitatione
2269 1073 2349 1094 cor-

1339 1116 1440 1154 repta
1461 1116 1524 1144 est.

1729 1204 1958 1250 Quarta.

1444 1273 1646 1307 Praeterita
1670 1274 1862 1320 dissyllaba
1893 1272 2029 1308 habent
2052 1275 2193 1320 priores
2210 1274 2349 1319 longas,

1339 1332 1379 1359 ut
1398 1323 1503 1371 liqui,
1531 1326 1627 1370 sfigi,
1656 1326 1804 1371 νέυἰθ),
1830 1326 1917 1371 legi,
1944 1327 2030 1368 feci,
2057 1327 2157 1367 cudi,
2184 1324 2262 1361 sivi.

1751 1421 1781 1455 E
1792 1434 1814 1454 x
1824 1433 1840 1454 c
1850 1421 1860 1453 i
1872 1434 1894 1466 p
1905 1434 1922 1454 e
1934 1435 1940 1454 :

1602 1490 1695 1524 Dedi
1803 1491 2022 1525 circumdedi
2031 1489 2078 1537 ¹⁰)

1598 1543 1685 1577 Tuli
1798 1542 1900 1577 attuli

1600 1595 1690 1629 Steti
1799 1595 1896 1629 astiti

1599 1647 1685 1681 Bibi
1798 1647 1892 1681 ebibi

1599 1699 1695 1733 Scidi
1790 1699 1930 1734 rescidi.

1443 1760 1608 1806 Excipies
1626 1760 1673 1807 ¹¹)
1705 1760 1811 1801 item,
1862 1773 1955 1806 quae
1990 1760 2130 1794 duabus
2164 1760 2350 1794 vocalibus

1341 1813 1491 1854 finiunt,
1517 1820 1556 1847 ut
1575 1813 1642 1848 rui.
1697 1812 1916 1846 observabis
1941 1813 2027 1846 item
2053 1813 2205 1857 figuras,
2231 1812 2278 1853 ii,
2304 1812 2349 1845 ab

1341 1865 1390 1897 ivi
1412 1864 1470 1911 12).

1731 1969 1954 2014 Quinta.

1447 2040 1585 2086 Supina
1609 2039 1800 2086 dissyllaba
1827 2037 1962 2073 habent
1990 2039 2129 2084 priores
2153 2039 2350 2087 longas¹³),

1343 2099 1400 2133 ut,
1428 2094 1567 2133 Risum,
1593 2093 1899 2133 cusum,ffisu1n‚
1928 2099 2063 2126 cretum
2075 2092 2141 2139 ¹⁴²),
2169 2091 2299 2128 visum.

1377 2248 1408 2279 8)
1429 2248 1612 2276 Edunt-539„
1632 2249 1708 2273 1546.
1728 2249 1752 2271 h.
1768 2248 1785 2270 l.
1806 2248 1926 2271 addunt:
1946 2248 1982 2271 Et
2000 2247 2073 2278 apud
2088 2247 2204 2271 Latinos
2223 2247 2252 2271 in
2271 2253 2348 2270 com-

1415 2284 1568 2314 positione:
1596 2283 1772 2313 sudibusque
1792 2283 1944 2312 praeustis.

1377 2336 1408 2368 9)
1429 2335 1504 2368 veni]
1526 2337 1552 2360 in
1572 2336 1622 2361 Ed.
1639 2336 1714 2359 1539.
1735 2336 1824 2359 deest.

1381 2389 1426 2419 lo)
1448 2390 1565 2418 Excipe:
1594 2389 1661 2412 Dedi
1683 2387 1862 2420 circumdedi]
1887 2389 1969 2412 Editt.
1991 2388 2085 2420 1539.‚
2107 2387 2200 2412 ¹546.:

1413 2424 1516 2454 Excipe
1535 2424 1665 2447 habentia
1685 2426 1784 2447 breves
1804 2424 1971 2454 penultimas

1450 2459 1518 2483 Dedi
1591 2459 1784 2489 Circumdedi‚
1805 2459 1907 2488 penult.
1923 2459 2009 2483 brevi.
2030 2457 2094 2490 (Ed.
2110 2459 2186 2484 1546.
2198 2458 2281 2482 habet
2292 2457 2318 2481 h.
2329 2457 2347 2481 l.

1415 2495 1502 2518 solam
1522 2496 1632 2518 vocem:
1658 2493 1866 2525 circumdedi).

1380 2547 1426 2577 ¹1)
1447 2547 1591 2577 Excipies]
1612 2547 1696 2570 Editt.
1719 2547 1813 2578 ¹539„
1835 2547 1911 2570 ¹546.
1930 2546 2033 2576 Excipe

1381 2599 1427 2640 12)
1448 2600 1482 2626 ii,
1501 2601 1535 2623 ab
1555 2599 1616 2628 ivi.]
1641 2600 1682 2623 sic
1701 2600 1784 2623 Editt.
1809 2599 1900 2628 1539.,
1930 2598 2022 2628 1546.;
2052 2598 2137 2622 Editt.
2160 2598 2253 2629 1526.,
2273 2596 2348 2622 ¹529.

1413 2636 1450 2659 ivi
1469 2641 1519 2666 pro
1540 2635 1566 2658 ii.

1351 2710 1358 2714 ,
1381 2687 1427 2715 13)
1448 2687 1558 2718 priores
1574 2685 1697 2719 longas]
1715 2687 1799 2710 Editt.
1814 2686 1902 2716 1526„
1918 2685 2003 2714 ¹539„
2020 2685 2094 2709 1546.
2113 2685 2213 2716 longas
2228 2684 2347 2715 priores,

1382 2740 1428 2771 14)
1448 2737 1565 2771 cretum]
1588 2740 1628 2763 sic
1647 2739 1803 2769 Εᾱ.1526.;
1836 2739 1886 2764 Ed.
1905 2739 1980 2763 1529.
1999 2741 2059 2770 typ.
2080 2743 2194 2762 errorcz
2222 2743 2347 2766 cresum3

1413 2776 1440 2799 in
1463 2775 1549 2799 Editt.
1568 2775 1658 2806 1539„
1681 2776 1756 2799 1546.
1778 2774 1868 2799 deest.
