2421 3037
250 103 325 137 747
777 97 899 132 PHIL.
928 96 1040 131 MEL.
1070 95 1274 130 SCRIPTA

246 189 408 229 fabulae,
433 187 589 232 apologi,
620 184 836 229 paroemiae,
862 183 1075 228 parabolae,
1104 188 1138 215 et
1156 193 1247 227 quae

248 247 331 274 sunt
355 238 460 273 huius
475 238 632 283 generis,
661 238 703 269 de
723 236 850 281 quibus
869 236 979 268 multa
1000 234 1248 279 Quintilianus

247 293 340 325 libro
366 291 504 336 quinto.

343 342 488 375 -Orestis
512 340 631 373 fabula
656 352 739 372 usus
755 345 807 372 est
825 338 1136 383 tempestivissime
1154 336 1248 370 Mar.

247 394 372 428 Cicero
392 405 457 437 pro
477 392 632 425 Milone:
670 390 794 435 ltaque
813 388 892 429 hoc,
911 390 1057 429 iudices,
1080 401 1155 421 non
1173 388 1249 422 sine

247 457 367 478 caussa
393 445 483 477 fictis
505 443 634 476 fabulis
655 442 852 475 doctissimi
871 440 1034 474 homines
1053 440 1249 473 memoriae

246 497 505 541 prodiderunt,
542 507 643 534 eum,
674 494 732 539 qui
765 494 877 537 patris
905 493 1097 526 ulciscendi
1127 503 1248 524 caussa

246 555 398 581 matrem
424 547 639 585 necavisset,
667 545 816 578 variatis
841 543 1030 578 hominum
1053 543 1250 582 sententiis,

246 612 323 633 non
346 600 462 633 solum
487 597 665 637 humana,
701 598 761 630 sed
787 603 822 630 et
847 598 934 630 deae
965 595 1249 640 sapientissimae

247 651 422 685 sententia
444 651 649 683 liberatum.
691 649 858 693 Apologo
875 661 937 682 seu
956 660 1059 687 aeno,
1088 648 1136 680 sic
1154 646 1249 679 enim

246 704 358 736 ferme
377 702 572 746 Aesopicos
593 701 766 746 apologos
784 707 934 740 vocant,
962 712 1045 733 usus
1065 705 1117 732 est
1135 698 1251 731 Hora-

247 753 394 800 tius⁷¹):

248 823 357 868 Quod
375 822 403 856 si
421 834 477 854 me
493 821 649 866 populus
666 820 854 853 Romanus
872 820 963 852 forte
980 826 1101 863 roget,
1131 831 1193 852 cur

247 874 344 914 Non,
366 881 405 907 ut
422 873 639 918 porticibus,
669 873 717 905 sic
734 872 874 905 iudiciis
890 872 990 904 fruar
1008 871 1147 911 iisdem,

246 926 322 961 Nec
354 937 503 971 sequar,
539 937 579 957 ac
609 924 763 968 fugiam,
801 935 892 968 quae
922 923 1038 966 diligit
1067 923 1162 967 ipse,
1197 923 1253 955 vel

887 975 975 1014 odit,

248 1029 345 1062 Olim
366 1029 463 1073 quod
480 1028 603 1071 vulpes
622 1032 769 1070 aegroto
789 1027 898 1059 cauda
916 1026 1014 1059 leoni

247 1080 449 1125 Respondit
462 1106 470 1119 ,
497 1079 669 1112 referam:
699 1078 782 1124 quia
806 1090 861 1110 me
879 1078 1026 1122 vestigia
1044 1084 1193 1117 terrent,

248 1130 382 1167 Omnia
401 1137 435 1164 te
457 1132 645 1164 adversum
666 1130 885 1174 spectantia,
921 1131 1017 1163 nulla
1040 1137 1252 1163 retrorsum.

246 1200 437 1234 Paroemia
466 1212 548 1232 usus
567 1205 618 1232 est
633 1198 683 1232 M.
704 1198 828 1232 Cicero
848 1211 914 1243 pro
936 1199 975 1233 L.
992 1199 1120 1232 Flacco
1133 1226 1141 1238 ,
1170 1211 1253 1243 pro-

248 1252 372 1285 verbio
394 1252 500 1284 fidem
523 1250 670 1284 testibus
689 1251 886 1294 abrogans,
917 1264 988 1296 qno
1007 1251 1155 1284 dicitur:
1195 1250 1251 1283 Da

247 1310 414 1338 mutuum
449 1302 710 1336 testimonium.
772 1302 963 1336 Parabolis
992 1315 1090 1337 sacra
1120 1300 1252 1336 Christi

248 1355 411 1390 doctrina
438 1355 568 1387 referta
594 1360 655 1388 est.
710 1354 827 1388 Adiici
853 1361 887 1387 et
912 1367 1065 1399 gnomae
1092 1367 1153 1388 seu
1172 1367 1251 1388 sen-

248 1407 381 1441 tentiae
397 1413 554 1451 possent,
582 1406 686 1451 quale
704 1413 755 1439 est
772 1406 860 1439 illud
880 1419 946 1451 pro
964 1406 1139 1440 Deiotaro
1157 1407 1252 1451 apud

246 1459 297 1493 M.
317 1458 547 1492 Ciceronem:
582 1457 740 1491 Pereant
766 1458 891 1498 amici,
920 1460 1006 1492 dum
1023 1458 1161 1491 inimici
1180 1470 1251 1491 nna

246 1511 476 1550 intercidant,
505 1516 539 1543 et
554 1509 688 1544 Paulus
708 1510 824 1554 graeci
845 1517 970 1554 poetae
990 1511 1164 1544 versiculo
1184 1510 1253 1543 uti-

248 1570 306 1596 tur
331 1563 366 1594 in
394 1559 591 1594 Corinthiis
607 1561 673 1607 72);
720 1562 968 1606 Corrumpunt
992 1563 1107 1595 bonos
1134 1574 1252 1596 mores

248 1615 540 1647 conversationes
557 1625 702 1657 pravae.
756 1613 824 1646 Sed
843 1614 886 1645 de
902 1611 957 1647 his
978 1613 1014 1646 in
1032 1614 1118 1647 locis
1136 1614 1251 1657 plura.

246 1665 352 1701 Nunc
376 1665 461 1699 satis
488 1665 533 1698 sit
560 1665 809 1705 admonuisse,
836 1662 924 1698 haec
949 1666 992 1698 ad
1011 1665 1163 1710 exempli
1180 1666 1252 1698 for-

247 1731 365 1757 mam,
395 1729 486 1762 quae
506 1716 612 1760 plane
631 1716 893 1760 simplicissima
914 1724 985 1757 est,
1014 1718 1206 1762 pertinere.

521 1801 581 1835 De
611 1803 979 1837 coacervatione.

353 1871 512 1914 Cognata
537 1870 744 1916 syllogismo
763 1872 988 1904 coacervatio
1009 1879 1078 1911 est,
1108 1885 1176 1917 qua
1196 1886 1251 1907 res

248 1924 406 1957 eiusdem
433 1922 588 1961 ordinis,
618 1935 681 1955 ceu
707 1923 918 1966 gradatione
946 1925 1100 1969 quadam
1121 1937 1251 1958 conne—

248 1982 411 2014 ctuntur,
440 1981 495 2014 ut,
525 1975 622 2019 quod
647 1974 787 2007 Laurus
811 1982 881 2014 est,
911 1976 1018 2008 arbor
1046 1982 1118 2015 est,
1153 1978 1249 2022 quod

247 2028 356 2060 arbor
383 2033 452 2066 est,
479 2026 676 2060 substantia
703 2032 773 2065 est,
802 2039 886 2069 ergo
913 2029 1008 2072 quod
1024 2026 1166 2061 Laurus
1188 2035 1249 2070 est,

247 2078 444 2112 substantia
466 2084 529 2111 est.
584 2077 775 2110 Conclusio
794 2078 1047 2122 syllogisticam
1074 2079 1250 2121 imitatur,

248 2143 341 2170 cum,
368 2142 459 2175 quae
479 2131 697 2173 praecedunt
716 2130 972 2173 pronuntiata,
999 2143 1074 2163 non
1094 2131 1165 2164 sint
1181 2132 1249 2176 syl-

248 2182 406 2225 logistice
435 2181 637 2214 coniuncta.
701 2181 828 2214 Graeci
854 2179 946 2214 hanc
973 2184 1250 2226 argumentandi

247 2234 402 2266 sormam
427 2232 545 2265 Soron
568 2245 630 2266 seu
655 2232 797 2265 Soriten
829 2240 969 2267 vocant.
1030 2234 1250 2268 Aristotelici

248 2285 369 2328 regula
395 2286 549 2330 quadam
578 2284 613 2316 in
632 2284 930 2328 praedicamentis
950 2286 1160 2330 expediunt,
1188 2288 1248 2320 ubi

248 2337 394 2369 docent:
428 2335 612 2381 Quidquid
639 2338 682 2368 de
704 2337 889 2381 superiore
913 2337 1063 2378 (licitur,
1093 2338 1186 2371 idem
1207 2340 1250 2372 de

247 2388 416 2420 inferiore
437 2387 504 2419 dici
522 2400 644 2431 posse:
673 2386 783 2420 homo
802 2396 851 2422 cst
871 2389 1017 2429 animal,
1045 2390 1181 2423 animal
1200 2398 1251 2425 est

248 2452 399 2483 corpus,
435 2437 544 2471 homo
577 2439 685 2483 igitur
702 2438 745 2485 73)
778 2447 827 2473 est
862 2453 1003 2485 corpus.
1061 2441 1097 2473 lu
1126 2455 1251 2486 perve-

247 2491 438 2534 stigatione
469 2502 588 2522 rerum
617 2491 950 2525 ol‘iscurissimarum
984 2493 1144 2527 videmus
1171 2495 1251 2528 usui

247 2542 352 2575 fuisse
370 2542 512 2575 Soriten
541 2542 665 2576 doctis.
720 2543 757 2575 in
786 2541 880 2576 hunc
905 2545 1015 2577 serme
1040 2547 1188 2579 modum
1217 2553 1250 2579 et

282 2644 330 2675 71)
352 2645 447 2667 Horat.
470 2644 557 2674 Epist.
577 2644 597 2674 1,
614 2647 639 2674 1,
655 2644 779 2670 70—75.

282 2687 330 2718 72)
352 2688 369 2711 Ι,
391 2688 506 2711 Corinth
538 2689 579 2713 ¹5.
595 2688 636 2713 33.

282 2730 330 2761 73)
349 2732 429 2755 homo
450 2732 550 2761 igitur]
576 2732 616 2755 sic
636 2732 718 2755 Editt.
737 2733 757 2756 1.
773 2733 814 2763 3.;
840 2733 927 2757 13:12.
949 2733 1033 2763 igitur
1053 2734 1131 2758 homo

1300 93 1433 128 VARH
1459 94 1769 132 ARGUMENTL
2233 100 2307 135 748

1302 181 1467 214 Socrates
1502 181 1707 225 colligebat:
1743 182 1905 217 Deorum
1930 191 2013 218 sunt
2037 185 2180 225 omnia,
2211 185 2308 218 Boni

1302 233 1369 265 viri
1387 234 1537 265 deorum
1558 239 1641 266 sunt
1658 234 1784 275 amici,
1813 242 1847 268 et
1864 236 2064 269 amicorum
2085 237 2205 269 omnia
2224 243 2309 271 sunt

1303 283 1522 323 communia,
1542 297 1626 328 ergo
1643 291 1677 318 et
1693 286 1872 319 bonorum
1894 288 2055 320 virorum
2072 294 2156 321 sunt
2172 289 2307 322 omnia.

1303 335 1360 369 Sic
1388 333 1637 379 Diophantus,
1665 335 1918 372 Themistoclis
1944 339 2054 373 filius:
2109 339 2217 383 Quod
2242 352 2307 383 ego

1304 388 1407 427 volo,
1436 387 1529 419 idem
1558 394 1673 420 mater
1690 389 1784 428 vult,
1814 391 1909 434 quod
1936 397 2071 430 mater,
2100 390 2193 423 idem
2212 389 2308 424 The-

1305 439 1493 479 mistocles,
1511 441 1609 484 quod
1630 437 1900 482 Themistocles,
1920 441 2014 474 idem
2032 442 2187 486 populus
2198 440 2308 474 Athe-

1303 491 1456 530 niensis,
1487 503 1570 534 ergo
1597 492 1695 537 quod
1721 504 1785 535 ego
1804 493 1908 532 volo,
1943 493 2039 526 idem
2058 493 2135 526 vult
2153 494 2308 537 populus

1302 540 1544 576 Atheniensis.
1618 542 1890 586 Elegantissime
1920 544 2054 578 Paulus
2079 545 2118 577 in
2144 544 2307 588 Epistola

1305 595 1349 627 ad
1374 594 1560 627 Hebraeos
1575 593 1639 640 7‘²):
1677 595 1886 629 Sacerdotes
1909 595 2062 629 Mosaici
2078 602 2161 630 sunt
2190 596 2309 629 mino-

1304 658 1360 679 res
1382 643 1611 686 Abrahamo,
1645 645 1874 680 Abrahamus
1898 648 2019 680 minor
2043 654 2094 680 est
2118 645 2308 680 Melchize-

1305 695 1492 743 dech0⁷⁵)‚
1520 697 1669 731 Mosaici
1690 698 1799 742 igitur
1817 699 2018 733 sacerdotes
2040 699 2200 732 minores
2226 705 2310 733 sunt

1305 747 1664 796 Melchizedec11075).
1717 749 1792 782 Iam
1811 747 1973 784 Christus
1998 756 2050 784 est
2076 751 2242 784 sacerdos
2256 763 2310 784 se-

1306 802 1462 834 cundum
1482 801 1646 833 ordinem
1668 799 1933 835 Melchizedech
1943 802 2006 848 ⁷⁵),
2036 802 2144 846 igitur
2164 800 2308 836 Christo

1306 853 1465 886 minores
1482 859 1564 885 sunt
1581 854 1784 887 sacerdotes
1803 854 1963 887 Mosaici.
2010 853 2116 887 Valet
2132 851 2221 887 haec
2236 854 2309 886 for-

1306 905 1403 938 mula
1431 905 1561 938 certius
1585 904 1622 936 in
1649 905 1776 937 ordine
1801 917 1921 938 rerum
1946 905 2104 939 eiusdem
2124 905 2309 949 praedica-

1306 957 1436 997 menti,
1465 958 1628 1002 adeoque
1645 956 1682 988 in
1699 957 1888 990 axiomatis
1904 957 2125 991 necessariis.
2164 955 2206 989 In
2224 969 2309 989 con-

1306 1008 1525 1053 tingentibus
1550 1020 1624 1041 non
1650 1021 1792 1052 semper
1817 1015 1899 1053 apte
1923 1008 2103 1052 colligitur
2126 1020 2191 1053 per
2211 1008 2309 1041 Sori-

1307 1067 1386 1100 ten,
1414 1067 1454 1093 ut
1477 1060 1505 1094 si
1530 1061 1809 1104 argumenteris:
1844 1060 2004 1094 Studiosi
2018 1060 2205 1093 literarum
2226 1066 2310 1093 sunt

1307 1119 1469 1145 amantes
1489 1112 1573 1151 otii,
1601 1113 1772 1145 Amantes
1791 1112 1856 1145 otii
1877 1118 1961 1146 sunt
1981 1124 2126 1155 segnes,
2149 1111 2308 1145 Studiosi

1306 1164 1415 1207 igitur
1439 1164 1626 1196 literarum
1651 1170 1734 1197 sunt
1756 1176 1891 1207 segnes.
1954 1163 2028 1196 Iam
2055 1170 2090 1196 et
2115 1164 2308 1197 observan-

1307 1217 1392 1249 dum
1410 1222 1481 1256 est,
1509 1221 1548 1248 ut
1573 1215 1778 1259 argumenti
1802 1222 1921 1258 partes
1945 1216 2070 1248 eadem
2087 1215 2182 1248 inter
2197 1226 2235 1248 se
2250 1226 2309 1247 ra-

1307 1268 1404 1301 tione
1440 1268 1690 1308 conferantur,
1731 1273 1770 1300 ut
1802 1267 1839 1299 in
1867 1267 2054 1311 superiore
2081 1272 2308 1311 argumento,

1307 1320 1407 1352 aliud
1421 1320 1665 1353 studiosorum
1678 1347 1687 1360 ,
1715 1318 1811 1352 aliud
1832 1318 1992 1363 segnium
2010 1319 2123 1352 otium
2145 1324 2208 1353 est.

1410 1388 1603 1432 Captiones
1621 1388 1797 1433 quaedam
1817 1387 1978 1432 reliquae
1997 1393 2097 1420 sunt:
2128 1385 2309 1419 Crocodo-

1305 1441 1401 1480 lites,
1434 1440 1646 1485 Asystaton,
1681 1437 1963 1483 Antistrephon,
2005 1450 2116 1484 quas,
2161 1438 2308 1483 quando

1307 1493 1351 1524 ad
1376 1492 1428 1524 rei
1452 1491 1658 1524 dialecticae
1685 1490 1855 1524 iudicium
1889 1502 1965 1523 non
1990 1490 2038 1522 ita
2073 1490 2227 1523 multum
2257 1490 2309 1522 fa-

1307 1544 1420 1583 ciunt,
1461 1544 1571 1577 satius
1600 1543 1714 1576 visum
1749 1549 1799 1575 est
1828 1542 2005 1575 omittere.
2066 1540 2185 1574 Facile
2213 1540 2308 1574 enim

1307 1608 1413 1628 omne
1432 1596 1539 1628 fallax
1556 1601 1808 1638 argumentum
1828 1594 1992 1635 eluseris‚
2019 1593 2049 1626 si
2066 1599 2101 1626 et
2124 1592 2310 1637 collegeris

1306 1648 1343 1679 in
1362 1659 1419 1680 eas
1435 1647 1619 1688 formulas,
1644 1658 1732 1691 quas
1748 1645 2054 1691 praescripsimus,
2078 1657 2196 1690 neque
2213 1644 2308 1678 enim

1305 1699 1400 1732 ullae
1421 1699 1511 1731 aliae
1530 1699 1665 1743 probae
1682 1704 1776 1731 sunt.
1818 1697 1858 1730 ln
1875 1697 2002 1742 primis
2019 1703 2152 1736 autem,
2180 1696 2209 1730 si
2225 1697 2309 1730 sim-

1306 1751 1390 1795 plici
1407 1751 1615 1796 syllogismo
1632 1749 1800 1790 vinxeris,
1829 1755 1863 1783 et
1879 1750 2014 1782 caveris
2032 1749 2242 1793 prudenter,
2264 1760 2310 1781 ne

1307 1802 1393 1848 quid
1418 1801 1654 1847 amphibolon
1684 1808 1745 1835 aut
1773 1801 1980 1846 ambiguum
2011 1801 2046 1833 in
2072 1800 2220 1833 nomine
2249 1806 2311 1833 aut

1305 1855 1416 1887 verbo
1441 1854 1569 1902 ullow)
1593 1854 1687 1887 insit.
1732 1853 1918 1899 Quidquid
1945 1853 2039 1886 enim
2058 1853 2153 1896 apud
2171 1852 2310 1886 Aristo-

1304 1907 1410 1939 telem
1438 1907 1662 1939 fallaciarum
1689 1912 1757 1946 est,
1792 1906 1905 1938 ferme
1932 1904 2101 1948 ambiguo
2135 1904 2310 1948 exposito,

1305 1964 1367 1991 aut
1401 1959 1589 1991 observata
1622 1958 1734 2002 proba
1772 1957 1970 2003 syllogismi
2003 1957 2139 1996 forma,
2183 1956 2310 2001 depre-

1304 2008 1450 2044 hendes.

1618 2094 1752 2128 Liber
1787 2101 1994 2140 quartus.

1696 2155 1758 2188 De
1792 2155 1922 2189 locis.

1409 2225 1589 2258 Hactenus
1615 2231 1911 2268 argumentorum
1936 2224 2110 2258 formulas
2134 2224 2308 2269 praescri-

1304 2277 1461 2322 psimus,
1496 2283 1530 2309 et
1553 2277 1664 2310 lineas
1689 2276 1875 2316 duximus,
1910 2276 2039 2321 quibus
2064 2276 2309 2309 circumscribi

1305 2334 1556 2373 argumentum
1589 2329 1712 2368 debet,
1751 2341 1822 2374 quo
1856 2329 2003 2369 ordine,
2038 2328 2167 2373 quibus
2191 2328 2308 2361 modis

1305 2381 1388 2414 velit
1414 2380 1591 2414 sermonis
1617 2387 1744 2413 natura
1781 2380 1963 2425 compingi
1995 2379 2208 2414 sententiam
2245 2392 2308 2413 seu

1306 2433 1508 2466 orationem
1547 2433 1591 2465 ad
1629 2433 1856 2477 probandum
1895 2430 2015 2465 thema
2064 2432 2307 2477 quodcunque

1339 2574 1387 2607 74)
1414 2576 1497 2599 Hebr.
1515 2576 1542 2605 6,
1562 2575 1587 2600 7.
1612 2588 1646 2593 -
1975 2573 2086 2599 sorites
2115 2574 2249 2598 Paulinus
2278 2573 2307 2599 in

1377 2611 1462 2635 Hebr.

1340 2653 1388 2685 75)
1409 2654 1629 2677 Melchizedecho
1650 2672 1656 2677 .
1675 2673 1681 2679 .
1699 2673 1705 2679 .
1725 2652 1943 2685 Melchizedech]
1971 2653 2056 2678 Editt.
2074 2654 2096 2677 1.
2110 2652 2136 2677 3.
2155 2652 2307 2677 Melchize-

1377 2689 1444 2712 deco
1466 2708 1471 2712 .
1492 2708 1499 2714 .
1521 2707 1525 2712 .
1546 2689 1735 2712 Melchizedec

1340 2731 1387 2763 76)
1408 2733 1479 2761 ullo]
1500 2732 1541 2755 sic
1559 2732 1644 2757 Editt.
1663 2732 1739 2760 1.³.;
1771 2732 1818 2756 Ed.
1832 2732 1857 2757 2.
1876 2732 1925 2756 illo

1699 2576 1801 2599 Annot.
1826 2581 1915 2606 marg.
1925 2582 1932 2599 :
