2421 3037
773 725 1016 768 XCVIII.
1079 724 1259 765 PHIL.
1296 723 1454 766 MEL.
1493 722 1873 766 PROSODIA.

286 837 497 892 Prosodia
528 862 728 891 Melanthonis
753 870 916 899 nusquam,
954 860 1031 898 quod
1063 860 1138 895 scio,
1175 860 1318 888 seorsim
1338 860 1465 898 prodiit,
1495 859 1548 888 sed
1572 865 1621 888 aut
1645 867 1722 887 cum
1744 858 1818 887 sola
1840 856 2012 899 syntaxi,
2042 864 2092 887 aut
2115 867 2191 888 oum
2213 854 2352 898 Etyma-

284 907 381 946 logia
404 912 436 935 et
459 905 628 944 Syntaxi‚
658 911 708 934 aut
733 914 809 933 cum
832 902 912 932 aliis
936 901 1034 932 libris
1057 904 1250 932 coniuncta.

332 968 361 999 1.
396 978 474 997 cum
499 969 581 996 sola
602 967 767 1004 Syntaxi
792 966 998 994 coniuncta
1022 965 1172 992 invenitur
1191 965 1220 992 in
1240 963 1373 991 omnibus
1391 963 1482 990 Editt.
1505 963 1651 999 primae
1674 962 1816 990 aetatis
1839 961 2023 1000 syntaxeos,
2046 971 2119 1000 quas
2137 971 2227 1000 supra
2245 958 2356 999 p-33'7

464 1009 584 1040 -340,
610 1010 760 1042 recensui;
793 1010 821 1037 in
846 1009 937 1038 Editt.
962 1018 1049 1045 vero,
1081 1017 1152 1046 quas
1175 1007 1436 1035 Winshemius
1458 1011 1487 1034 et
1511 1006 1733 1034 W'inclerus
1757 1011 2010 1043 recognoverunt,
2040 1015 2098 1034 non
2122 1005 2283 1044 reperitur.

330 1074 361 1105 2.
396 1082 474 1101 cum
505 1070 751 1108 Etymologia
783 1075 820 1098 et
845 1068 1009 1106 Syntaxi
1036 1069 1247 1096 coniuncta
1277 1073 1374 1096 exstat
1396 1067 1425 1094 iu
1450 1065 1530 1095 hisce
1553 1067 1646 1095 tribus
1669 1066 1764 1096 Editt.
1788 1067 1934 1104 primae
1964 1067 2107 1095 aetatis
2130 1066 2355 1094 Grammaticae

464 1115 544 1143 Lat.:
574 1114 666 1142 Paris.
691 1111 785 1142 1532.
810 1112 850 1148 8.,
873 1112 954 1149 Lips.
979 1112 1008 1139 in
1032 1111 1111 1140 offic.
1134 1117 1198 1150 typ.
1222 1112 1286 1140 Nic.
1312 1111 1400 1139 Fabri
1425 1119 1447 1140 S.
1465 1119 1490 1138 a.
1515 1109 1563 1146 8.,
1594 1117 1622 1138 et
1648 1110 1776 1147 Tubing.
1802 1108 1892 1138 1546.
1916 1108 1957 1146 8.,
1980 1119 2053 1147 quas
2077 1119 2167 1147 supra
2189 1119 2222 1148 p.
2241 1107 2356 1138 195-

461 1157 533 1188 198.
558 1157 712 1191 recensui,
741 1156 868 1184 fortasse
892 1156 981 1183 etiam
1003 1155 1033 1182 in
1057 1155 1231 1192 quibusdam
1255 1155 1320 1183 aliis
1343 1153 1475 1182 eiusdem
1501 1153 1606 1181 aetatis
1629 1153 1690 1180 illic
1713 1154 1912 1189 enumeratis,
1936 1163 2009 1191 quas
2031 1153 2184 1191 hucusque
2207 1163 2265 1181 non
2289 1153 2355 1192 ipse

461 1202 540 1234 vidi3
571 1207 728 1238 praeterea
751 1200 780 1227 in
804 1200 937 1227 omnibns
960 1198 1053 1227 Editt.
1077 1199 1289 1235 secundae,
1322 1197 1486 1232 tertiae,
1518 1203 1679 1234 quartae
1711 1201 1741 1224 et
1771 1197 1934 1234 quintae
1965 1197 2109 1225 aetatis
2132 1196 2221 1224 huius
2243 1196 2356 1225 Gram-

461 1245 602 1281 maticae‚
632 1243 696 1272 scil.
721 1243 771 1279 iis,
801 1252 873 1281 quas
898 1242 1096 1278 Micyllus,
1127 1241 1391 1277 Camerarius„
1420 1240 1543 1268 Faber
1568 1246 1657 1278 atque
1681 1239 1903 1267 Schmidius
1927 1245 2116 1269 curaverunt.

330 1305 362 1337 3.
396 1315 475 1335 cum
499 1305 590 1332 aliis
614 1304 728 1332 libris
752 1303 896 1331 similis
919 1303 1143 1339 argumenti
1166 1311 1343 1330 connexa
1366 1301 1475 1338 prodiit
1499 1301 1527 1328 in
1552 1299 1607 1328 hac
1631 1299 1702 1328 Ed.:

416 1363 576 1397 Contenta
600 1361 697 1393 libri:
735 1362 803 1393 Ph.
826 1361 888 1392 Me
898 1363 936 1391 la
948 1372 968 1390 n
978 1370 996 1391 0
1004 1360 1025 1391 h
1034 1368 1048 1391 t
1058 1360 1078 1391 h
1086 1371 1103 1391 ο
1112 1371 1134 1390 n
1158 1360 1198 1390 de
1221 1360 1398 1391 Prosodia.
1454 1358 1517 1389 He
1525 1370 1546 1389 n
1554 1369 1581 1391 r.
1608 1357 1685 1390 Gla
1693 1369 1712 1388 ν
1720 1369 1737 1387 e
1747 1368 1769 1387 α
1778 1360 1825 1388 ni
1851 1359 1997 1398 [sagoge
2021 1357 2132 1389 brevis
2155 1358 2197 1388 de
2218 1359 2353 1389 ratione

461 1405 684 1447 syllabarum:
721 1406 770 1438 Ch
780 1417 808 1437 r.
832 1405 925 1445 Heg
934 1415 951 1434 e
962 1416 981 1434 η
993 1405 1016 1434 d
1024 1416 1041 1435 o
1051 1416 1097 1445 rp
1106 1403 1126 1433 h
1136 1408 1149 1434 i
1157 1415 1178 1433 n
1190 1407 1204 1434 i
1233 1403 1444 1444 Stichologia
1468 1414 1493 1434 s.
1519 1405 1608 1432 ratio
1633 1400 1886 1432 scribendorum
1912 1412 2075 1432 versuum.
2129 1401 2289 1432 Eiusdem
2311 1401 2354 1431 li-

462 1450 567 1481 bellus
591 1450 631 1480 de
654 1450 785 1480 ratione
810 1450 1018 1480 Carminum:
1053 1448 1099 1478 Io
1108 1447 1139 1479 h.
1165 1448 1390 1478 Murmelii
1421 1446 1614 1477 Carminum
1634 1443 1890 1486 probandorum
1913 1447 2129 1475 exercicium.
2185 1444 2356 1485 Argento-

460 1497 534 1525 rati
557 1494 655 1525 Anno
680 1492 732 1525 M.
743 1494 788 1524 D.
799 1492 955 1524 XXXV.
1002 1493 1031 1523 S.
1047 1493 1088 1532 *).

374 1558 468 1586 Huius
491 1558 580 1596 igitur
603 1555 760 1584 Prosodiae
784 1555 1046 1584 Melanthonianae
1071 1550 1206 1582 totidem
1230 1556 1360 1581 aetates
1385 1557 1453 1580 sunt
1476 1550 1723 1589 distinguendae,
1753 1554 1833 1588 quot
1858 1546 2109 1579 Grammaticae
2132 1548 2292 1580 Latinae.

376 1619 502 1648 Prima
531 1624 640 1646 aetas
672 1617 877 1655 complectitur
900 1615 1009 1652 Editt.,
1041 1623 1118 1653 quae
1141 1613 1311 1642 Prosodiam
1334 1612 1493 1649 exhibent,
1531 1611 1655 1650 qualis
1680 1611 1722 1638 ab
1747 1611 1830 1649 ipso
1853 1610 2110 1640 Melanthone
2139 1612 2291 1650 scripta
2321 1616 2359 1640 et

289 1663 493 1701 recognita
517 1667 594 1698 est,
626 1669 736 1698 nempe
764 1660 867 1688 hasce:

333 1724 362 1755 1.
398 1722 567 1763 Syntaxis
591 1719 680 1751 Phil.
701 1719 782 1750 Mel.
807 1728 864 1750 etc.
909 1718 1106 1758 Haganoae
1130 1717 1224 1748 1526.
1247 1717 1276 1747 8.
1302 1715 1385 1756 (vide
1410 1724 1498 1753 supra
1522 1725 1551 1752 p.
1567 1712 1633 1744 337
1650 1712 1710 1754 sq.)

332 1783 363 1814 2.
398 1781 570 1823 Syniaxis
593 1780 678 1812 Mel.
703 1789 760 1810 etc.
803 1778 958 1810 Coloniae
983 1779 1078 1809 1526.
1103 1778 1136 1808 8.
1161 1778 1206 1817 (v,
1231 1788 1260 1816 p.
1274 1775 1340 1807 339
1354 1772 1415 1814 sq.)

332 1843 364 1875 3.
397 1841 565 1883 Syntaxis
589 1840 680 1872 Phil.
705 1840 786 1870 Mel.
809 1848 866 1870 etc.
914 1837 1165 1878 norimbergae
1189 1836 1284 1867 1527.
1307 1836 1336 1866 8.
1363 1834 1408 1875 (v,
1433 1845 1463 1873 p.
1478 1833 1544 1865 339
1559 1835 1619 1874 sq.)

333 1905 363 1934 4.
400 1902 489 1933 Phil.
513 1902 594 1933 Mel.
620 1901 789 1942 Syntaxis
812 1909 868 1931 etc.
920 1899 1063 1929 Parisiis
1089 1899 1184 1929 1528.
1207 1898 1238 1928 8.
1265 1898 1307 1937 (v,
1333 1896 1419 1934 ibid.)

333 1963 364 1992 5.
402 1959 572 2001 Sytttuxis
598 1958 685 1990 Phil.
709 1958 789 1988 Mel.
814 1966 871 1988 etc.
919 1957 1060 1997 Lipsiae
1086 1957 1179 1988 1529.
1204 1957 1234 1987 8.
1261 1955 1303 1996 (ν.
1327 1954 1416 1994 ibid.)

333 2021 364 2052 6.
400 2020 568 2062 Syntaxis
593 2018 684 2051 Phil.
711 2020 805 2057 Mel„
834 2017 877 2048 ab
900 2018 1043 2048 authore
1065 2027 1176 2058 nuper
1200 2018 1388 2055 recog-nita.
1436 2011 1684 2051 Norimbergae
1710 2012 1803 2042 1529.
1828 2012 1858 2042 8.
1885 2011 1929 2052 (v.
1953 2012 2040 2054 ibid.)

334 2082 366 2113 7.
401 2080 490 2111 Phil.
514 2080 593 2111 Mel.
618 2079 787 2119 Syntaxis
811 2085 842 2108 et
867 2078 1045 2109 Prosodia.
1089 2077 1238 2107 Parisiis
1264 2075 1360 2106 1529.
1386 2077 1415 2107 8.
1440 2076 1482 2115 (v,
1506 2076 1592 2114 ibid.)

335 2144 367 2174 8.
402 2141 572 2183 Syntaxis
597 2141 686 2172 Phil.
712 2141 792 2172 Mel.
817 2141 995 2171 emendata
1021 2145 1054 2169 et
1080 2145 1181 2169 aucta
1205 2137 1248 2168 ab
1271 2143 1402 2168 autore.
1447 2136 1591 2175 Lipsiae
1616 2133 1710 2165 1531.
1733 2133 1764 2165 8.
1789 2134 1832 2173 (V.
1856 2134 1942 2169 ibid.)

334 2204 365 2234 9.
400 2203 489 2234 Phil.
515 2202 596 2234 Mel.
622 2202 851 2234 Grammatica
878 2202 955 2233 Lat.
980 2210 1037 2233 etc.
1084 2200 1226 2231 Parisiis
1252 2199 1348 2231 1532.
1372 2198 1401 2228 8.
1427 2198 1510 2233 (vide
1534 2207 1563 2234 p.
1584 2195 1645 2225 195
1661 2194 1721 2234 sq.)

316 2267 368 2298 10.
404 2267 492 2298 Phil.
516 2267 596 2296 Met.
619 2267 788 2306 Sqntaoeis
811 2272 843 2295 et
870 2265 1046 2296 prosodia.
1094 2263 1250 2295 Coloniae
1278 2260 1372 2293 1535.
1395 2259 1425 2289 8.
1451 2258 1493 2299 (v,
1518 2269 1547 2296 p.
1564 2256 1629 2287 339
1645 2256 1706 2295 sq.)

316 2326 368 2358 11.
403 2326 467 2356 ΡΙι.
492 2323 740 2356 Melanchzhon
763 2325 803 2355 de
826 2323 1005 2354 Prosodia.
1050 2321 1160 2351 Henr.
1178 2320 1344 2352 Glareani
1367 2319 1511 2359 Isagoge
1535 2324 1591 2348 etc.
1638 2315 1871 2354 Argentorate·
1897 2313 1991 2345 1535.
2015 2315 2063 2354 8.,
2087 2326 2176 2355 quam
2190 2316 2247 2347 Ed.
2270 2317 2357 2355 paulo

465 2377 533 2399 ante
559 2371 713 2408 descripsi.

404 2431 573 2472 syntaxis
599 2429 687 2461 Phil.
711 2430 789 2460 Mel.
813 2429 989 2459 emendata
1012 2433 1046 2457 et
1070 2432 1174 2456 aucta
1196 2424 1239 2455 ab
1261 2430 1390 2454 autore.
1432 2421 1576 2459 Lipsiae
1603 2418 1700 2449 1536.
1725 2419 1756 2449 8.
1779 2420 1823 2458 (v.
1848 2429 1878 2457 p.
1895 2416 1961 2448 339
1975 2417 2036 2457 sq.)

405 2490 578 2532 Syntaxis
602 2489 691 2520 Phil.
715 2489 794 2520 Mel.
820 2488 997 2518 emendata
1020 2491 1053 2515 et
1075 2489 1177 2515 aucta
1201 2481 1244 2512 ab
1267 2487 1398 2512 autore.
1446 2477 1659 2518 Noribergae
1685 2478 1778 2510 1537.
1804 2478 1834 2508 8.
1861 2478 1904 2518 (v,
1929 2489 1960 2516 p.
1974 2476 2041 2508 339
2054 2476 2114 2517 sq.)

404 2551 574 2593 Syniaxis
598 2550 688 2581 Phil.
722 2550 791 2580 vel.
815 2549 993 2580 emendata
1016 2552 1048 2576 et
1073 2551 1178 2576 aucta
1202 2542 1244 2574 ab
1269 2550 1397 2574 autore.
1445 2541 1585 2582 Lipsiae
1612 2540 1706 2572 1539.
1731 2541 1762 2571 8.
1788 2540 1832 2581 (v.
1856 2538 1944 2580 ibid.)

342 2614 369 2643 '.
404 2611 649 2643 Grammate'ces
672 2608 822 2638 Latinae
844 2609 1007 2637 elementa
1032 2613 1089 2636 etc.
1136 2604 1277 2642 Lipsiae
1301 2606 1337 2632 in
1359 2599 1458 2642 offic.
1483 2606 1556 2641 typ.
1580 2599 1657 2629 Nic.
1682 2598 1791 2629 Fabri
1813 2611 1836 2629 s.
1854 2609 1880 2629 a.
1904 2598 1934 2629 8.
1959 2595 2001 2637 (ν.
2020 2607 2050 2635 p.
2067 2595 2129 2627 197
2145 2595 2205 2636 sq.)

318 2431 371 2584 :2³52ss

319 2613 335 2705 *bt-b

339 2624 369 2706 ,σιω

404 2673 646 2705 Grammatices
668 2670 749 2701 Lat.
772 2670 934 2700 elementa
960 2676 1016 2698 etc.
1065 2664 1243 2704 Tubingae
1270 2664 1363 2695 1546.
1384 2664 1414 2695 8.
1439 2662 1485 2703 (v.
1509 2673 1539 2701 p.
1557 2662 1618 2693 197
1633 2661 1692 2701 sq.)

333 2805 361 2832 *)
382 2807 459 2829 Hunc
478 2806 577 2829 librum
598 2804 742 2827 Panzerus
765 2803 790 2825 in
811 2802 911 2826 Annal.
934 2804 1044 2830 typogr.
1066 2799 1130 2823 vol.
1147 2798 1193 2822 Vl.
1215 2805 1238 2827 p.
1259 2796 1315 2820 126.
1337 2802 1378 2820 nr.
1393 2794 1453 2820 877,
1475 2795 1611 2817 recenset.
