2389 3037
83 131 156 170 725
596 128 672 164 Vll.

184 219 276 253 Nam
299 217 461 251 omnium
482 218 661 262 primum,
691 230 907 264 quocunque
930 215 1087 250 themate

80 271 290 317 proposito,
318 270 476 303 nominis
501 269 573 301 vim
601 270 675 314 ipse
695 276 845 303 naturae
861 281 984 303 sensus
1002 280 1087 301 con-

80 322 278 369 tuetur²²),
317 322 490 365 proinde,
528 327 562 354 et
593 322 751 366 primum
775 321 812 354 iu
839 321 1010 366 cuiusque
1035 320 1088 353 rei

80 373 403 420 pervestigatione,
441 379 573 406 certam
611 373 770 407 nominis
805 373 1085 418 appellationem

81 426 270 460 constitue.
335 424 426 458 Eam
455 425 500 458 ob
528 437 710 466 caussam,
747 425 906 469 primum
936 425 979 457 de
1009 423 1088 457 11111-
1114 420 1116 443 f

81 479 180 512 tione
191 476 237 524 25)
255 476 413 510 nominis
432 476 590 521 egimus,
621 490 712 523 quae
730 490 746 509 a
766 475 1010 520 grannnaticis
1029 488 1089 519 pe-

80 530 165 570 tita,
189 542 252 562 ceu
269 528 412 561 initium
430 536 463 561 et
483 535 591 574 caput
610 529 811 562 dialectices
832 534 893 562 est.
935 527 1088 567 Deinde,
1115 537 1117 559 1

81 594 161 616 cum
181 583 224 614 de
244 580 402 613 nominis
419 581 682 624 significatione
706 580 895 620 convenit,
924 579 1086 613 omnium

81 634 260 678 primum,
288 633 373 678 quid
393 644 431 664 ea
453 633 527 676 ipsa
546 645 602 666 res
619 633 676 671 sit,
705 634 747 665 de
765 645 833 677 qua
857 632 1088 676 proponitur,
1114 649 1116 657 ·

81 684 298 731 exqui1'i²⁶)‚
328 696 427 718 mens
451 682 608 717 humana
632 684 751 723 iubet,
780 690 817 716 ut
837 684 865 717 si
882 684 992 723 scias,
1022 683 1088 716 Ca·
1114 688 1115 727 1

81 737 163 770 111911
184 748 269 769 voce
288 736 422 769 animal
437 735 643 779 significari,
672 736 791 770 statim
811 748 975 781 quaeres,
1001 735 1087 780 quid
1114 739 1115 767 1

727 129 926 165 COMPEN
933 129 1098 164 DlAfflA
1124 129 1440 166 DIALECTICES
1468 129 1632 164 RATIO.

82 788 247 822 animalis
273 788 318 822 sit
342 787 519 821 Camelus.
573 786 661 820 Eam
691 788 940 833 quaestionem
971 787 1086 820 finitio

81 840 251 885 explicat,
280 851 392 884 eaque
411 839 485 883 ipsa
505 840 574 871 iam
595 840 639 872 ab
658 839 846 873 ordinibus
864 852 999 879 rerum,
1026 851 1087 872 seu

80 891 382 937 ρι·119(]1911111911115
408 892 559 934 petenda
588 898 658 932 est,
704 904 795 937 quae
820 891 928 924 fuerit
956 902 1087 935 operae

80 943 236 989 pretium
271 943 545 976 instructissima
578 941 723 977 babere.
794 943 887 977 Nam
924 943 962 975 in
998 941 1086 975 baec
1114 950 1115 987 J

79 995 351 1029 universitatem
370 1001 522 1027 naturae
539 1002 650 1028 totam
670 995 831 1038 digerere
849 996 943 1028 licet.
997 994 1087 1027 Pro·
1113 999 1115 1021 ἰ

79 1047 187 1081 fuerit
224 1047 259 1079 in
295 1059 414 1079 19111111
454 1047 641 1080 ordinibus
671 1059 835 1080 exercere
862 1047 1084 1080 iuventutem

80 1098 190 1132 variis
205 1098 444 1142 exemplis27),
473 1099 728 1139 animantium,
756 1096 964 1138 herbarum,
991 1110 1086 1141 gem-
1112 1118 1113 1129 1

80 1162 244 1189 marum,
285 1148 468 1182 Locorum
499 1151 582 1183 item
608 1152 879 1190 communium,
913 1149 1086 1189 Iustitiae,
1112 1155 1113 1161 ¹

79 1201 379 1246 Ternperantiae,
408 1201 529 1241 Vitae,
559 1202 698 1241 mortis,
726 1203 913 1242 fortunae,
936 1208 970 1235 et
988 1201 1085 1235 simi-
1112 1219 1113 1245 1

77 1253 180 1287 lium.
218 1251 291 1285 Iam
311 1252 347 1285 in
367 1252 590 1287 finitionibus
606 1254 642 1286 in
662 1254 787 1298 primis
806 1266 945 1287 caussas
964 1264 1083 1285 rerum

79 1304 233 1350 spectari
259 1305 378 1339 velim.
433 1305 558 1351 Neque
580 1306 674 1338 9111111
699 1306 790 1338 ullae
811 1305 992 1338 finitiones
1008 1316 1083 1336 rem
1111 1314 1113 1358 1

77 1356 229 1401 propius
245 1357 450 1396 declarant,
479 1370 601 1402 quam,
630 1370 721 1402 quae
738 1357 869 1390 caussis
887 1363 1087 1389 contexun-
1111 1365 1113 1405 5*

77 1415 148 1441 tur.
202 1407 374 1441 Proxima
403 1420 486 1450 ergo
515 1408 670 1440 finitioni
697 1409 858 1453 quaestio
877 1420 1083 1442 caussarum
1110 1412 1112 1423 ⁴

78 1466 148 1499 est,
183 1460 279 1492 unde
305 1465 389 1491 nata
415 1471 471 1492 res
497 1460 541 1492 sit
558 1457 626 1506 2ε’),
663 1467 724 1492 11111
751 1472 767 1491 a
794 1460 923 1505 quibus
949 1460 1086 1493 autori·

77 1511 143 1545 bus
166 1511 340 1554 profecta.
394 1508 572 1543 Postbaec
591 1511 808 1556 inquiritur,
838 1513 881 1544 ad
905 1512 1015 1545 multa
1040 1524 1084 1544 ne
1110 1513 1112 1533 ³

77 1562 258 1607 pertineat
275 1560 415 1601 thema,
439 1575 546 1607 quam
567 1564 813 1608 quaestionem
832 1563 980 1602 divisio,
1003 1576 1082 1596 cum

77 1615 115 1647 in
132 1614 287 1659 species,
312 1620 388 1646 tum
411 1614 446 1645 iu
468 1621 604 1657 partes,
633 1615 807 1653 declarat,
837 1622 896 1655 ut,
924 1614 1084 1649 Iustitiae

77 1667 114 1698 in
140 1679 240 1706 eam,
276 1677 369 1711 quae
391 1665 426 1697 in
453 1666 695 1700 contractibus
716 1674 901 1708 versatur,
936 1673 969 1700 et
991 1680 1083 1707 eam,

79 1731 171 1764 quae
195 1718 310 1750 bonos
337 1717 508 1761 praemiis
532 1725 656 1761 auget,
685 1720 727 1750 de
747 1719 849 1752 malis
867 1719 1081 1763 supplicium
1110 1722 1111 1728 ¹

77 1770 198 1804 sumit.
258 1768 310 1802 lbi
335 1781 395 1802 sua
424 1775 507 1802 sunt
534 1770 647 1802 osticia
676 1770 826 1815 cuique,
862 1778 969 1816 atque
997 1769 1084 1804 111199

77 1821 242 1866 pluribus
268 1822 439 1865 exemplis
467 1821 513 1853 ita
541 1823 735 1854 exercenda
764 1829 864 1861 sunt,
895 1829 932 1855 111
957 1824 1082 1856 11115119-

78 1880 152 1907 59111
189 1873 375 1913 iuventus,
429 1886 646 1918 quocunque
688 1872 844 1906 themate
883 1875 1082 1919 proposito,

78 1925 198 1959 statim
224 1925 300 1958 eius
324 1932 490 1958 naturam
513 1931 546 1958 et
564 1926 807 1958 conditionem
828 1928 870 1958 ad
893 1925 954 1960 bas
974 1939 1081 1972 quae-

79 1977 213 2011 stiones
235 1977 386 2020 exigere.
440 1976 532 2011 Nam
560 1977 604 2009 1111
634 1978 712 2018 fiet,
740 1984 778 2011 ut
804 1991 895 2023 quae
913 1979 1078 2012 discenda

78 2035 180 2068 sunt,
208 2029 312 2062 certis
337 2027 594 2072 comprehensa
619 2030 749 2063 finibus
775 2030 810 2062 in
830 2038 1000 2076 promptu
1019 2029 1082 2064 ba-

77 2081 238 2114 beamus.
292 2080 356 2114 Est
380 2080 473 2112 enim
503 2094 543 2114 ex
563 2079 627 2114 bac
647 2082 848 2115 dialectices
865 2090 986 2126 parte,
1016 2096 1081 2128 par

79 2132 317 2166 commoditas
353 2133 590 2173 discentibus,
631 2147 670 2166 119
705 2134 926 2168 docentibus.
989 2136 1080 2168 Suae

77 2184 188 2217 fabris
214 2186 357 2228 regulae
382 2191 483 2224 sunt,
514 2185 567 2217 sila
589 2192 622 2218 et
641 2199 817 2226 amusses,
847 2187 893 2219 ita
916 2187 1081 2221 discenti-

78 2237 143 2270 bus
164 2248 306 2269 necesse
332 2243 382 2269 est
405 2249 488 2269 suos
513 2238 686 2281 quosd.·uu
711 2238 844 2272 indices
871 2252 962 2279 esse,
991 2252 1081 2285 quos
1107 2252 1108 2289 3

78 2289 115 2320 iu
139 2289 439 2332 pervestigatione
457 2301 576 2321 rerum
597 2297 807 2334 sequantur.

447 2374 718 2418 Exemplum.

80 2436 175 2480 Quid
193 2447 325 2467 nomen
345 2434 486 2467 virtutis
505 2434 644 2477 signat?
675 2435 852 2469 affectum.
1106 2438 1108 2451 '

79 2487 175 2533 Quid
195 2485 331 2520 virtus?
437 2486 594 2520 Affectus
614 2487 741 2520 bonus.
1105 2479 1108 2545 ὲ

1105 2546 1107 2571 Ι

1105 2577 1106 2591 1

114 2597 162 2623 24)
183 2597 285 2619 Annot.
305 2600 408 2625 marg:
436 2595 558 2618 Nominis
580 2595 622 2617 vis
644 2595 761 2618 onmium
782 2596 897 2625 primuni
915 2600 1079 2624 contuenda,

113 2631 160 2659 25)
181 2630 320 2658 finitione]
340 2630 379 2653 sic
401 2631 482 2653 Editt.
502 2631 522 2654 1,
537 2630 578 2655 :3.:
606 2630 653 2652 Ed.
667 2630 689 2653 2,
712 2631 874 2655 1111Ἠ1111111119

115 2665 162 2692 26)
182 2667 282 2687 Aunot.
304 2671 406 2691 niara:
439 2665 540 2687 111-111111»
567 2665 629 2694 quid
650 2665 687 2688 sit
708 2671 771 2688 1-95.
799 2672 867 2695 quae
887 2667 1009 2691 finitione
1029 2676 1078 2692 ex-

149 2700 274 2728 plicatur.

114 2734 162 2761 27)
184 2736 282 2757 Α1111111.
303 2740 405 2763 marga:
431 2734 593 2758 Consilium.

115 2769 162 2797 25)
183 2769 250 2796 sit,1
274 2770 320 2792 Ed.
335 2769 359 2792 2.
380 2775 476 2792 errore
495 2772 568 2798 tyn:
601 2772 643 2792 est
667 2770 729 2797 sita,

1108 1909 1110 1914 ,
1138 1877 1284 1922 antiqua
1318 1878 1400 1910 ruit.

2078 129 2152 165 726

1506 217 1638 250 Divina
1658 217 1721 251 vis.

1508 270 1579 302 Tot
1599 276 1688 315 quot
1707 269 1896 302 affectuum
1916 275 1999 302 sunt
2017 270 2129 303 modi.

1508 320 1621 354 Beare
1640 319 1837 354 hominem.

1143 218 1246 263 Quae
1265 217 1437 252 caussae?

1144 270 1246 315 Quae
1263 270 1408 315 partes?

1144 321 1252 366 Quod
1272 320 1456 354 officium?

1208 404 1267 439 De
1296 406 1632 450 pronuntiato,
1675 405 1816 438 Liber
1844 407 2084 440 secundus.

1247 473 1285 507 In
1305 475 1450 518 negotio
1469 475 1656 507 dialectico
1676 475 1711 507 in
1726 475 1851 518 primis
1871 474 2066 508 iucundum
2088 482 2152 512 est,

1144 527 1254 572 quod,
1273 539 1345 572 quo
1364 527 1506 570 longius
1524 539 1733 571 progressus
1749 526 1870 567 fueris,
1888 539 1929 559 eo
1949 528 2061 572 magis
2077 540 2151 561 sese

1145 578 1261 622 aperit
1296 579 1432 613 fructus
1469 586 1576 624 atque
1613 579 1852 612 commoditas
1882 579 1980 612 artis.
2044 579 2151 619 Nam,

1144 631 1240 675 quod
1278 643 1386 674 supra
1417 631 1507 670 dixi,
1553 631 1646 663 inter
1683 628 1864 663 rhetorica
1902 637 1936 663 et
1964 631 2149 664 dialectica

1143 679 1211 715 hoc
1231 683 1424 722 interesse,
1450 683 1547 728 quod
1564 683 1749 726 splendida
1770 680 1945 723 rhetores,
1974 683 2150 716 dialectici

1143 741 1238 767 certa
1260 734 1490 778 doceantw),
1520 741 1550 767 et
1572 741 1763 778 propterea
1785 747 1916 768 nervos
1941 747 2085 775 omnes,
2117 742 2150 769 et

1114 811 1115 817 1
1142 786 1255 819 robur
1273 786 1450 820 orationis
1467 784 1683 826 rhetoricae,
1705 800 1721 818 a
1743 787 1935 820 dialecticis
1954 789 2149 831 petendum

1143 850 1237 877 esse,
1266 838 1302 870 id
1326 836 1394 872 1109
1418 839 1496 871 1090
1522 839 1577 872 vel
1599 839 1824 884 potissimum
1848 851 1888 871 ex
1907 839 2047 872 ratione
2067 852 2149 884 pro-

1143 890 1301 923 nuntiati
1325 889 1625 935 deprehenderis,
1655 892 1751 936 quod
1777 902 1794 922 a
1816 891 2010 925 dialecticis
2028 892 2064 924 in
2082 890 2150 925 hoc

1141 948 1335 983 tractatur,
1365 949 1402 975 ut
1419 943 1463 976 sit
1481 944 1598 977 onmis
1617 942 1792 976 orationis
1805 970 1813 981 ,
1840 943 2076 990 omniumque
2094 956 2150 977 ar-

1141 1002 1396 1037 gumentorum
1423 1008 1485 1028 ceu
1510 995 1660 1029 amussis
1686 996 1864 1040 quaedam
1892 1002 1924 1028 et
1943 997 2084 1040 regula,
2113 996 2148 1030 id

1141 1048 1237 1091 quod
1273 1047 1470 1091 intelliges,
1506 1060 1585 1081 cum
1620 1060 1841 1092 exposuero,
1876 1047 1963 1092 quid
1993 1048 2037 1081 sit
2067 1060 2148 1093 pro-

1140 1105 1360 1132 nuntiatum.

1245 1151 1353 1195 Quod
1387 1150 1555 1182 nonrmlli
1579 1150 1742 1190 axioma,
1780 1149 1904 1184 Cicero
1933 1153 2147 1195 pronuntia-

1141 1207 1235 1240 tum,
1265 1201 1324 1233 alii
1345 1202 1591 1247 proloquium,
1622 1203 1682 1234 alii
1703 1203 2004 1243 enuntiationem,
2032 1206 2147 1238 nostri

1141 1253 1428 1297 propositionem
1468 1261 1618 1293 vocant,
1663 1261 1714 1288 est
1751 1254 1943 1287 indicativa
1984 1257 2146 1302 adeoque

1139 1304 1402 1348 simplicissima
1427 1306 1558 1346 oratio,
1588 1319 1655 1352 qua
1677 1307 1763 1339 certi
1783 1306 1954 1352 quiddam
1971 1308 2147 1352 significa-

1140 1362 1217 1396 tur,
1250 1364 1288 1389 ut
1313 1357 1438 1390 Cicero
1465 1365 1516 1391 est
1542 1365 1687 1397 orator,
1724 1358 1856 1392 Caesar
1880 1359 1964 1392 vicit
1991 1360 2147 1405 Pompe·

1141 1407 1235 1449 ium,
1269 1409 1404 1442 invidia
1430 1423 1550 1444 9011195
1567 1417 1618 1444 951
1635 1410 1789 1444 virtutis.
1842 1411 1968 1445 Partes
1987 1412 2147 1445 axioma-

1139 1460 1203 1499 tis,
1237 1461 1436 1494 subiectum
1464 1469 1497 1495 et
1527 1463 1796 1506 praedicatum,
1833 1470 1976 1498 vocant.
2038 1465 2147 1498 Prior

1139 1524 1235 1556 pars,
1260 1514 1315 1546 cui
1336 1514 1421 1559 quid
1442 1514 1665 1555 attribuitur,
1693 1515 1891 1548 subiectum
1913 1523 1974 1550 est.
2022 1517 2147 1551 Poste-

1138 1564 1214 1596 rior
1240 1578 1340 1608 pars,
1370 1579 1461 1611 quae
1487 1566 1647 1600 subiecto
1673 1567 1863 1607 tribuitur,
1897 1569 2145 1612 praedicatum

1255 1619 1374 1662 Atque
1400 1615 1487 1650 haec
1513 1619 1659 1651 nomina
1680 1619 1825 1653 Graecis
1853 1620 2033 1656 debemus.
2089 1622 2146 1656 ln-

1138 1674 1273 1712 tegram
1295 1670 1497 1702 orationem
1521 1684 1594 1704 esse
1611 1684 1751 1705 11999559
1769 1678 1839 1711 951,
1869 1672 1948 1705 ideo
1970 1686 2010 1706 ex
2027 1676 2145 1707 nomi-

1139 1720 1243 1754 nibus
1276 1727 1309 1754 et
1344 1722 1462 1755 verbis
1490 1729 1649 1762 constat,
1695 1724 1823 1769 quibus
1851 1722 1942 1757 nibil
1968 1727 2145 1767 retulerit,

1137 1772 1250 1806 sicubi
1276 1774 1387 1807 addas
1411 1775 1578 1806 adverbia
1598 1781 1658 1808 11111
1679 1788 1770 1820 quae
1790 1783 1939 1816 vocant,
1967 1778 2142 1811 adiectiva

1137 1825 1286 1857 nomina
1301 1851 1309 1863 ,
1345 1832 1384 1858 ut
1401 1826 1544 1858 sortiter
1563 1827 1736 1871 pugnavit
1756 1827 1912 1866 Marius,
1942 1836 2023 1869 aut,
2058 1831 2143 1865 urbs

1139 1623 1201 1650 951.

1463 1877 1630 1911 Breviter
1665 1892 1681 1911 a
1710 1880 1973 1923 grammaticis,
2014 1882 2088 1915 imo
2123 1895 2141 1916 a

1137 1929 1321 1962 communi
1340 1943 1444 1963 sensu
1464 1937 1563 1973 pete,
1593 1944 1684 1976 quae
1703 1932 1747 1964 sit
1767 1932 1925 1976 integra,
1948 1941 2062 1975 certa,
2090 1935 2143 1968 in-

1135 1981 1364 2027 dicativaque
1381 1983 1520 2022 oratio,
1548 1996 1625 2015 eam
1651 1985 1924 2027 pronuntiatum
1946 1987 2101 2021 vocabis.

1411 2069 1526 2103 Usus
1562 2071 1871 2114 pronuntiati,

1240 2136 1546 2181 Quandoquidem
1566 2137 1701 2170 institui
1720 2139 1897 2172 rationem
1916 2140 2137 2175 dialecticam

1135 2200 1305 2221 revocare
1340 2190 1382 2220 ad
1418 2189 1530 2221 animi
1555 2190 1723 2222 iudicium
1757 2192 1890 2237 (neque
1917 2193 2009 2226 enim
2037 2195 2140 2229 aliter

1135 2252 1237 2273 usum
1262 2241 1313 2273 rei
1341 2241 1550 2284 ostendero)
1579 2242 1802 2285 pronuntiati
1830 2257 1974 2290 quoque
2001 2247 2071 2279 vim
2099 2260 2139 2281 ex

1136 2292 1209 2335 ipsa
1245 2300 1394 2331 natura,
1431 2306 1494 2325 9911
1529 2294 1687 2327 fontibus
1715 2295 1970 2330 derivabimus.
2033 2298 2138 2339 Nam,

1106 2339 1109 2369 ἶ
1136 2344 1312 2377 eiusmodi
1337 2346 1517 2390 quandam
1546 2346 1650 2388 plane.
1676 2346 1975 2390 simplicissimam
2004 2352 2138 2384 oratio-

1106 2402 1109 2434 ?
1137 2408 1216 2428 nem
1255 2396 1501 2440 praescribunt
1532 2396 1792 2445 Dialectici-⁰⁵⁰),
1838 2413 1928 2445 quae
1965 2401 2050 2435 citra
2083 2416 2137 2436 ca-

1135 2448 1332 2488 lumniam,
1363 2449 1523 2493 citraque
1547 2450 1900 2493 tergiversationem,
1928 2453 2138 2498 simpliciter

1135 2507 1196 2533 aut
1218 2502 1400 2544 probetur,
1431 2507 1491 2533 aut
1508 2501 1746 2545 improbetur,
1774 2516 1856 2536 vera
1875 2512 1935 2538 aut
1953 2506 2037 2540 falsa
2057 2519 2136 2540 cen-

1133 2559 1274 2592 seatur,
1304 2565 1467 2597 quaeque
1491 2554 1607 2597 ipsum
1632 2554 1742 2586 animi
1764 2568 1905 2589 sensum
1924 2570 2030 2602 quam
2053 2571 2134 2603 pro·

1167 2662 1215 2689 29)
1242 2664 1343 2686 Annot.
1369 2670 1470 2690 nnat-‘gs
1506 2665 1650 2689 Certitudo
1678 2666 1823 2689 dialectica
1855 2666 1918 2695 (1⁴:11.
1938 2667 1962 2690 2.
1989 2668 2135 2693 dialectice

1205 2703 1269 2726 pro:
1297 2699 1439 2721 dialectica
1461 2700 1504 2722 vct
1525 2700 1710 2731 11111191-119119),

1168 2739 1215 2765 301
1238 2741 1338 2764 Anuot.
1360 2748 1465 2771 marg:
1496 2743 1573 2771 Quae
1592 2743 1815 2773 simplicissima,
1842 2744 1935 2767 eadem
1955 2746 1982 2768 et
2003 2746 2134 2771 certissi-

1205 2781 1247 2798 ma
1267 2777 1311 2798 est
1330 2776 1429 2799 oratio,
1788 2783 1797 2786 “

1630 2812 1676 2846 46
1692 2812 1713 2830 ³⁶
