2389 3037
26 126 97 164 461
227 125 267 160 ll.

25 220 217 260 postquam
246 212 282 245 in
307 212 418 246 literis
443 211 640 256 significavi
668 223 733 244 nos
759 211 911 244 debello
935 210 1029 243 Tur-

28 266 102 300 cico
121 271 264 298 acturos
282 276 371 298 esse.
400 264 502 297 facile
519 262 679 307 intelligo
698 276 761 297 vos
780 263 876 307 ipsos
899 261 955 307 (ut
972 263 1031 294 de-
1057 261 1061 282 ἶ

27 324 81 351 cet
107 316 285 361 sapientes
310 316 516 360 Principes,
554 322 585 348 et
615 315 710 349 viros
737 314 968 359 fortissimos)
998 319 1032 346 et
1057 346 1060 358 Ζ

1058 361 1060 390 Ῐ
1085 364 1177 398 Nam
1214 371 1293 409 post
1317 362 1514 397 Mahometi
1551 372 1705 398 mortem
1731 378 1859 409 magna
1888 366 1930 398 de
1955 377 2090 399 sucres-

1058 427 1061 457 ξ
1085 416 1186 450 sione
1206 416 1300 449 inter
1316 416 1443 450 fratres
1462 417 1640 450 discordia
1662 424 1749 451 erat.

25 369 238 412 intelligere,
259 368 346 414 quid
363 381 379 400 a
398 368 500 401 vobis
518 373 614 401 totus
633 367 728 400 orbis
745 374 938 405 terrarum,
952 366 1031 399 uni-

25 433 129 455 versa
149 418 282 454 Christi
300 419 478 459 Ecclesia,
506 419 660 463 dignitas
682 417 787 453 huius
808 417 952 462 Imperii
977 429 1032 450 re-

25 473 163 519 quirat:
203 478 237 504 et
269 472 410 505 animos
441 478 576 505 vestros
604 484 643 504 ea
670 471 801 504 virtute
826 482 866 502 ac
890 469 1032 502 sortitu·
1058 470 1061 498 ἶ

25 524 110 558 dine
136 523 319 568 praeditos
344 536 437 563 esse,
480 530 518 557 ut
548 523 679 557 bellum
710 523 895 561 omnium,
941 533 1032 567 quae
1058 554 1061 555 γ

25 588 188 622 unquam
212 576 377 616 suerunt,
412 575 645 610 iustissimum
670 581 702 607 et
732 573 1030 617 gloriosissimum

27 627 196 661 omnibus
215 628 309 662 votis
326 628 510 672 expetatis.

131 678 253 724 Quare
279 680 442 713 existimo
468 676 557 712 mihi
582 690 656 711 non
675 678 781 722 longa
801 677 966 711 oratione
988 678 1032 710 ad
1060 676 1062 721 J,

27 742 91 764 vos
109 731 312 765 incitandos
329 744 418 776 opus
437 743 523 770 esse,
551 736 584 763 et
604 730 783 774 expectari
801 742 820 763 a
838 742 894 762 me
913 729 1033 774 potius
1060 726 1062 768 J

27 782 212 816 classicum
237 785 281 816 ad
298 783 483 816 inferenda
503 782 602 825 signa
616 809 624 822 ,
654 795 762 827 quam
781 780 874 815 hanc
892 782 928 814 in
950 788 1032 826 toga
1060 783 1061 820 j

1060 828 1062 879 ff
1088 847 1162 867 non
1187 833 1302 867 solum
1328 845 1384 865 me
1403 833 1446 865 de
1464 833 1688 878 possessione
1706 832 1941 877 Burgundiae
1961 845 2023 877 per
2039 845 2092 866 se-

1060 900 1062 907 ’
1088 886 1263 919 ditionem
1291 885 1444 918 deiicere
1464 886 1582 918 conati
1603 892 1705 925 sunt,
1732 886 1793 918 sed
1809 884 1917 918 etiam
1937 897 2018 918 meo
2037 897 2092 917 ca-

856 937 949 972 Nam
968 937 1034 971 etsi
1060 943 1062 979 j

25 987 146 1023 hostes
171 1001 238 1023 nos
257 990 351 1024 bello
370 1002 445 1023 non
462 991 697 1030 lacesserent,
725 1002 799 1023 non
817 990 853 1023 in
870 989 1034 1023 finitimis
1061 1000 1063 1039 ζ

26 1040 134 1081 locis,
162 1048 196 1074 et
224 1054 338 1086 paene
362 1043 399 1075 in
417 1048 610 1086 conspectu
628 1048 754 1076 nostro
771 1048 1033 1086 grassarentur,
1061 1058 1062 1062 =

27 1099 150 1126 tamen
178 1094 342 1138 oportuit
367 1106 432 1128 nos
449 1094 602 1127 liberare
618 1095 741 1127 orbem
766 1100 946 1127 terrarum
966 1091 1034 1126 hac
1061 1108 1062 1141 3

1061 1147 1241 1178 'mortem
1273 1145 1385 1190 patris
1418 1146 1506 1186 mei,
1544 1146 1694 1180 Carolus
1718 1144 1810 1180 VIII.
1841 1158 1920 1179 cum
1955 1144 2093 1190 ingenti

26 840 62 868 et
86 834 123 867 in
149 834 246 867 curia
272 833 578 868 adhortationem.
633 833 702 868 Sed
721 841 842 867 tamen
859 833 940 867 belli
959 845 1033 865 ma-

25 885 177 930 gnitudo
202 892 236 919 et
261 886 450 920 difficultas
474 886 631 931 primum
661 886 920 920 deliberatione
945 898 1033 931 qua-

26 938 110 970 dam
134 945 231 982 eget,
259 950 335 972 non
360 945 482 972 utrum
500 938 545 972 sit
562 939 802 972 inferendum.

28 1144 272 1179 crudelissima
290 1152 398 1192 atque
416 1146 526 1191 impia
544 1145 730 1186 barbarie,
759 1152 794 1179 et
815 1159 857 1179 ex
875 1145 1033 1180 miserri-

26 1208 86 1229 ma
103 1197 274 1230 servitute
292 1204 345 1230 tot
364 1198 529 1232 nationes
549 1210 737 1242 oppressas
757 1198 909 1242 eripere.
963 1198 1033 1230 Sed

27 1247 116 1281 illud
152 1249 425 1282 deliberandum
467 1256 537 1289 est,
582 1262 660 1282 cnm
692 1256 813 1282 tantae
844 1250 915 1283 sint
948 1261 1033 1293 opes

29 1311 70 1332 ac
95 1299 189 1333 vires
215 1300 360 1334 Turcici
382 1301 504 1344 regni,
538 1313 616 1334 cum
644 1303 818 1335 exercitus
837 1301 873 1334 in
891 1301 1033 1346 longin-

28 1363 117 1396 quas
150 1352 314 1395 regiones
346 1353 579 1392 traducendi,
623 1365 704 1386 cum
736 1354 896 1387 fortassis
921 1353 1034 1398 pluri—

26 1402 93 1436 bus
123 1403 210 1436 locis
239 1410 274 1436 et
298 1404 407 1448 longo
433 1410 597 1448 tempore
621 1404 753 1437 bellum
783 1406 943 1438 futurum
972 1405 1031 1444 sit,

28 1454 174 1500 quantis
199 1467 290 1499 opus
313 1455 360 1489 sit
381 1456 515 1500 copiis,
544 1468 589 1488 an
609 1468 680 1489 una
698 1457 913 1490 Germanica
933 1456 1033 1489 natio

27 1512 148 1540 tantos
187 1507 362 1540 conficere
404 1508 598 1546 exercitus,
642 1508 797 1542 tolerare
835 1516 973 1542 sumtus
990 1508 1034 1556 ¹),

29 1569 153 1597 arma,
188 1570 319 1604 equos,
345 1558 586 1603 stipendium,
616 1568 838 1594 commeatus
866 1562 1034 1605 suppedi-

29 1615 107 1642 tare
133 1610 264 1653 possit;
308 1610 371 1656 qui
393 1611 528 1655 Reges,
569 1613 630 1656 qui
661 1613 785 1656 populi
815 1613 859 1645 ad
883 1613 1034 1646 societa-

28 1667 100 1694 tem
127 1658 233 1695 huius
263 1662 501 1706 pulcerrimae
527 1663 676 1696 militiae
703 1664 851 1707 adiungi
877 1665 1033 1709 possint;

28 1724 74 1745 an
101 1713 150 1745 ita
175 1713 212 1745 in
234 1712 380 1758 Europa
408 1726 476 1758 pax
499 1715 690 1748 constituta
719 1716 783 1755 sit,
816 1728 860 1748 ne
887 1728 963 1755 me,
1000 1723 1033 1749 et

27 1776 92 1798 vos
129 1776 170 1798 ex
203 1765 323 1798 medio
356 1778 460 1799 cursu
494 1774 663 1799 revocent
696 1765 860 1800 homines
893 1767 1034 1812 perfidi,

27 1816 111 1862 qui,
145 1823 185 1849 ut
211 1829 316 1862 saepe
341 1824 444 1850 antea
467 1818 615 1857 accidit,
645 1820 699 1852 vel
725 1832 787 1863 per
806 1820 1032 1852 occasionem

27 1880 205 1913 occupare
242 1877 364 1903 nostra
402 1871 650 1910 conabuntur,
687 1872 741 1903 rel
776 1872 873 1915 turpi
911 1872 1032 1917 aliqua

26 1931 107 1954 cum
133 1918 296 1955 hostibus
321 1922 489 1966 pactione
514 1923 625 1959 facta,
665 1929 842 1961 metuent,
878 1936 920 1955 ne
946 1925 1032 1957 fines

24 1970 173 2016 Imperii
196 1974 434 2017 proferamus.

131 2023 185 2057 De
211 2022 265 2059 his
292 2026 398 2059 rebus
423 2025 495 2060 scio
521 2039 539 2058 a
557 2038 613 2059 me
631 2026 765 2072 requiri
787 2027 989 2060 orationem
1012 2040 1031 2060 a

26 2076 265 2121 prudentibus
293 2078 472 2111 omnibus.
527 2078 619 2111 Nam
649 2091 706 2111 me
729 2079 874 2124 quidem
901 2079 937 2111 in
962 2077 1031 2112 hoc

26 2127 173 2173 Imperii
195 2129 356 2173 fastigio,
390 2142 465 2162 non
488 2130 603 2163 solum
633 2130 668 2163 in
692 2131 766 2163 acie
792 2131 918 2164 ducem
944 2143 1031 2172 esse,

25 2181 87 2214 sed
112 2180 226 2214 multo
250 2181 362 2225 magis
388 2179 494 2214 huius
518 2182 650 2226 publici
676 2183 815 2216 consilii
832 2185 958 2217 ducem
979 2190 1030 2216 at-

26 2244 96 2278 que
130 2238 292 2266 autorem
323 2245 396 2267 esse
422 2234 601 2268 convenit.
664 2234 787 2279 Quare
814 2235 882 2269 nisi
909 2236 951 2269 de
975 2233 1030 2269 his

25 2284 135 2318 tantis
159 2285 284 2324 rebus,
312 2285 375 2318 diu
397 2285 623 2331 multumque
650 2293 703 2319 tot
727 2286 797 2319 iam
818 2288 1030 2322 exercitatus

25 2335 149 2377 bellis,
183 2343 218 2370 et
251 2348 380 2380 magna
412 2337 579 2370 fortunae
607 2338 780 2371 varietate
806 2340 1029 2383 cogitassem,

25 2388 188 2432 profecto
225 2386 505 2433 reprehensione
542 2389 705 2423 omnium
740 2391 869 2435 dignus
905 2405 1029 2427 essem.

25 2439 96 2472 Sed
120 2437 209 2473 mihi
237 2441 391 2480 credite,
421 2453 499 2474 cum
524 2441 568 2473 ab
593 2442 760 2486 auspiciis
788 2443 894 2483 meis,
923 2456 1029 2477 recu-

25 2497 150 2535 perata
179 2491 344 2533 Austria,
379 2499 461 2537 post
496 2499 650 2526 mortem
686 2493 793 2538 Regis
821 2495 1028 2539 Hungariae

25 2540 202 2576 Matthiae
222 2543 460 2585 Hunniadae,
488 2557 640 2590 cumque
667 2546 876 2590 expulissem
906 2547 1030 2591 ingen-

26 2599 98 2627 tem
115 2595 307 2629 exercituin
326 2597 528 2630 Turcaruin
548 2610 589 2630 ex
607 2596 751 2630 Croatia
764 2625 773 2638 ,
801 2597 890 2632 nihil
917 2592 1030 2643 magis

26 2645 66 2678 in
88 2646 181 2680 votis
205 2645 293 2680 mihi
317 2649 444 2689 fuerit,
481 2662 588 2695 quam
612 2655 651 2682 ut
680 2661 762 2682 mox
790 2651 964 2685 exercitus
991 2652 1029 2685 in

63 2730 92 2761 1)
112 2733 237 2762 sumtus]
256 2732 298 2755 sic
318 2735 393 2757 recte
413 2733 498 2760 Editt.
519 2734 610 2758 ¹580..
638 2734 731 2758 1581..

99 2769 206 2791 sumto:

758 2735 850 2765 lang
881 2736 930 2761 Ed.
954 2737 1028 2762 ¹572.

323 123 645 159 EXHORTATIO
675 121 984 158 MAX1MIL1AM
1014 121 1079 157 AD
1108 121 1311 155 BELLUM
1342 120 1517 156 TURCIS
1546 120 1880 157 INFERENDUM.

1061 1467 1062 1485 ῑ
1088 1455 1210 1490 ltaliae
1244 1457 1538 1490 dominationem*
1565 1458 1631 1491 sibi
1663 1458 1837 1502 polliceri.

1060 1531 1062 1560 Ξ
1088 1509 1168 1542 misi
1194 1509 1325 1542 auxilia
1351 1509 1387 1542 in
1413 1508 1551 1542 ltaliam
1582 1511 1625 1543 ad
1653 1510 1896 1543 defendendas
1918 1509 2094 1542 Mediola-

2009 123 2084 160 462

1058 228 1062 257 3
1087 209 1292 254 provincias
1309 209 1513 243 Turcaruin
1530 211 1769 248 traducerem,
1786 221 1972 254 nunquam
1992 216 2088 252 post-

1087 273 1126 293 ea
1154 262 1196 294 de
1224 259 1292 294 hoc
1313 261 1406 294 bello
1433 262 1590 305 cogitare
1617 262 1716 296 desii.
1771 263 1918 296 Actum
1942 260 2087 306 quidem

1086 313 1226 346 occasio
1253 315 1510 357 percommoda
1535 320 1613 346 erat
1636 312 1741 348 huius
1759 314 1810 347 rei
1829 312 2089 357 suscipiendae.

1191 468 1341 502 Sisimus
1364 468 1471 501 etiam
1490 469 1600 503 armis
1617 469 1787 502 invadere
1810 481 1958 513 regnum
1984 481 2091 501 cona-

1086 523 1204 555 batur.
1259 520 1382 566 Quare
1414 520 1449 553 in
1478 518 1532 554 his
1560 521 1755 565 provinciis
1780 533 1854 554 non
1879 521 1963 554 satis
1988 522 2090 553 firma

1087 572 1265 618 praesidia
1293 579 1412 606 erant:
1447 578 1481 605 et
1505 579 1545 605 ut
1568 580 1744 618 quantum
1771 585 1935 618 possem,
1970 572 2091 617 provi-

1060 650 1061 655 ,
1088 628 1208 658 derem
1224 652 1233 664 ,
1261 637 1305 658 ne
1328 624 1389 670 qui
1414 624 1600 658 domestici
1629 632 1747 659 motus
1772 638 1838 659 nos
1863 636 2091 658 remoraren-

1089 685 1166 717 tur,
1195 677 1308 721 legem
1332 678 1375 710 de
1399 683 1515 710 vestra
1542 677 1718 711 sententia
1744 677 1830 717 tuli,
1868 677 1904 710 in
1931 677 2090 722 quodam

1089 736 1287 769 conventu,
1327 730 1370 762 de
1400 741 1486 773 pace
1518 729 1717 775 decennali.
1782 728 1915 762 Verum
1946 728 2006 774 qui
2033 740 2092 762 me

1088 780 1176 815 haec
1200 787 1388 826 parantem
1415 780 1542 815 fluctus
1566 781 1685 815 subito
1712 781 1942 826 exceperunt!
1996 780 2093 814 Galli

1088 938 1152 982 piti
1170 937 1318 971 insidias
1340 949 1403 982 per
1421 950 1603 971 summum
1620 938 1733 971 scelus
1752 943 1971 972 struxerunt.

1193 989 1322 1023 Postea
1340 989 1440 1022 ltalia
1454 1016 1464 1029 ,
1493 1002 1585 1035 quae
1605 990 1779 1034 proximis
1796 989 1900 1023 annis
1918 988 2094 1033 singulari

1089 1041 1238 1075 consilio
1264 1041 1376 1085 patris
1395 1041 1465 1074 mei
1487 1048 1612 1086 pacata
1631 1042 1768 1082 fuerat,
1796 1041 1926 1075 iterum
1945 1040 2094 1075 Gallicis

1089 1094 1200 1127 armis
1224 1093 1433 1138 perturbata
1459 1101 1522 1128 est.
1577 1094 1670 1128 Nam
1698 1094 1863 1138 proximo
1889 1105 1986 1126 anno
2011 1099 2094 1138 post

1089 1197 1245 1231 exercitu
1274 1199 1407 1230 bonam
1432 1196 1555 1231 Italiae
1587 1205 1726 1243 partem
1760 1196 1939 1231 hostiliter
1968 1209 2095 1242 perva-

1088 1256 1190 1294 gatus
1216 1256 1278 1283 est.
1334 1249 1476 1282 Etenim
1504 1262 1579 1283 non
1606 1251 1716 1283 modo
1737 1249 2018 1294 Neapolitanum
2040 1261 2094 1282 re-

1088 1313 1197 1345 gnum
1225 1313 1400 1346 occupare
1424 1303 1645 1342 conabatur,
1673 1303 1733 1336 sed
1755 1309 1787 1335 et
1803 1302 2094 1335 Mediolanenses

1088 1354 1181 1386 bello
1202 1354 1350 1387 adortus
1372 1360 1435 1388 est.

1194 1405 1274 1450 Qua
1301 1418 1341 1438 ex
1367 1417 1404 1438 re
1429 1405 1668 1439 animadverti
1699 1406 1836 1450 potuit,
1872 1418 1953 1439 eum
1984 1405 2094 1439 totius

1900 1457 2025 1503 ltaque
2060 1463 2093 1490 et

1087 1573 1215 1595 nenses
1241 1567 1365 1594 contra
1387 1561 1553 1600 Gallum,
1587 1568 1620 1594 et
1645 1574 1687 1595 eo
1711 1562 1905 1595 exercitum
1932 1562 2005 1606 ipse
2033 1561 2094 1594 ad-

1087 1613 1185 1647 duxi.
1238 1614 1293 1646 Ad
1313 1610 1400 1646 haec
1420 1613 1672 1653 incommoda,
1703 1615 1876 1648 tumultus
1895 1612 2094 1657 Hungarici

1088 1666 1214 1698 eodem
1254 1666 1324 1697 sere
1361 1672 1522 1710 tempore
1556 1667 1785 1700 accedebant.
1846 1666 1976 1700 Postea
2006 1667 2092 1699 dum

1089 1723 1166 1749 orta
1186 1716 1276 1749 bella
1295 1717 1455 1762 undique
1475 1717 1511 1750 in
1529 1718 1724 1751 Germania
1743 1725 1777 1751 et
1797 1717 1912 1757 ltalia,
1943 1717 2092 1752 consilio

1088 1775 1195 1813 atque
1221 1768 1329 1801 armis
1354 1769 1480 1802 sedare
1506 1771 1686 1803 contendo
1719 1769 1775 1814 (ut
1799 1770 2005 1814 postulabat
2032 1781 2093 1802 ne-

1088 1819 1229 1853 cessitas
1250 1819 1409 1864 pnblica)
1435 1821 1581 1861 diutius,
1607 1834 1714 1867 quain
1734 1822 1919 1862 volebam,
1948 1822 2092 1854 differre

1088 1871 1276 1904 consilium
1294 1874 1337 1904 de
1356 1874 1536 1906 movendo
1554 1873 1709 1907 Turcico
1727 1874 1820 1907 bello
1841 1880 1984 1908 coactus
2001 1886 2092 1908 sum.

1190 1924 1257 1956 Sed
1285 1931 1459 1970 quantum
1482 1925 1639 1959 iudicare
1661 1938 1824 1970 possum,
1850 1926 2022 1960 divinitus
2043 1926 2091 1959 ita

1087 1988 1142 2009 res
1158 1982 1312 2009 extracta
1335 1984 1396 2010 est.
1438 1977 1530 2012 Nam
1550 1984 1583 2011 et
1603 1985 1744 2022 tempus
1761 1978 1918 2018 interea,
1947 1985 1981 2011 et
2002 1976 2090 2011 haec

1085 2028 1177 2060 bella
1204 2029 1360 2062 afferunt
1386 2030 1490 2063 nobis
1516 2042 1683 2074 magnam
1709 2031 1914 2063 facultatem
1940 2036 1974 2063 et
1995 2042 2090 2063 com-

1086 2082 1192 2112 moda
1222 2082 1265 2113 ad
1294 2080 1488 2115 Turcicuin
1515 2082 1660 2116 bellum.
1722 2082 1860 2115 Partim
1889 2082 1983 2115 enim
2007 2088 2091 2116 sunt

1085 2132 1212 2165 domiti
1231 2132 1340 2167 armis
1358 2131 1392 2165 hi
1405 2160 1414 2173 ,
1444 2146 1598 2179 quornm
1619 2134 1816 2178 potentiam
1836 2135 2000 2168 absentes
2018 2135 2090 2167 for-

1085 2184 1256 2217 midaturi
1284 2197 1438 2219 eramus.
1495 2185 1706 2230 Hispaniam
1732 2199 1771 2219 ac
1788 2186 1969 2231 Neapoliu
1993 2192 2089 2220 tenet

1085 2236 1236 2270 Carolus
1263 2250 1362 2270 meus
1388 2250 1518 2282 nepos3
1552 2238 1761 2282 Burgundia
1792 2246 1864 2272 tota
1893 2238 2087 2284 tranquilla

1085 2295 1154 2325 est;
1182 2289 1324 2322 Gallum
1343 2289 1446 2322 nobis
1462 2290 1634 2323 beneficio
1652 2303 1691 2324 ac
1708 2292 1851 2324 foedere
1870 2291 2089 2331 devinctum,

1085 2341 1130 2373 ad
1148 2341 1355 2374 societatem
1372 2341 1467 2380 belli,
1488 2349 1526 2374 ut
1543 2355 1661 2387 spero,
1682 2343 1929 2387 adiungemus.
1967 2343 2088 2388 Quare

1084 2399 1216 2425 certam
1262 2393 1560 2439 tranquillitatem
1604 2395 1703 2427 domi
1739 2396 1950 2439 promittere
1985 2395 2089 2428 nobis

1082 2456 1284 2488 possumus.

1190 2496 1266 2529 Hoc
1300 2504 1406 2542 caput
1432 2505 1483 2532 est
1510 2497 1658 2542 negotii.
1719 2498 1810 2533 Nam
1840 2499 1976 2544 reliqua
2004 2510 2087 2542 pars

1083 2548 1354 2583 deliberationis
1379 2550 1493 2583 multo
1520 2556 1570 2583 est
1595 2549 1747 2585 facilior.
1802 2551 1898 2584 Haec
1924 2562 1979 2583 me
2002 2562 2083 2583 cura

1083 2599 1154 2633 iam
1192 2612 1306 2634 annos
1339 2602 1494 2646 amplius
1527 2602 1654 2646 viginti
1681 2603 1857 2643 exercuit,
1896 2601 2086 2646 praecipue

1084 2654 1269 2697 quomodo
1295 2665 1417 2697 pacem
1437 2654 1472 2686 in
1490 2654 1635 2699 Europa
1658 2655 1796 2687 firmam
1818 2654 2084 2688 constituerem.

1083 2703 1188 2737 Hunc
1212 2702 1300 2737 mihi
1324 2706 1431 2739 finem
1457 2707 1619 2739 omnium
1644 2707 1820 2739 bellorum
1844 2717 1984 2749 semper
2002 2717 2085 2749 pro-

1084 2756 1206 2800 posui,
1234 2768 1307 2790 non
1334 2764 1371 2790 ut
1397 2758 1503 2792 latius
1519 2759 1606 2793 fines
1625 2759 1724 2802 regni
1745 2758 1992 2797 extenderem,
2024 2758 2082 2791 sed
