2453 3037
324 135 370 172 15

750 272 1244 310 GRAMMATIGA

910 343 1137 372 PHtLlPPO

535 454 595 487 De
627 454 783 488 literis
812 455 1110 490 Graecorum.

686 531 829 565 Literae
856 539 958 566 sunt:

424 599 1329 650 Αβγδεζηθικλμνξοπρσ

319 669 341 690 τ
369 668 391 690 υ
421 669 450 702 φ
473 668 498 700 χ
523 663 554 700 ψ
583 667 625 689 ω.
679 652 719 686 ln
739 651 793 688 liis
809 654 950 688 vocales
976 661 1132 698 septeni:
1171 667 1194 688 α
1222 667 1237 688 ε
1265 667 1288 700 η
1316 666 1327 688 ι

319 720 343 743 υ
372 721 391 742 ο
419 720 463 743 ω.
517 706 571 739 Ex
590 705 720 751 quilius
739 703 955 751 diphthongi
975 713 1250 740 connectuntur.

425 777 594 820 Propriae
622 788 659 809 αι
688 788 737 810 av
766 789 795 810 ει
823 788 863 810 ευ
892 789 924 810 οι
953 789 1018 820 ov,
1046 788 1134 822 quas
1161 774 1327 820 proprias

320 841 513 869 vocamus,
542 829 637 873 quod
665 828 822 872 postulet
839 840 898 862 cas
915 828 1090 862 naturalis
1115 827 1327 872 pronuntia-

321 882 390 920 tio;
419 892 537 926 neque
565 880 659 913 enim
682 892 719 914 αι
736 881 1021 924 pronuntiarunt
1042 887 1180 914 veteres
1198 879 1327 914 Graeci

321 946 356 975 e,
386 939 425 965 ut
448 932 604 966 solennis
630 930 759 972 hodie,
788 934 847 966 sed
872 946 909 966 αι
933 934 1081 966 confuso
1102 945 1191 966 sono
1210 946 1233 966 α
1250 938 1283 965 et
1303 945 1328 977 1,

322 984 494 1030 perinde,
541 990 648 1030 atque
684 985 889 1028 germanica
927 985 1048 1028 lingna
1080 982 1327 1029 diphthongos

323 1035 441 1070 adhuc
466 1037 603 1081 integre
628 1036 821 1070 efferimus.
885 1037 942 1069 Sic
968 1037 1042 1082 etl)
1061 1038 1104 1070 dc
1123 1050 1152 1071 ει
1172 1043 1205 1069 et
1224 1049 1257 1071 οι
1275 1036 1328 1069 iu-

324 1089 477 1127 dicabis3
515 1101 597 1121 nain
625 1101 674 1123 αυ
699 1094 732 1121 et
751 1101 791 1123 ευ
814 1095 848 1121 et
873 1101 917 1123 ου
941 1089 1216 1122 discriminatini
1245 1088 1327 1122 effe-

322 1148 455 1175 runtur
468 1168 476 1181 ,
504 1153 569 1173 nec
588 1154 667 1173 cuin
688 1141 766 1174 aliis
783 1140 894 1174 literis
912 1147 971 1174 aut
991 1139 1226 1186 diphthongis
1244 1152 1327 1174 con-

323 1195 539 1227 funduntur.

429 1264 642 1307 [inpropriae
669 1259 885 1307 diphthongi
908 1275 931 1309 ᾳ
956 1276 978 1308 ῃ
1000 1276 1030 1309 ῳ
1049 1276 1108 1306 vt,
1154 1275 1242 1308 quas
1267 1274 1328 1295 vo-

325 1328 446 1350 camus
472 1314 712 1359 improprias,
754 1315 850 1360 quod
879 1315 1129 1359 pronuntiatio
1152 1314 1329 1348 naturalis

324 1369 418 1413 ipsas
436 1380 510 1400 non
527 1367 708 1412 requirat;
737 1379 855 1412 neque
875 1366 969 1399 eniin
993 1367 1096 1400 aliter
1119 1368 1151 1413 ρι’
1171 1373 1277 1412 atque
1306 1379 1328 1400 α

322 1420 473 1465 simplex
490 1419 623 1452 vocalis
640 1418 799 1452 effertur.
853 1418 945 1453 Nam
966 1418 1194 1463 grammatici
1220 1418 1328 1462 signi-

323 1471 463 1506 ficaturi
491 1471 619 1504 alicubi
646 1468 957 1514 diphthongorum
986 1471 1224 1511 mutationes,
1267 1476 1328 1503 aut

324 1524 361 1557 in
399 1521 634 1568 diphthongis
669 1522 814 1556 alterius
848 1522 972 1555 literae
1002 1522 1210 1562 elisionem,
1264 1519 1328 1556 has

325 1574 572 1621 diphthongos
591 1576 785 1607 commenti
805 1580 910 1615 sunt,
944 1581 981 1608 ut
1005 1574 1119 1608 sicubi
1138 1587 1179 1608 ex
1197 1587 1235 1609 αι
1250 1575 1288 1607 fit
1306 1586 1330 1608 α

325 1634 388 1662 aut
410 1642 450 1674 η,
492 1634 534 1660 ut
559 1627 685 1660 crebro
715 1627 822 1667 solet,
868 1626 939 1660 iota
965 1626 1070 1667 elisa,
1107 1627 1224 1661 solent
1249 1639 1327 1660 eain

325 1681 455 1715 Graeci
473 1679 715 1719 subscribere,
744 1692 789 1712 ne
812 1679 915 1723 pueri
944 1679 1112 1723 ignorent
1134 1676 1330 1724 diphthon-

326 1746 410 1778 gum
439 1732 475 1764 in
501 1744 539 1765 ea
568 1732 703 1777 syllaba
730 1731 938 1765 desiderari.
1001 1731 1187 1777 Planeque
1213 1743 1330 1775 grani-

325 1785 496 1818 maticuni
518 1784 704 1817 inventum
723 1790 774 1817 est
790 1783 990 1828 impropria
1011 1782 1269 1828 diphthongus,
1298 1789 1331 1816 et

290 1836 297 1845 ’
327 1839 371 1870 ad
390 1836 726 1882 pronuntiationem
746 1833 837 1869 nihi]
856 1835 1050 1880 pertinens.
1111 1835 1195 1869 Ideo
1212 1835 1331 1869 necin

327 1896 488 1923 veterum
524 1888 625 1921 libris
659 1888 823 1922 invenias
855 1888 962 1922 scribi
991 1886 1236 1932 diphthongos
1266 1888 1332 1920 iin-

326 1941 505 1986 proprias.
704 1946 707 1948 “

433 2009 524 2042 Sunt
541 2016 574 2042 et
592 2022 648 2045 ωυ
667 2015 700 2042 et
719 2021 767 2055 ηυ
784 2008 1067 2053 ἰηψι·ορῑ“ἰ;ιο“3),
1104 2020 1195 2054 quae
1220 2008 1334 2041 factae

328 2067 411 2095 sunt
429 2073 470 2094 ex
489 2073 534 2096 ου
553 2068 587 2094 et
603 2074 654 2097 ευ,
708 2061 801 2095 Nam
825 2062 950 2094 crebro
972 2060 1089 2094 solent
1106 2060 1240 2093 mutari
1255 2061 1334 2093 bre-

329 2125 389 2147 ves
410 2113 534 2146 literae
556 2114 592 2146 in
610 2114 753 2157 longas:
784 2126 803 2148 ο
822 2113 858 2146 in
879 2126 923 2158 w,
949 2125 973 2147 α
990 2113 1044 2146 vel
1063 2126 1078 2147 ε
1096 2112 1131 2145 in
1147 2126 1182 2159 η.
1217 2112 1263 2146 Et
1278 2125 1335 2146 eas

329 2165 549 2199 mutationes
567 2166 733 2199 observet
748 2165 959 2210 diligenter,
995 2165 1056 2211 qui
1082 2165 1242 2209 graecari
1270 2178 1336 2198 vo—

329 2217 390 2251 let.
460 2218 636 2251 Observet
662 2217 755 2250 idem
783 2224 815 2250 et
840 2218 876 2251 in
903 2217 1207 2257 consonantibus,
1243 2229 1335 2263 quae

332 2281 412 2302 curn
440 2269 570 2315 quibus
595 2276 770 2314 cognatae
797 2270 886 2311 sint,
930 2277 1037 2316 atque
1065 2271 1155 2303 adeo
1181 2282 1272 2315 quae
1297 2270 1334 2302 in

330 2333 420 2366 quas
445 2323 577 2355 mutari
605 2322 754 2367 possint.
824 2323 950 2368 Neque
979 2322 1074 2356 enim
1108 2322 1269 2367 singulae
1297 2322 1335 2354 in

332 2373 490 2417 singulas
520 2380 727 2413 transeunt,
754 2376 814 2407 sed
844 2381 1017 2418 cognatae
1042 2382 1181 2408 tantuin
1212 2375 1249 2407 in
1279 2387 1335 2407 co-

333 2432 479 2468 gnatas,
514 2432 552 2458 ut
572 2439 592 2460 ν
615 2427 649 2458 in
668 2439 715 2471 μ,
751 2439 773 2460 κ
791 2427 824 2458 in
840 2440 885 2472 χ,
913 2441 938 2461 π
957 2427 990 2459 in
1011 2440 1064 2474 (p,
1100 2441 1121 2462 τ
1137 2427 1173 2459 in
1191 2426 1239 2471 θ,
1271 2434 1336 2460 etc.

332 2483 372 2510 ut
394 2475 532 2521 τύπτω,
559 2476 722 2525 τέτταρα,
751 2477 882 2525 τὺψυη
912 2478 1026 2525 22:²70),
1056 2478 1205 2524 λὲλεχα,
1233 2478 1335 2519 λέξω).

332 2527 420 2561 Item
449 2527 655 2574 συμβάλλω
682 2543 721 2562 ex
747 2528 817 2565 ociis
844 2537 875 2562 et
901 2529 1049 2576 βάλλω,
1080 2529 1337 2576 συλλαμβάνω

334 2592 373 2613 ex
393 2578 464 2615 σὺν
485 2588 519 2613 et
535 2580 740 2627 λαμβάνω,
771 2579 969 2627 &officia-luo
989 2596 1028 2615 ex
1047 2580 1117 2616 σὺν
1136 2589 1166 2614 et
1193 2581 1336 2627 ῥάπτω,

370 2723 398 2755 t)
419 2726 461 2753 et]
480 2726 525 2749 sic
544 2727 592 2752 Ed.
608 2726 701 2756 1542.;
728 2726 755 2750 in
774 2726 858 2750 Editt.
875 2726 950 2750 1522.
963 2743 969 2751 ,
992 2726 1086 2752 1538..
1108 2727 1184 2751 1541.
1205 2727 1293 2751 deest.

368 2776 400 2805 2)
420 2777 601 2807 impropriae]
622 2779 662 2803 sic
680 2779 730 2803 Ed.
749 2779 840 2809 ¹542&
869 2779 895 2802 in
914 2779 1000 2804 Editt.
1019 2778 1212 2803 1522-1541.
1232 2779 1318 2804 deest.

908 135 1031 170 PHIL.
1068 135 1422 193 ME1238CRIP'FA
1460 136 1801 171 PHILOLOGICA.

1291 274 1324 310 G
1343 274 1376 310 R
1393 274 1431 310 A
1448 274 1479 310 E
1496 275 1523 311 C
1543 274 1578 309 A

1169 344 1513 375 MELANTHONE
1548 345 1788 374 AUCTORE.

2340 145 2390 181 16

1623 274 1957 311 INTEGRA

1382 439 1447 467 etc.
1503 432 1594 466 Sunt
1611 433 1705 465 enini
1728 439 1900 475 cognatae
1920 434 2012 467 inter
2038 447 2074 468 se
2093 435 2252 481 liquidae
2277 438 2318 480 λ,
2345 450 2387 483 μ,

1380 497 1424 530 ν,
1446 498 1490 530 ρ,
1519 491 1649 518 etcum
1670 483 1724 518 his
1741 486 1846 518 etiarn
1867 497 1910 530 σ,
1937 493 1977 519 ut
1993 485 2166 527 σύσσιτος
2189 500 2231 521 ex
2257 485 2329 523 σὺν
2352 495 2387 521 et

1381 548 1494 573 onoc.

1487 606 1579 640 Sunt
1598 613 1632 640 et
1649 613 1821 651 cognatae
1842 613 1981 646 mutae,
2010 613 2049 640 ut

1433 668 1482 712 β’
1511 681 1559 711 71,
1587 680 1637 714 ‘P’
2059 676 2091 713 ’ψ

1432 732 1480 766 7,
1508 733 1554 762 κ,
1579 732 1628 764 χ,
1659 725 1789 752 etcum
1811 717 1866 752 liis
1886 718 2046 763 duplices
2063 719 2084 758 ξ

1434 769 1478 814 ὃ)
1505 785 1547 815 T,
1578 772 1627 815 θ’)
2065 769 2087 813 ζ

1381 837 1421 864 ut
1457 830 1585 879 ἄραψ,
1629 831 1792 878 ἄραβος;
1843 830 1980 875 κόραξ,
2022 829 2200 876 mmmm
2244 828 2385 876 συρίζω

1382 885 1641 924 conmmniter,
1671 881 1840 927 συρίσὸω
1858 883 2000 917 Dorice.
2061 882 2148 916 ltein
2171 896 2195 918 ν
2217 889 2251 916 et
2274 896 2320 931 y,
2346 890 2385 917 ut

1382 933 1596 984 συγγράφω
1617 949 1657 968 ex
1679 933 1748 970 σὺν
1766 942 1799 968 et
1815 935 1975 984 γράφω,
2007 937 2184 983 συγκαλῶ
2202 947 2242 968 ex
2261 933 2334 970 σὺν
2352 941 2386 967 et

1381 988 1536 1032 καλῶῧ).
1565 988 1732 1033 Reliqua,
1761 988 1893 1034 quae4)
1915 989 1958 1019 nd
1980 989 2246 1030 cognoscendas
2265 987 2385 1020 literas

1384 1040 1586 1083 pertinent,
1614 1039 1757 1085 require
1778 1052 1819 1073 ex
1838 1039 2113 1073 eleinentalibus
2140 1039 2287 1078 libellis,
2323 1038 2384 1084 qui

1383 1092 1453 1124 iani
1474 1093 1607 1138 ubique
1628 1093 1794 1125 inanibus
1812 1104 2007 1136 puerorum
2027 1090 2246 1136 nnumin-⁵).

1742 1194 2032 1228 Prosodia.

1488 1268 1723 1316 Προςῳδία,
1777 1277 1943 1303 accentus
1988 1273 2087 1312 (narn
2132 1271 2168 1303 id
2212 1271 2388 1314 significat

1383 1323 1521 1356 Graeca
1552 1334 1643 1362 vox,
1679 1320 1772 1368 πρὸς
1800 1323 1864 1362 ad,
1910 1319 1990 1369 ᾠδὴ
2019 1322 2182 1368 carmen)
2214 1329 2265 1356 est
2293 1322 2387 1356 ratio

1383 1374 1667 1419 pronuntiandi,
1695 1374 1852 1419 syllabae
1873 1373 2056 1412 acciden53
2093 1374 2160 1406 alia
2182 1375 2277 1407 enirn
2303 1375 2384 1407 bre-

1383 1428 1436 1460 vis
1457 1432 1526 1466 est,
1557 1425 1625 1458 alia
1644 1426 1772 1469 longa,
1803 1426 1885 1458 dein
1915 1431 2040 1465 acuta,
2078 1426 2133 1458 vel
2157 1426 2298 1469 gravis,
2333 1427 2389 1459 vel

1383 1479 1512 1511 inflexa
1531 1484 1595 1511 etc.

1417 1607 1448 1635 3)
1468 1606 1498 1629 ut
1516 1601 1611 1628 τύπτω
1632 1617 1664 1621 -
1683 1602 1784 1631 καλοὶ]
1805 1601 1847 1626 sic
1860 1602 1910 1628 Ed.
1926 1602 2017 1632 1542.;
2043 1602 2071 1626 in
2090 1603 2175 1626 Editt.
2192 1602 2387 1628 1522—1541.

1453 1642 1520 1664 haec
1540 1640 1651 1663 desunt.

1419 1687 1450 1714 4)
1470 1684 1556 1715 quae]
1578 1683 1605 1706 in
1624 1682 1673 1706 Ed.
1690 1682 1764 1707 1538.
1785 1682 1880 1706 omiss.

1419 1729 1450 1760 5)
1471 1729 1508 1752 Ut
1526 1727 1651 1757 exemplo
1671 1727 1867 1752 ostendamus..
1894 1725 2027 1756 quomodo
2047 1726 2124 1749 certe
2144 1724 2306 1755 quibusdam
2321 1723 2391 1748 locis

1455 1764 1505 1787 Ed.
1523 1763 1598 1786 1518.
1618 1767 1636 1785 a
1655 1761 1835 1791 sequentibus
1856 1761 1982 1787 dill'erat,
2011 1761 2080 1784 lianc
2107 1761 2224 1790 primam
2247 1760 2280 1783 de
2299 1759 2391 1783 literis

1456 1798 1621 1828 particulam
1638 1803 1671 1819 ex
1685 1797 1732 1820 Ed.
1755 1796 1877 1826 principe
1900 1797 1972 1819 1518.
1990 1796 2015 1821 h,
2031 1796 2047 1818 l.
2068 1795 2273 1823 adscribimus,
2294 1795 2320 1818 in
2340 1799 2394 1825 qua

1457 1833 1497 1857 sic
1511 1832 1670 1856 exhibetur:
1697 1831 1831 1860 „Literae
1845 1832 2016 1854 Graecorum
2029 1831 2068 1853 A.
2089 1831 2121 1854 Β.
2143 1831 2172 1853 Γ.
2193 1829 2226 1853 Λ.
2249 1829 2285 1853 Ε.
2306 1832 2336 1853 Ζ.
2356 1831 2393 1852 11-

1459 1868 1491 1893 Θ.
1511 1870 1534 1891 Ι.
1557 1868 1590 1890 Κ.
1610 1867 1649 1891 Λ.
1669 1867 1709 1889 M.
1731 1867 1765 1890 N.
1786 1865 1813 1891 Ξ.
1836 1866 1919 1890 0.11.
1943 1867 1971 1889 Ρ.
1998 1866 2030 1888 Σ.
2060 1864 2092 1889 Τ.
2116 1866 2147 1888 Υ.
2171 1865 2206 1888 Φ.
2231 1865 2267 1888 X.
2295 1865 2329 1888 Ψ.
2356 1864 2393 1888 Ω.

1457 1903 1625 1927 Dividuntur
1644 1901 1745 1924 literae
1765 1901 1791 1924 in
1807 1900 1928 1924 vocales
1949 1906 1981 1924 ac
2000 1900 2206 1925 consonantes.
2239 1896 2394 1932 αὐτόφωνοι

1457 1936 1621 1971 γράμματα.
1651 1944 1676 1959 τι.
1697 1942 1717 1959 ε.
1741 1944 1764 1965 η.
1787 1944 1804 1961 ι,
1826 1943 1849 1960 ο.
1872 1943 1898 1959 υ.
1921 1943 1950 1958 ω.
1975 1935 2017 1958 Ex
2032 1934 2073 1957 liis
2087 1932 2241 1967 δι’ψθογγοι
2253 1935 2394 1966 propriae,

1457 1975 1510 1998 hoc
1529 1974 1587 2001 est,
1608 1971 1719 2001 linguae
1739 1970 1887 2001 genuinae.
1912 1978 1948 1994 m.
1969 1978 2014 1994 ιιι).
2034 1976 2065 1994 ει.
2086 1977 2124 1995 ευ.
2145 1978 2177 1994 οι.
2199 1977 2239 1993 ου.
2277 1971 2348 1994 sunt
2367 1971 2396 1993 et

1459 2009 1532 2032 aliae
1551 2006 1735 2037 impropriae,
1768 2006 1819 2029 hoc
1844 2007 1904 2035 est,
1939 2011 1992 2029 non
2018 2005 2156 2035 genuinae
2183 2005 2311 2036 linguae,
2345 2005 2395 2028 sed

1458 2045 1520 2067 arte
1545 2042 1706 2071 contectae,
1739 2041 1836 2071 quippe
1862 2041 1897 2064 ad
1922 2040 2156 2064 discriminandos
2177 2041 2397 2064 declinationum

1458 2084 1554 2103 casus.
1589 2085 1614 2110 ᾳ.
1636 2085 1660 2109 ῃ,
1681 2084 1711 2109 ῳ.
1760 2077 1813 2100 Est
1836 2077 1928 2100 aute-m
1955 2075 2050 2099 nativa
2074 2076 2292 2106 pronuntiationi
2312 2082 2346 2099 υι.
2366 2076 2397 2099 ut

1460 2113 1596 2144 Harpyia.
1628 2119 1676 2137 ωυ.
1698 2112 1724 2135 et
1744 2119 1784 2141 ηυ.
1822 2112 1918 2135 lonum
1944 2112 2010 2134 sunt
2034 2118 2067 2135 ex
2094 2118 2134 2136 ov.
2162 2113 2191 2136 et
2214 2119 2254 2138 ευ.
2298 2111 2397 2135 solent

1461 2149 1533 2173 enini
1559 2148 1601 2172 illi
1629 2148 1730 2171 breves
1758 2147 1870 2170 vocales
1897 2146 1924 2169 in
1950 2146 2051 2177 longas
2080 2148 2196 2172 mutare.
2244 2144 2396 2179 Σύμᾳωνα

1460 2182 1631 2217 γράμματα,
1652 2182 1775 2213 reliquae
1794 2182 1894 2205 literae
1913 2183 1986 2205 sunt.
2025 2183 2066 2206 Ex
2086 2183 2128 2206 liis
2147 2183 2223 2206 aliae
2246 2185 2345 2206 mutae.
2371 2183 2396 2214 β.

1460 2227 1487 2251 γ.
1507 2217 1530 2243 δ’.
1551 2226 1579 2242 π.
1601 2225 1625 2241 κ.
1645 2225 1668 2242 τ.
1693 2225 1725 2249 φ.
1745 2225 1771 2249 χ.
1792 2218 1821 2240 θ.
1859 2217 1938 2240 Aliae
1959 2218 2167 2247 semivocales,
2201 2223 2316 2249 quarum
2345 2218 2397 2242 liae

1461 2254 1587 2285 duplices
1606 2254 1626 2283 ζ.
1648 2253 1670 2282 ξ.
1693 2256 1722 2283 ψ.
1757 2253 1815 2276 Hae
1835 2252 2019 2276 immutabiles
2039 2251 2054 2275 λ
2072 2260 2095 2284 μ
2115 2260 2131 2276 ν
2149 2260 2173 2285 ρ.
2207 2253 2396 2278 lniiiiutabites

1463 2290 1609 2318 dicuntur,
1638 2287 1766 2318 quoniam
1787 2294 1836 2311 nec
1855 2288 2018 2311 declinando
2041 2294 2090 2311 nec
2109 2288 2284 2320 coniugando
2301 2290 2330 2312 ut
2349 2294 2396 2311 re-

1460 2326 1553 2356 liquae
1569 2325 1717 2347 niutantur.
1754 2324 1806 2347 Est
1826 2324 1853 2346 et
1874 2320 1986 2353 ἄσημον
2004 2328 2030 2347 σ.
2068 2324 2171 2347 uarum
2190 2329 2314 2354 quaeque
2333 2322 2397 2354 quid

1461 2360 1559 2384 latinis
1581 2358 1686 2389 possit,
1706 2358 1770 2382 vide
1789 2358 1989 2382 elementorum
2010 2359 2156 2388 notiones,
2176 2364 2247 2389 quae
2265 2358 2398 2382 a'l'lioma

1461 2396 1558 2419 nostro
1573 2393 1733 2424 Anslielmi,
1751 2395 1836 2424 probe
1852 2395 1917 2417 sunt
1933 2399 1966 2417 ac
1987 2393 2213 2418 emendatissime
2232 2393 2311 2423 typis
2331 2393 2395 2417 lite-

1462 2430 1546 2454 rariis
1559 2429 1722 2459 publicatae.
1760 2429 1836 2451 lnter
1851 2430 1999 2459 passiones
2015 2429 2159 2452 literarum
2182 2429 2227 2452 est
2247 2428 2398 2459 praecipua

1462 2464 1608 2495 cognatio,
1642 2461 1656 2486 ὁ
1677 2461 1874 2495 ξυμβόλισμος.
1901 2469 1971 2494 quae
1990 2463 2151 2488 declinando
2170 2469 2203 2487 ac
2222 2463 2396 2493 coniugaiido

1463 2500 1596 2527 discitur,
1616 2500 1645 2522 ut
1662 2505 1680 2530 γ
1702 2499 1727 2522 in
1747 2499 1762 2527 ξ
1781 2497 1851 2531 λέγω
1872 2499 1947 2528 λέξω.
1986 2500 2057 2523 sunt
2075 2499 2123 2522 alii
2142 2495 2330 2529 ξυμβόλισμοι
2350 2496 2397 2528 qui

1463 2542 1514 2559 usu
1534 2535 1714 2563 inci-elmere,
1746 2534 1823 2558 nulla
1843 2536 1967 2563 ratione,
1999 2535 2028 2558 nt
2053 2540 2102 2564 pro
2121 2531 2278 2565 ἐντελέχεια
2295 2533 2397 2557 dicitur

1461 2568 1634 2600 ἐνδελέχεια,
1666 2575 1726 2593 cum
1753 2570 1913 2600 compositio
1934 2570 1971 2593 sit
1991 2575 2024 2592 ex
2044 2567 2076 2592 ἐν
2096 2570 2123 2592 et
2142 2568 2244 2592 τελειώ.
2289 2567 2398 2593 similia

1462 2605 1504 2628 liis
1525 2606 1688 2635 praetereo,
1719 2610 1780 2628 nam
1801 2605 1861 2629 ideo
1881 2605 1970 2628 indico
1991 2604 2062 2633 ista,
2097 2605 2127 2627 ut
2151 2603 2272 2634 diligens
2297 2603 2398 2627 iuven-

1462 2642 1507 2663 tus
1529 2641 1624 2663 horum
1650 2639 1673 2662 in
1696 2639 1821 2667 legendis
1848 2639 1927 2664 honis
1954 2639 2099 2662 autoribus
2127 2639 2262 2663 rationem
2288 2638 2396 2663 habeat.

1462 2675 1599 2704 Pleraque
1626 2681 1791 2703 graecorum
1825 2676 1852 2699 et
1885 2675 1910 2699 in
1937 2675 2025 2698 latina
2050 2671 2234 2706 ὀςιθογραφίιι
2260 2672 2396 2697 Prisciani

1464 2710 1588 2739 exemplo
1615 2708 1833 2735 tractavinius.’'
1885 2710 1925 2734 Ol)
1951 2710 2020 2732 lianc
2045 2709 2177 2732 maiorem
2203 2709 2285 2732 liuius
2310 2708 2358 2732 Ed.
2380 2712 2398 2731 a

1463 2744 1642 2774 sequentihus
1663 2745 1854 2769 diversitatem
1881 2745 1908 2768 in
1935 2745 1986 2768 hac
2013 2750 2083 2768 nova
2103 2745 2154 2770 Ed.
2178 2750 2237 2768 eam
2264 2749 2318 2767 non
2344 2742 2396 2767 ad-

1463 2780 1632 2810 sci-imnum,
1662 2786 1696 2803 ne
1714 2780 1925 2804 annotationum
1945 2785 2088 2802 numerum
2109 2779 2190 2802 nimis
2207 2784 2368 2809 augeamuS.
