2389 3037
154 188 271 221 Porro
291 187 334 220 ab
353 186 466 219 activa
486 197 572 218 voce
589 184 746 230 duplicia
765 184 916 218 veniunt
939 183 1052 229 parti—

51 240 163 284 cipia,
199 238 377 272 Praesens
402 239 439 270 in
458 249 520 277 ns,
554 243 594 270 ut
618 237 750 281 legens.
812 235 989 269 Futurum
1013 235 1050 268 in

50 303 155 330 urus,
185 297 223 324 ut
240 291 417 330 lecturus,
447 295 554 334 atque
574 286 662 322 haec
681 288 795 321 active
813 287 1024 332 significant.

152 351 184 384 A
200 350 337 384 neutris
355 350 488 383 cadunt
503 349 634 383 similia
662 349 849 394 participia
863 375 872 388 ,
906 359 943 380 ea
968 360 1049 382 suo-

48 416 128 437 rum
147 403 341 436 verborum
360 401 657 446 significationem
678 401 867 434 imitantur
877 399 936 445 ²⁸).

151 464 184 497 A
217 463 360 507 passivo
386 463 472 496 item
501 462 678 508 duplicia,
713 461 976 501 Praeteritum,
1010 466 1049 493 ut

46 516 176 555 lectus,
216 514 416 555 Futurum,
460 521 499 549 ut
531 515 723 560 legendus,
767 525 881 559 eaque
908 512 1049 557 passive

46 567 261 612 significant.

147 626 259 661 Fiunt
289 640 306 660 a
334 627 471 661 neutris
499 626 638 671 passiva
666 625 875 670 participia,
918 626 978 659 sed
1005 625 1048 658 ab

46 677 102 714 his
136 685 297 719 tantum,
350 691 504 725 quorum
539 678 664 711 tertiae
698 689 875 722 personae
909 677 1047 722 passive

45 737 286 776 usurpantur,
322 738 381 771 ut,
417 736 541 763 aratur
573 736 680 763 terra.
750 729 843 762 Hinc
876 736 974 762 arata
1015 735 1049 762 et

45 785 180 817 aranda
204 790 312 816 terra.
366 782 423 816 Sic
439 781 628 827 Virgilius:
665 783 753 815 Arte
779 781 964 814 laboratae
989 794 1048 814 ve-

44 842 124 870 stes.
186 834 313 868 Errata
338 834 474 867 littora.
536 833 593 867 Sic
618 835 769 868 decurso
795 833 924 878 spatio.
985 833 1048 867 Est

44 893 78 921 et
92 887 182 920 illud
201 886 334 919 dictum
354 888 679 932 καταχρηστικῶς;

147 946 250 993 Quae
273 946 370 979 venit
390 946 534 990 indigne
554 958 667 990 poena
688 946 843 979 dolenda
862 945 972 979 venit.

488 1013 576 1048 ltem
590 1028 596 1047 :

147 1073 285 1120 Virque
305 1073 395 1108 mihi
413 1075 559 1119 dempto
578 1076 647 1107 fine
668 1075 842 1107 carendus
860 1075 969 1107 abest.

146 1125 179 1158 A
204 1126 402 1171 deponenti
433 1127 609 1171 triplicia,
644 1126 840 1165 Praesens,
878 1127 1046 1171 loquens;

42 1177 305 1219 Praeteritum,
332 1179 492 1217 locutus;
527 1178 727 1218 Futurum,
754 1178 953 1213 locuturus.
1007 1177 1046 1210 In

41 1227 97 1263 his
113 1235 196 1263 sunt
213 1235 247 1262 et
267 1231 387 1263 sutura
413 1230 451 1262 in
475 1232 562 1270 dus,
598 1242 678 1263 cum
707 1229 870 1262 videlicet
897 1230 1045 1263 verbum

43 1281 183 1324 passive
206 1281 403 1325 significat,
432 1294 515 1314 nam
542 1294 602 1315 rus
629 1288 680 1315 est
708 1281 845 1314 activae
871 1281 1047 1324 significa-

43 1333 169 1372 tionis,
197 1339 256 1372 ut,
284 1335 508 1379 sequendus,
533 1334 699 1367 utendus.

146 1386 179 1418 A
195 1385 448 1419 communibus
471 1385 743 1431 quadruplicia,
777 1384 953 1418 Praesens
980 1384 1046 1417 cri-

42 1435 201 1474 minans;
237 1436 478 1471 Praeteritum
500 1437 731 1476 criminatus,
758 1435 936 1470 Futurum
962 1438 1046 1469 acti-

42 1500 145 1528 vum,
179 1488 457 1530 criminaturus,
493 1489 682 1523 Passivum
707 1489 890 1529 futurum,
926 1489 1045 1521 crimi-

40 1541 195 1574 nandus.

145 1592 412 1627 Admonuimus
430 1599 550 1626 autem
578 1605 684 1637 supra
699 1619 708 1632 ,
741 1593 921 1627 veteribus
942 1593 1042 1637 plura

39 1643 146 1677 fuisse
165 1645 372 1678 communia
395 1644 525 1685 verba,
551 1657 659 1690 quam
682 1645 797 1678 nobis.
853 1644 944 1678 Hinc
963 1658 1045 1690 par-

41 1695 161 1738 ticipia
197 1702 339 1735 extant,
383 1697 533 1730 mentita
566 1697 657 1736 tela,
703 1697 874 1729 meditata
907 1697 1044 1736 omnia,

40 1752 206 1790 expertae
238 1746 400 1787 virtutis,
442 1747 581 1791 passiva
617 1747 898 1790 significatione,
947 1751 1043 1794 quod

40 1799 147 1830 verba
166 1795 299 1831 horum
320 1799 405 1831 olim
425 1799 630 1832 communia
650 1799 795 1833 fuerint.

145 1849 236 1883 Sunt
254 1856 288 1883 et
307 1852 475 1883 anomala
494 1850 703 1895 participia,
738 1851 793 1884 vel
819 1843 939 1896 potius¹
961 1850 1043 1887 ἀδέ-

41 1913 182 1944 σποτα,
207 1914 299 1947 quae
317 1914 391 1935 non
408 1900 543 1936 habent
567 1903 673 1936 verba
701 1910 817 1943 certa,
847 1916 888 1936 ex
914 1903 1043 1949 quibus

38 1953 253 1988 formentur.

142 2003 284 2039 Iuratus
302 2007 429 2046 active,
452 2006 751 2052 significationem
771 2007 894 2041 aoristi
913 2007 1043 2041 Graeci

41 2053 149 2090 habet
164 2055 317 2102 ὀμόσας.

144 2108 281 2142 Exosus
317 2116 351 2143 et
384 2122 551 2154 perosus,
594 2111 708 2144 active
740 2111 961 2155 significant,
1005 2119 1043 2145 ut

43 2159 220 2193 Graecum
245 2161 418 2195 aoristuin
442 2159 619 2208 μισήσας,
655 2170 693 2197 ut
711 2163 863 2197 Ovidius
890 2162 1042 2212 [Met.1,

42 2209 169 2258 483.]:
198 2211 340 2247 Taedas
356 2226 460 2247 exosa
479 2214 625 2258 iugales.
679 2214 725 2248 Et
741 2215 913 2259 Virgilius
931 2214 1041 2264 [Aen.

41 2262 101 2303 VI,
118 2261 244 2311 435.]:
272 2263 479 2311 Lucemque
496 2267 627 2310 perosi.
668 2266 731 2301 Est
751 2274 784 2301 et
801 2280 927 2302 usurus
946 2270 1041 2313 apud

43 2314 252 2349 Ciceronem
272 2318 315 2350 de
332 2317 488 2350 amicitia
507 2316 590 2366 [16‚
607 2317 707 2367 59.]:
744 2320 907 2364 Negabat
929 2321 1038 2353 ullam

42 2379 166 2401 vocem
199 2368 438 2402 inimiciorem
472 2370 651 2404 amicitiae
679 2374 836 2417 potuisse
876 2373 1039 2417 reperiri,

43 2431 150 2464 quam
170 2420 264 2461 eius,
292 2421 351 2466 qui
379 2421 535 2461 dixissit‚
565 2423 611 2455 ita
637 2436 758 2457 amare
785 2431 972 2469 oportere,
1001 2431 1040 2458 ut

42 2471 238 2517 aliquando
258 2480 347 2507 esset
364 2486 503 2507 osurus.

143 2523 352 2558 Personalia
387 2527 494 2559 verba
519 2526 591 2558 fere
617 2527 738 2559 onmia
765 2540 806 2561 ex
828 2541 863 2562 se
892 2532 1039 2573 pariunt

42 2574 242 2620 participia.
311 2577 379 2611 Sed
404 2584 455 2611 est
480 2585 600 2611 tamen
628 2579 914 2621 observandum,
951 2582 1037 2627 quid

74 2701 123 2730 28)
145 2708 178 2726 ea
197 2709 310 2728 suorum
329 2717 363 2721 —
382 2705 548 2735 imitantur]
569 2706 652 2729 Editt.
671 2707 765 2733 1546..
785 2714 808 2731 S.
824 2713 865 2731 aa
896 2708 1038 2732 imitantur

110 2738 138 2760 et
158 2738 225 2761 haec
244 2745 356 2763 suorum
376 2741 522 2765 verborum
542 2741 781 2773 significationem.

888 95 1219 132 GRAMMATICA
1251 96 1443 132 LATINA.

1225 0 1235 41 l.

2029 105 2104 143 326

1106 196 1189 217 usus
1215 185 1363 228 probet,
1393 197 1475 217 nain
1505 186 1611 225 fiens,
1639 186 1734 227 iens,
1769 188 1927 230 flendus,
1957 203 2104 225 nascen-

1106 236 1170 269 dus
1189 242 1250 269 aut
1267 243 1417 270 naturus
1438 250 1455 269 a
1476 250 1604 271 nascor
1621 251 1729 272 nemo
1747 240 1854 281 dixit,
1883 248 1918 274 at
1936 249 2101 276 naturam

1105 287 1268 322 dicimus.

1207 339 1239 371 A
1264 338 1348 372 Sum
1377 341 1517 374 tametsi
1546 348 1683 375 veteres
1709 344 1857 378 fecerint
1891 358 1973 386 ens,
2015 346 2104 380 sicut

1104 389 1307 425 Graeci‘u'jv
1327 392 1370 424 ab
1387 391 1480 437 εἶμί,
1509 399 1629 426 tamen
1656 394 1742 438 ipsi,
1778 403 1948 442 tanquam
1977 399 2105 432 absur-

1104 443 1187 475 dum
1224 443 1481 487 repudiarunt,
1527 451 1561 477 at
1594 445 1676 480 inde
1704 448 1844 484 futurus
1871 450 2101 495 participium

1103 500 1211 529 extat.

1207 546 1262 579 Ab
1283 546 1605 591 impersonalibus,
1644 545 1735 595 quae
1755 564 1829 586 non
1847 554 2024 598 recipiunt
2043 569 2103 589 vo-

1104 610 1158 631 ces
1184 599 1448 642 personalium,
1482 600 1578 633 nulla
1606 609 1726 636 extant
1750 605 1959 650 participia,
2000 620 2103 651 prae-

1103 655 1156 682 ter
1178 652 1386 694 pudendus,
1415 652 1655 696 poenitendus
1680 661 1714 688 et
1734 663 1934 700 pertaesus,
1962 661 2103 701 decens,

1101 701 1227 736 libens.

1206 754 1332 799 Neque
1364 752 1421 787 hic
1447 760 1751 800 praetereundum
1778 767 1848 800 est,
1886 762 2102 806 degenerare

1102 806 1293 850 participia
1320 806 1356 838 in
1381 808 1553 849 nomina,
1589 810 1643 843 vel
1670 812 1952 855 compositione,
1988 822 2025 848 ut
2051 816 2102 849 in-

1102 858 1247 897 doctus,
1284 870 1368 890 nam
1399 859 1551 894 indoceo
1583 874 1656 895 non
1690 863 1840 903 dicitur,
1886 872 1946 898 aut
1971 868 2101 902 amisso

1102 911 1200 942 verbi
1227 923 1330 950 casu,
1368 917 1426 951 ut,
1462 912 1617 957 fugitans
1641 915 1778 956 litium,
1822 917 1968 962 cupiens
1998 932 2102 963 pecu-

1102 961 1194 996 niae.
1245 962 1338 996 Nam
1360 964 1547 1009 participia
1566 975 1695 1011 regunt
1712 969 1903 1002 verborum
1921 982 2040 1011 casus,
2067 980 2104 1006 at

1102 1025 1181 1047 cum
1203 1013 1239 1046 in
1259 1015 1407 1047 nomina
1430 1018 1669 1060 degenerant,
1697 1021 1873 1063 genitivos
1890 1023 2103 1065 adsciscunt,

1102 1072 1160 1105 ut,
1190 1078 1316 1100 amans
1335 1069 1580 1113 praeceptoris
1602 1071 1808 1116 discipulus.
1859 1072 1984 1120 anue
2006 1088 2102 1109 com-

1102 1124 1298 1162 parantur,
1335 1126 1367 1152 et
1393 1132 1492 1154 casus
1517 1124 1800 1167 comparationis
1819 1127 2016 1171 recipiunt,
2051 1135 2102 1169 ut,

1100 1181 1208 1202 nemo
1228 1176 1279 1204 est
1296 1184 1352 1204 me
1369 1173 1552 1206 amantior
1568 1177 1823 1221 praeceptoris.

1205 1221 1342 1255 Similia
1371 1224 1572 1270 participiis
1596 1234 1679 1261 sunt
1706 1229 1903 1270 tunicatus,
1932 1243 2103 1275 persona-

1100 1279 1169 1312 tus,
1200 1274 1403 1316 obaeratus,
1432 1283 1465 1309 et
1481 1277 1626 1319 similia,
1646 1281 1706 1313 sed
1725 1293 1762 1314 ea
1774 1281 1820 1328 2⁹)
1840 1290 1923 1316 sunt
1940 1285 2101 1318 nomina.

1101 1323 1195 1358 Nam
1223 1338 1287 1358 nec
1315 1339 1356 1360 ex
1383 1328 1500 1363 verbis
1526 1338 1744 1373 nascuntur,
1789 1341 1822 1367 et
1853 1341 1994 1379 tempus
2027 1348 2101 1369 non

1099 1376 1312 1421 significant.

1205 1428 1246 1462 ln
1264 1430 1407 1465 bundus
1432 1433 1581 1466 nomina
1607 1441 1710 1475 sunt,
1745 1438 1885 1472 tametsi
1903 1437 2026 1473 Livius
2045 1451 2101 1472 ca-

1100 1492 1177 1514 sum
1196 1482 1379 1527 participii
1398 1484 1578 1518 addiderit
1595 1488 1674 1520 voci
1697 1489 2034 1531 concionabundus,
2064 1492 2098 1524 in

1100 1533 1207 1566 tertio
1226 1534 1319 1567 libro
1348 1535 1486 1580 primae
1510 1539 1663 1573 decades
1690 1538 1740 1588 [c.
1759 1539 1857 1589 47.]:
1896 1542 1993 1577 Haec
2016 1555 2098 1576 con-

1102 1585 1353 1621 eiunabundus
1371 1588 1548 1623 circuibat
1569 1589 1745 1627 homines.

1202 1768 1479 1801 Adverbium
1510 1778 1702 1811 vocarunt,
1738 1774 1835 1817 quod
1860 1774 2011 1809 actionis
2036 1783 2097 1810 aut

1098 1818 1273 1861 passionis
1293 1820 1597 1854 circumstantiam
1618 1835 1686 1855 una
1706 1836 1792 1857 voce
1810 1825 1930 1866 effert,
1961 1834 2016 1867 ut,
2045 1829 2096 1860 di-

1098 1869 1142 1901 cit
1161 1870 1338 1914 graviter,
1369 1873 1465 1905 venit
1486 1886 1648 1918 propere.
1702 1872 1859 1922 Ideoque
1884 1879 2093 1913 adverbium

1098 1929 1294 1962 vocarunt,
1323 1926 1420 1969 quod
1440 1926 1548 1958 verbo
1571 1926 1875 1962 circumstantiam
1897 1931 2051 1966 adiiciat.

1312 2010 1538 2045 Accidunt
1566 2013 1879 2060 Adverbioffl):

1149 2077 1309 2122 Species,
1339 2079 1580 2123 Significatio,
1606 2081 1758 2126 Figura,
1789 2083 2035 2129 Comparatio.

1201 2147 1388 2191 Species
1419 2150 1530 2189 dnae,
1557 2150 1679 2184 Prima
1699 2159 1732 2185 et
1748 2152 2016 2190 Derivatorum.

1199 2207 1321 2241 Prima
1348 2222 1472 2243 eorum
1500 2217 1570 2251 est,
1616 2225 1707 2258 quae
1736 2226 1810 2247 non
1835 2215 1978 2249 aliunde
2011 2224 2093 2249 nata

1096 2266 1198 2298 sunt,
1228 2268 1265 2293 nt
1285 2273 1380 2302 cras,
1411 2261 1508 2303 heri,
1537 2275 1624 2307 pax,
1654 2265 1687 2297 id
1706 2272 1775 2306 est,
1804 2273 1956 2301 tantum.

1200 2311 1370 2346 Derivata
1389 2314 1435 2358 3¹)
1453 2322 1554 2356 sunt,
1583 2330 1674 2362 quae
1694 2319 1825 2352 cadunt
1851 2320 2014 2359 aliunde,
2043 2327 2092 2359 ut,

1098 2364 1254 2408 vesperi,
1291 2367 1387 2410 quod
1416 2373 1466 2400 est
1494 2380 1511 2400 a
1537 2369 1694 2403 nominis
1720 2371 1861 2411 dativo,
1906 2372 2026 2405 furtim
2045 2371 2091 2417 3²)

1095 2429 1112 2447 a
1137 2417 1245 2449 verbo
1272 2417 1394 2457 furor,
1424 2419 1572 2453 strictim
1598 2434 1616 2453 a
1643 2423 1752 2455 verbo
1775 2423 1933 2468 stringo,
1961 2424 2092 2457 Home-

1127 2545 1175 2576 29)
1197 2543 1241 2576 ea]
1260 2545 1344 2569 Editt.
1360 2546 1455 2575 1546„
1475 2553 1497 2571 s,
1511 2552 1552 2571 a.:
1579 2548 1646 2572 haec

1129 2589 1332 2646 Bottiaoeidunt
1351 2589 1523 2620 Adverl›io:]
1550 2591 1633 2615 Editt.
1651 2592 1742 2623 1546„
1768 2599 1791 2618 s.
1805 2599 1846 2617 a.:
1878 2594 2016 2618 Adverbio
2041 2598 2090 2617 ac·

1162 2630 1187 2646 ei
1209 2626 1265 2648 unt.

1126 2666 1174 2694 31)
1195 2667 1344 2696 Derivata]
1364 2668 1413 2692 Ed.
1430 2675 1454 2693 s,
1469 2675 1511 2693 a.:
1537 2669 1700 2694 herivativa

1129 2710 1175 2741 32)
1197 2711 1305 2739 furtim]
1324 2711 1373 2735 Ed.
1393 2712 1467 2736 1546.
1490 2712 1607 2736 alternis
1620 2730 1627 2743 ,
1649 2713 1758 2742 furtum
1794 2713 1844 2738 Ed.
1861 2720 1883 2737 s.
1901 2719 1942 2737 a.:
1970 2714 2088 2744 alterae,

1164 2745 1258 2770 furtim
1581 2784 1627 2818 21
1652 2782 1669 2795 ἰ
