2389 3037
124 104 198 142 553
312 106 354 140 V-

409 102 671 139 HISTORIAE
702 102 946 148 QUAEDAM
978 102 1256 137 RECITATAE
1285 102 1436 138 INTER
1467 101 1708 137 PUBLICAS
1737 103 2021 143 LECTIONES.

227 192 366 227 XLVII.
397 193 486 227 Cum
500 193 724 226 Ratisbonae
740 192 898 225 delatum
918 198 1007 226 esset
1027 203 1135 237 quos-
1161 232 1162 235 Ἴ

123 248 206 280 dam
225 246 430 280 Germanos
449 246 497 278 ita
524 243 794 279 heluationibus
814 257 963 289 operam
990 245 1076 277 dare
1101 249 1137 276 et
1162 246 1163 253 ¹

122 299 172 334 sic
188 305 335 347 potare,
363 305 402 332 ut
418 298 566 345 quidam
595 298 632 330 in
657 298 881 342 periculosos
907 297 1056 330 morbos
1081 295 1135 328 in-

123 351 302 392 ciderent,
345 358 379 385 et
403 357 567 396 peterent
593 350 725 397 aliqui,
767 357 807 384 ut
829 356 971 383 caveret
996 348 1134 387 edictis,

121 410 161 438 ut
179 402 440 449 temperantius
460 403 644 443 viverent,
670 403 859 448 respondit
878 402 1029 435 Carolus
1046 400 1135 434 Cae-

121 468 199 490 sar:
224 457 322 501 Quid
341 455 498 489 faciam?
544 461 670 502 Aeque
691 462 761 496 est,
790 456 817 490 si
834 454 1027 489 Germanis
1045 453 1134 487 meis

119 506 334 554 prohibeam
350 508 558 554 potationes
570 537 578 549 ,
606 521 714 555 quam
732 507 903 553 Hispanis
920 507 1008 540 meis
1025 507 1133 540 furta.

224 568 381 604 XLVIII.
416 569 558 603 Romae
579 582 783 603 consessum
805 566 935 602 habuit
951 567 1050 612 Papa
1064 595 1072 607 ,
1100 573 1133 600 et

120 634 200 656 cum
219 623 261 655 de
280 621 542 656 reformatione
561 622 742 655 Ecclesiae
768 628 801 654 et
826 622 868 654 de
891 620 1060 654 tollendis
1079 619 1133 652 in-

118 674 268 708 utilibus
300 675 540 708 caeremoniis
567 674 667 719 Papa
702 674 867 714 dixisset,
911 673 1058 719 quidam
1091 685 1133 705 ex

119 726 364 761 cardinalibus
381 727 537 761 surrexit
555 739 594 759 ac
614 725 721 759 dixit:
755 725 835 760 Vox
860 725 1005 772 quidem
1019 753 1027 765 ,
1064 738 1133 758 vox

117 778 244 820 Iacob,
272 781 333 814 sed
354 791 484 812 manus
500 778 618 819 Esau,
655 785 689 811 et
705 792 790 812 mox
813 778 943 812 deinde
966 784 1132 811 mortuus

118 838 190 873 est,
216 831 380 866 fortassis
397 843 538 864 veneno
557 831 734 865 extinctus
754 838 817 866 est.

166 936 169 938 -
222 889 346 927 XLIX.
381 890 573 938 Philippus
594 893 791 939 aliquando
815 893 883 926 fuit
907 892 945 925 in
967 891 1133 925 examine

115 942 466 991 Ariabaptistarum,
504 952 538 978 et
563 945 712 992 quidam
739 959 781 978 ex
804 946 874 979 illis
899 945 1057 978 dicebat:
1096 943 1133 977 Si

117 998 242 1031 omnia
259 998 370 1031 biblia
388 998 425 1030 in
444 1004 519 1031 toto
547 999 634 1031 orbe
662 1005 843 1031 terrarum
872 997 908 1030 in
934 1009 1046 1031 unum
1074 1009 1133 1030 cu-

116 1050 258 1084 mulum
279 1056 396 1085 essent
412 1050 523 1083 relata
538 1077 546 1090 ,
576 1063 612 1084 se
632 1062 707 1083 non
725 1050 814 1083 velle
837 1063 956 1084 emere
976 1062 1049 1083 uno
1067 1061 1133 1082 nu-

116 1099 235 1143 mulo;
263 1103 320 1137 cui
335 1101 546 1148 Philippus:
577 1103 614 1136 Si
631 1115 756 1137 omnes
773 1103 944 1148 Papistae
963 1103 999 1135 in
1018 1115 1131 1136 unum

117 1155 300 1193 cumulum
327 1161 445 1189 essent
467 1155 593 1196 relati,
625 1155 733 1189 nauci
758 1168 803 1189 ne
829 1156 958 1200 dignos
984 1154 1132 1201 quidem

117 1207 245 1242 omnes
268 1208 524 1242 existimarem.

220 1267 263 1303 L.
298 1268 425 1303 Locris
443 1268 493 1301 ait
508 1265 773 1303 Demosthenes
792 1268 899 1303 fuisse
922 1268 1036 1313 legem
1050 1296 1059 1309 ,
1087 1281 1133 1302 ne
1160 1291 1161 1294 =

119 1327 182 1355 aut
200 1322 365 1356 absentes
377 1321 424 1369 25)
444 1322 538 1366 leges
564 1322 830 1365 abrogarentur
849 1328 911 1354 aut
927 1334 1044 1354 novae
1064 1321 1133 1354 fer-

117 1380 264 1415 rentur,
308 1375 370 1408 sed
403 1374 433 1407 si
462 1374 542 1420 quis
574 1380 667 1408 esset
690 1374 931 1419 abrogaturus
959 1374 1133 1420 aliquam,

119 1432 182 1460 aut
195 1438 332 1460 novam
348 1427 506 1467 laturus,
537 1433 761 1471 proponeret
785 1439 886 1461 suam
914 1427 1131 1460 sententiam

117 1479 261 1524 publice
277 1486 377 1514 stans
395 1480 487 1514 collo
511 1477 648 1513 inserto
678 1479 714 1512 in
738 1480 930 1526 laqueum,
967 1486 1001 1512 et
1024 1479 1054 1513 si
1078 1480 1135 1512 lex

117 1532 256 1577 populo
276 1533 489 1579 placuisset,
518 1531 756 1574 liberaretur,
785 1533 841 1567 sin
864 1538 985 1565 autem
1010 1531 1134 1577 displi-

119 1584 270 1633 cuisset,
322 1585 455 1632 laqueo
496 1586 690 1619 constricto
723 1598 808 1619 mox
845 1585 1134 1630 strangularetur

119 1643 237 1671 autor.

222 1705 281 1740 LI.
316 1706 496 1747 Baldum,
525 1707 589 1753 qui
609 1707 810 1741 abundavit
836 1707 1004 1751 ingenio,
1032 1707 1136 1740 aiunt

119 1759 229 1794 semel
263 1759 558 1803 peregrinantem
594 1760 860 1803 interrogatum
895 1760 938 1792 de
975 1760 1133 1805 quadam

118 1811 314 1845 difficiliori
339 1812 572 1857 quaestione,
597 1812 845 1856 respondisse,
874 1824 910 1846 se
937 1824 1033 1845 nunc
1059 1824 1135 1845 nou

118 1876 222 1910 posse
240 1865 481 1909 respondere,
507 1865 591 1911 quia
611 1865 732 1899 triduo
754 1878 772 1898 a
788 1865 903 1899 literis
921 1864 1103 1899 abfuisset.

222 1932 298 1968 LII.
335 1932 410 1968 Lex
434 1934 501 1969 fuit
531 1936 628 1980 apud
652 1936 831 1975 Graecos,
866 1941 906 1969 ut
933 1935 1135 1968 afficeretur

118 1986 321 2032 ignominia
346 1987 427 2028 ille,
472 1987 534 2034 qui
560 1989 724 2034 clypeum
754 1988 931 2022 amisisset
960 1987 997 2020 in
1026 1987 1134 2028 bello,

118 2051 194 2073 non
221 2040 318 2085 ipse,
354 2040 416 2086 qui
442 2041 623 2085 gladium,
660 2041 745 2087 quia
770 2041 894 2087 potior
918 2053 1001 2074 cura
1029 2040 1135 2074 debet

121 2104 195 2127 esse
214 2093 431 2126 defendendi
452 2106 561 2139 quam
580 2093 761 2127 laedendi.

224 2160 316 2195 thI.
360 2160 618 2206 Epitaphium:
659 2162 733 2208 Qui
767 2174 858 2196 auro
894 2175 984 2207 opus
1013 2159 1135 2203 habet,

119 2213 184 2249 hic·
211 2214 384 2248 inveniet.

122 2373 277 2419 aperire.
323 2372 393 2406 Sed
410 2370 499 2406 haec
517 2373 625 2406 verba
649 2372 685 2406 in
705 2370 897 2417 sepulchro
923 2374 1055 2418 scripta
1075 2373 1136 2407 Se-

123 2425 287 2459 miramis
310 2426 434 2470 regina
461 2424 689 2471 Babyloniae
719 2425 905 2459 constituit
929 2432 1010 2471 post
1038 2439 1136 2460 mor-

123 2484 195 2511 tem
214 2490 314 2512 suam
335 2477 372 2511 in
391 2476 622 2524 sepulchrum
641 2475 711 2510 hoc
731 2475 968 2523 epitaphium.

160 2596 208 2627 25)
228 2595 374 2628 absentes]
395 2596 434 2621 sic
454 2597 481 2621 in
503 2598 571 2623 Cod.
591 2596 694 2627 legitur
714 2603 779 2627 pro:
806 2598 936 2628 veterem
961 2600 1033 2624 conf.
1055 2600 1136 2626 huius

196 2632 279 2662 Coi-p.
299 2632 364 2656 vol.
378 2632 467 2658 xvu.
488 2640 512 2663 p.
525 2633 706 2663 877—830.,
727 2632 770 2656 ubi
789 2632 848 2656 fere
860 2633 930 2657 idem
946 2635 1065 2660 relatum
1082 2638 1135 2662 est.
1163 2646 1165 2666 ς

158 2676 208 2705 26)
229 2675 349 2705 Darius]
382 2676 423 2699 sic
454 2676 481 2700 in
515 2677 641 2709 margine
675 2676 778 2707 tegitur
810 2682 860 2707 pro
892 2678 1001 2702 nornine
1027 2680 1135 2705 deleto:
1164 2690 1165 2694 ¹

197 2711 307 2742 Cyrus,
337 2712 409 2742 quod
436 2712 462 2735 in
488 2712 565 2736 textu
592 2712 707 2742 primum
734 2713 795 2735 erat
822 2711 965 2742 scriptum.
985 2727 1020 2732 —
1059 2716 1135 2746 Qua-

195 2748 311 2806 Ῑόιέιῐιέἑετ
338 2746 420 2770 ettam
446 2753 495 2778 pro
518 2747 698 2778 praecedenti
724 2747 834 2772 nomine
863 2748 994 2779 „Cyro”
1018 2752 1135 2782 scripsi:

459 2214 549 2248 Cum
585 2227 671 2248 vero
705 2215 911 2260 Babylonia
945 2215 1134 2248 obsidione
1162 2231 1164 2252 1

120 2274 225 2313 capta
254 2274 344 2301 esset
371 2279 389 2299 a
415 2266 552 2308 Dario,
589 2280 629 2300 ac
652 2266 843 2313 Darius‘ffl)
869 2267 994 2302 videns
1018 2268 1135 2313 sepul·
1162 2298 1164 2304 ,

122 2318 272 2367 chrum,
295 2320 490 2366 legensque
508 2317 754 2365 epitaphium,
783 2321 910 2354 awdus
934 2333 1013 2354 auri
1033 2327 1136 2354 iusstt
1163 2338 1164 2371 j
1190 2349 1302 2389 ictus,
1329 2350 1405 2384 Sive
1423 2364 1497 2385 non
1554 2361 1759 2389 commotus
1779 2361 1829 2389 est
1854 2356 1906 2390 rei
1930 2356 2147 2393 indiunifflte
2172 2366 2206 2393 et

1510 2379 1518 2392 ³
2010 2384 2028 2402 t>

2131 108 2208 148 534

1297 189 1404 225 LlIlI.
1441 191 1530 225 Cum
1553 191 1699 225 Monica
1712 192 1760 239 27)
1787 202 1904 229 mater
1921 197 2113 242 Augustini
2132 199 2205 232 Ro-

1191 255 1286 276 mam
1306 244 1468 283 veniret,
1500 256 1540 276 ac
1558 244 1696 278 videret
1714 246 1827 280 filium
1848 249 1926 283 aliis
1945 250 1994 283 ibi
2013 252 2065 284 uti
2086 265 2204 286 caere-

1190 296 1342 335 moniis,
1394 308 1502 341 quam
1538 296 1759 339 Mediolani,
1803 300 2042 347 interrogavit
2077 305 2204 343 filium,

1190 360 1304 394 quare
1337 348 1415 381 aliis
1448 354 1610 381 uteretur
1644 353 1882 388 caeremoniis
1918 369 2026 401 quam
2060 357 2204 392 soleret.

1188 400 1393 445 Respondit
1408 401 1651 445 Augustinus:
1679 402 1819 437 Romae
1838 414 1983 450 oportet
2002 422 2057 442 me
2078 423 2203 444 serun-

1188 454 1274 486 dum
1295 453 1548 487 Romanorum
1571 454 1692 488 vivere
1715 459 2034 502 consuetudinem,
2064 462 2203 496 Medio-

1188 506 1262 538 lani
1284 507 1481 540 secundum
1502 506 1846 544 Mediolanensium.

1189 565 1313 603 postea
1335 557 1372 592 hi
1389 571 1531 593 versus:

1361 619 1391 644 Si
1412 620 1519 643 Romae
1537 626 1586 648 eS,
1615 621 1741 646 Romano
1761 622 1850 648 vivito
1869 630 1966 655 more,

1401 664 1430 688 si
1451 664 1539 688 fueris
1557 665 1640 697 alibi,
1666 666 1754 691 vivito
1774 667 1846 691 sicut
1864 668 1909 693 ibi.

1911 510 1996 546 Inde
2017 515 2095 547 nati
2119 522 2202 549 sunt

1293 716 1370 752 LV.
1412 718 1528 752 Senex
1561 721 1789 754 consiliarius
1813 722 1998 757 cuiusdam
2027 725 2201 772 principis

1189 769 1279 803 dixit
1298 771 1344 803 ad
1360 768 1591 816 Philippum:
1630 772 1821 806 Minantur
1840 773 1929 808 mihi
1948 777 2010 810 alii
2035 780 2202 813 consiIIa-

1188 822 1254 863 rii,
1276 835 1312 856 se
1332 836 1390 857 me
1409 824 1640 868 deposituros
1658 827 1702 859 de
1720 839 1801 860 meo
1821 828 1938 861 officio
1951 856 1960 869 ,
1989 831 2051 863 sed
2069 832 2201 866 sacient

1188 873 1280 908 mihi
1310 887 1385 909 rem
1414 883 1576 920 gratam,
1621 890 1687 911 nec
1717 878 1854 923 gratius
1881 880 1944 914 illo
1969 881 2059 916 mihi
2083 884 2200 918 facere

1188 927 1348 972 possint,
1394 928 1442 962 ita
1468 929 1564 962 enim
1591 943 1733 974 possem
1759 931 1812 966 uti
1836 932 1956 978 quiete
1981 934 2019 968 in
2039 949 2119 970 mea
2148 950 2201 972 se-

1188 987 1344 1014 nectute.

1293 1049 1386 1084 LVI.
1423 1049 1654 1087 Theodosius
1681 1067 1760 1087 cum
1789 1055 1928 1090 videret
1951 1057 2019 1091 sibi
2043 1060 2203 1093 morien-

1189 1103 1274 1136 dum
1296 1116 1390 1144 esse,
1420 1104 1550 1139 dixisse
1568 1106 1701 1147 fertur,
1729 1120 1765 1141 se
1783 1116 1935 1153 propter
1960 1111 2097 1145 nullam
2125 1125 2202 1146 rem

1188 1155 1304 1199 magis
1338 1156 1532 1190 sollicitum
1560 1171 1634 1192 esse
1659 1172 1769 1205 quam
1794 1169 1947 1207 propter
1977 1169 2110 1198 statum
2137 1165 2205 1199 Ec-

1188 1208 1327 1242 clesiae.

1290 1277 1400 1313 LVII.
1436 1278 1572 1314 Brutus
1593 1293 1673 1314 cum
1692 1281 1763 1315 iam
1784 1284 1984 1319 moriturus
2002 1294 2105 1328 esset,
2135 1289 2204 1321 cla-

1188 1330 1319 1364 mavit:
1350 1331 1384 1364 O
1402 1330 1557 1377 Iupiter,
1587 1334 1647 1366 det
1668 1347 1804 1379 poenas
1829 1337 2001 1384 quisque,
2040 1341 2204 1386 quisquis

1189 1390 1240 1417 est
1265 1396 1370 1417 causa
1397 1381 1529 1417 horum
1557 1386 1757 1426 malorum;
1800 1395 1833 1422 et
1859 1403 1995 1434 paucos
2022 1399 2106 1437 post
2130 1393 2205 1428 dies

1188 1442 1355 1470 mortuus
1373 1443 1424 1470 est
1441 1438 1623 1472 Antonius
1632 1438 1693 1486 28).

1294 1504 1418 1540 LVIII.
1464 1506 1549 1541 Fuit
1578 1508 1615 1540 in
1645 1509 1776 1543 vicinia
1808 1511 1956 1557 quidam
1993 1514 2125 1549 nobilis
2162 1528 2204 1549 ex

1189 1559 1385 1603 praecipua
1420 1560 1555 1593 familia
1588 1558 1971 1608 Schulenburgorum,
2014 1566 2043 1601 is
2079 1580 2205 1602 recens

1161 1641 1162 1644 ,
1189 1612 1259 1644 iter
1274 1612 1393 1645 facere
1412 1613 1527 1647 voluit
1554 1613 1590 1646 in
1608 1613 1834 1656 Holsatium‚
1865 1624 1898 1650 et
1927 1631 2047 1652 secum
2077 1618 2207 1654 habuit

1190 1665 1235 1697 ad
1254 1665 1321 1697 tria
1343 1665 1454 1698 millia
1476 1678 1671 1700 aureorum
1684 1695 1693 1707 ,
1722 1668 1757 1700 in
1777 1670 1931 1704 transitu
1950 1678 2069 1705 autem
2088 1673 2206 1706 diver·

1162 1749 1163 1753 ,
1190 1716 1232 1749 tit
1251 1716 1288 1749 in
1316 1718 1448 1750 ducatu
1467 1717 1742 1763 Lunobergensi
1770 1721 1806 1754 in
1832 1723 2017 1768 quoddam
2044 1725 2205 1760 diverso-

1190 1769 1307 1809 rium,
1336 1782 1408 1815 quo
1426 1771 1518 1804 forte
1540 1771 1636 1804 venit
1659 1779 1767 1807 notus
1793 1774 1845 1806 ilii
1872 1788 1980 1822 eques
2005 1790 2046 1811 ex
2070 1779 2206 1812 ducatu

1190 1819 1516 1867 Mechelburgensi.
1579 1823 1626 1857 Et
1649 1825 1733 1871 quia
1757 1826 1795 1859 in
1818 1828 2029 1872 regionibus
2054 1830 2130 1865 istis
2154 1838 2206 1865 est

1162 1876 1163 1880 ’
1191 1875 1376 1920 quoddam
1394 1888 1506 1920 genus
1524 1877 1727 1912 officiorum
1754 1885 1903 1923 potare,
1941 1894 2096 1930 cumque
2124 1897 2207 1929 per-

1190 1927 1375 1961 duxissent
1392 1929 1600 1962 convivium
1616 1943 1679 1974 per
1696 1932 1845 1965 multam
1864 1941 2007 1968 noctem
2019 1963 2028 1975 ,
2055 1935 2206 1972 lacobus

1190 1992 1208 2013 a
1228 1978 1480 2026 Schulenburg
1503 1983 1618 2016 voluit
1644 1983 1695 2017 ire
1719 1985 1942 2027 dormitum,
1970 1996 2114 2023 coactus
2132 1991 2205 2023 sor-

1162 2046 1163 2049 *
1189 2039 1283 2066 tasse
1302 2034 1533 2078 negotiorum
1553 2037 1784 2077 necessitate,
1815 2044 1889 2072 tum
1910 2039 2001 2073 alter
2018 2053 2128 2087 eques
2149 2054 2204 2076 re-

1189 2086 1298 2118 tinuit
1325 2086 1448 2128 illum,
1484 2094 1518 2121 et
1534 2089 1668 2133 coegit,
1698 2097 1737 2124 ut
1762 2090 1903 2125 biberet
1925 2093 2080 2137 largius,
2114 2096 2206 2128 sicut

1189 2150 1269 2172 mos
1293 2145 1345 2172 est
1368 2140 1502 2174 nostris
1525 2138 1737 2177 hominibus
1762 2142 1801 2176 in
1824 2144 1888 2177 tali
1918 2145 2120 2181 officiorum
2147 2161 2205 2193 ge-

1162 2210 1164 2225 2
1189 2203 1276 2224 nere
1298 2192 1474 2237 ineptire;
1502 2195 1563 2227 sed
1583 2192 1892 2240 Schulenburgius
1917 2199 2036 2233 noluit
2059 2213 2096 2234 se
2121 2201 2205 2235 reti-

1189 2244 1290 2284 neri,
1321 2247 1417 2290 quod
1439 2246 1530 2279 alt'er
1548 2247 1585 2280 in
1605 2255 1854 2293 contemptum
1873 2250 1928 2284 sui
1954 2253 2155 2297 accipiebat
2171 2260 2207 2288 et

1192 2297 1385 2331 abeuntem
1412 2296 1587 2333 cantharo
1606 2301 1721 2345 petiit.
1776 2300 2107 2349 Schulenburgius,
2129 2306 2206 2341 sive

1189 2403 1355 2448 sequenti
1379 2416 1415 2437 se
1441 2417 1553 2449 puero
1580 2407 1741 2451 gladium
1767 2421 1784 2441 e
1808 2409 1936 2453 vagina
1963 2411 2118 2456 eripuit,
2154 2418 2206 2446 at-

1190 2468 1260 2501 que
1279 2455 1436 2501 equitem
1456 2459 1646 2495 transfixit.
1699 2459 1759 2494 Fit
1784 2462 1959 2497 tumultus
1983 2463 2021 2497 in
2045 2465 2206 2506 aedibus,

1190 2515 1414 2542 concurrunt
1432 2510 1558 2544 famuli
1577 2525 1617 2545 ac
1636 2513 1743 2547 vicini
1756 2541 1765 2553 ‚
1802 2521 1837 2548 et
1855 2515 2077 2550 interficiunt
2092 2515 2205 2550 Schu-

1162 2563 1164 2593 i
1188 2560 1380 2605 lenburgio
1398 2563 1490 2597 duos
1507 2564 1661 2600 famulos
1674 2594 1683 2608 ‚
1713 2573 1748 2600 et
1763 2566 1839 2612 ipse
1859 2568 1917 2603 vix
1936 2569 2071 2603 relictis
2088 2569 2206 2603 omni-

1163 2700 1165 2713 l

1189 2614 1256 2648 hus
1273 2614 1396 2649 evasit.

1225 2738 1274 2771 27)
1295 2739 1417 2773 nonina]
1438 2741 1478 2765 stc
1498 2742 1617 2772 scripsi,
1643 2743 1709 2767 Cod.
1731 2744 1826 2769 habet:
1849 2744 1974 2768 moniatts

1226 2785 1275 2811 28)
1295 2783 1447 2817 Antonius]
1469 2785 1552 2811 (Ἆπις
1579 2787 1735 2811 Anthonius

1667 2823 1716 2857 34
1731 2821 1749 2837 '²'
