2421 3037
308 132 381 168 271

412 216 476 251 lios
500 217 700 249 ardeliones

415 283 435 302 o
460 269 661 301 ardeliones

413 321 456 352 ab
483 317 537 352 his
565 317 820 350 ardelionibns.

728 384 879 429 Excipe:

861 448 969 469 nemo
999 438 1152 472 neminis

861 486 994 531 Apollo
1023 489 1213 534 Apollinis.

410 437 530 470 Homo
558 435 716 470 hominis

411 489 505 522 Anio
531 488 680 522 Anienis
692 487 739 532 88)

556 556 770 600 paradigma
801 555 837 587 in
866 556 913 588 do
943 563 975 589 et
1005 570 1062 601 go.

620 607 707 641 haec
734 607 853 650 imago

620 658 727 693 huius
752 658 917 702 imaginis

621 710 704 745 huic
731 710 878 754 imagini

621 761 714 796 hanc
741 761 933 805 imaginem

621 828 642 848 o
670 814 788 858 imago

621 867 665 899 ab
692 863 758 898 hac
785 864 952 908 imagine.

672 924 867 959 Pluraliter
883 924 941 969 ⁸⁹).

620 975 688 1010 hae
713 976 887 1019 imagines

620 1027 750 1062 harum
778 1027 976 1071 imaginum

618 1078 674 1114 his
702 1079 920 1124 imaginibus

619 1130 684 1166 has
709 1131 884 1175 imagines

621 1196 642 1217 o
668 1183 842 1228 imagines

620 1236 665 1268 ab
689 1233 745 1269 his
770 1234 998 1279 imaginibus.

576 1295 729 1340 Excipe:
765 1295 858 1328 Caro
888 1294 1016 1328 carnis.

411 1358 540 1391 Pondo
563 1362 732 1390 neutrum
759 1362 829 1396 est,
858 1355 1111 1389 indeclinabile
1135 1355 1309 1400 singulari

307 1424 347 1445 ac
364 1409 496 1456 plurali
513 1420 678 1443 numero.
718 1407 911 1441 Falluntur
930 1407 1046 1447 enim,
1074 1407 1135 1453 qui
1153 1407 1309 1451 singula-

307 1464 406 1497 ribus
424 1460 693 1495 accommodari
712 1472 815 1504 posse
835 1466 979 1504 negant.
1039 1459 1132 1493 Nam
1153 1465 1187 1492 et
1204 1471 1311 1492 coro-

307 1528 391 1548 nam
418 1514 541 1558 pondo
566 1512 667 1552 auri,
696 1518 729 1544 et
748 1511 877 1544 libram
897 1512 1040 1555 pondo,
1068 1510 1192 1543 Livius
1210 1511 1309 1544 dixit.

306 1567 437 1600 Pondo
461 1564 608 1609 proprie
631 1563 806 1607 significat
824 1574 936 1596 assem
955 1575 1017 1596 seu
1035 1562 1162 1595 libram
1177 1589 1185 1601 ‚
1214 1564 1309 1596 unde

309 1618 515 1663 dupondius
534 1614 654 1660 θείω).
708 1613 771 1648 Est
790 1620 824 1647 et
839 1626 904 1658 pro
922 1615 1083 1659 pondere
1101 1613 1311 1658 simpliciter

309 1675 542 1714 usurpatum,
587 1679 666 1700 cum
696 1665 857 1699 additum
885 1672 935 1700 est
964 1666 1178 1699 vocabulum
1207 1666 1309 1700 libra.

309 1722 366 1756 Sic
385 1720 481 1754 enim
502 1719 625 1752 Livius
644 1718 712 1758 ait,
740 1717 848 1750 Libra
866 1718 989 1762 pondo
1011 1717 1089 1751 auri
1117 1724 1182 1751 etc.

412 1779 566 1824 Propria
594 1779 631 1811 in
654 1791 675 1811 o
702 1777 921 1817 foeminina,
957 1778 1170 1822 regulariter
1189 1777 1310 1811 Latini

310 1832 514 1871 declinant,
535 1837 576 1864 ut

624 1879 710 1914 haec
734 1879 824 1913 Iuno

624 1931 731 1967 buius
752 1931 912 1966 Iunonis.

414 1987 551 2020 Graeca
571 1985 678 2018 etiam
700 1984 735 2016 in
753 1997 773 2016 o
792 1991 927 2017 veteres
943 1984 992 2017 sic
1011 1984 1251 2022 declinarunt,
1274 1989 1313 2015 ut

624 2034 713 2069 haec
741 2033 888 2080 Sappho

626 2086 731 2121 huius
755 2085 970 2131 Sapphonis.

414 2140 550 2174 Verum
583 2152 666 2173 usus
699 2139 874 2179 obtinuit,
918 2144 956 2171 ut
987 2138 1124 2172 Graeca
1157 2138 1312 2171 declina-

311 2193 410 2226 tione
428 2192 618 2225 ssectantur
638 2191 773 2225 Graeca
790 2205 795 2223 ;

626 2241 713 2276 baec
738 2239 886 2287 Sappho

624 2293 729 2328 huius
754 2292 919 2338 Sapphus
931 2293 978 2339 ⁹¹)

624 2344 707 2379 huic
731 2344 878 2390 Sappho
895 2345 941 2391 ⁹¹)

626 2396 719 2431 banc
747 2395 950 2441 Sapphoffl)

347 2518 396 2550 83)
415 2518 546 2546 Anienis]
568 2519 608 2541 sic
622 2518 704 2542 Edita.
719 2518 805 2547 ¹529„
822 2518 907 2546 1546„
924 2525 946 2542 s.
963 2524 1004 2546 a.;
1025 2518 1073 2542 Ed.
1087 2516 1161 2541 1526.
1177 2515 1313 2540 Anientis.

348 2561 396 2593 89)
419 2563 477 2586 uae
497 2562 603 2585 formae
625 2562 698 2586 Plur.
720 2561 745 2584 in
768 2562 814 2584 Ed.
837 2569 859 2583 s.
881 2567 905 2584 a.
925 2562 1025 2586 desunt
1046 2567 1149 2585 omneS.

348 2604 396 2636 90)
417 2605 570 2635 dupondius
591 2606 656 2633 est]
678 2604 758 2628 Edztt.
780 2605 872 2628 1546..
900 2612 923 2627 s.
944 2611 968 2628 a.
989 2605 1108 2628 addunt:
1136 2604 1160 2627 id
1180 2605 1237 2633 est,
1262 2603 1315 2627 duo

383 2645 474 2663 asses.

348 2683 398 2711 91)
419 2683 562 2713 Sapphus,
583 2683 710 2712 sappho,
737 2681 858 2714 sappho]
880 2682 920 2705 sic
941 2682 990 2706 Ed.
1011 2688 1034 2707 s,
1054 2688 1095 2711 a.;
1122 2681 1205 2705 Editt.
1230 2680 1316 2710 1526.,

387 2717 473 2748 1529„
489 2718 563 2741 1546.
583 2717 727 2748 σιιπφούς,
746 2716 852 2748 Gasima}
868 2716 932 2747 (Ed.
947 2716 1019 2741 1529.
1040 2715 1159 2749 σαπφῴ,
1179 2715 1315 2741 Ed.1546.

386 2751 528 2784 Sappho),
549 2751 657 2784 σαπψώ

883 130 1005 164 PHlL.
1042 130 1155 165 MEL.
1184 130 1388 165 SCRIPTA
1423 129 1763 165 PHILOLOGICA.

2286 133 2361 171 272

1674 230 1694 249 o
1721 215 1868 262 Sappho

1673 268 1716 300 ab
1741 266 1806 301 bac
1830 265 1990 312 Sappho.

1841 327 1879 361 C.

1467 378 1550 412 Duo
1567 384 1704 411 tantum
1723 385 1805 412 sunt
1827 379 1974 412 nomina
1988 405 1995 417 ,

1466 428 1534 463 hoc
1560 430 1633 470 lac,
1741 437 1774 463 et
1796 429 1863 464 hoc
1886 428 1999 464 halec.

1468 482 1546 514 Hoc
1572 482 1626 514 lac
1864 482 2013 515 Plautus
2047 488 2081 514 et
2113 479 2183 514 hoc
2211 481 2300 514 lacte
2326 481 2362 514 in

1466 531 1573 567 buius
1600 533 1700 567 lactis
1864 532 2090 567 nominativo
2131 532 2218 566 dicit
2266 531 2362 582 [Me-

1467 583 1551 618 huic
1573 585 1655 618 lacti
1864 582 2025 618 naecbm.
2043 582 2079 625 5,
2098 584 2134 625 9,
2152 582 2249 633 30]-

1467 634 1535 670 hoc
1559 637 1613 670 lac

1469 700 1489 720 o
1516 689 1569 721 lac
1583 688 1630 734 92)

1467 740 1512 772 ab
1535 737 1603 773 boc
1627 740 1727 772 lacte.

1661 799 1805 833 Plurale
1827 799 2063 833 desideratur.

1467 850 1559 885 Nam
1586 852 1692 885 lactes
1719 851 1856 895 plurale
1884 857 2043 891 tantum,
2079 850 2362 895 significatinte-

1363 902 1455 935 stina
1469 929 1477 943 ,
1504 900 1746 950 γαλακτίδας.

1678 952 1746 987 hoc
1769 952 1870 986 halec

1675 1003 1780 1039 huius
1803 1003 1934 1038 halecis

1677 1055 1760 1090 huic
1784 1055 1899 1090 haleci

1676 1107 1745 1142 hoc
1768 1106 1869 1141 halec
1884 1107 1944 1154 98).

1584 1168 1818 1202 Desideratur
1847 1175 1881 1201 et
1907 1166 1963 1201 hic
1988 1168 2138 1213 plurale.

1796 1237 1857 1271 AL
1871 1238 1932 1284 8²).

1466 1297 1506 1331 In
1532 1299 1584 1338 al,
1620 1298 1647 1332 is
1674 1298 1847 1332 adiiciunt
1872 1297 2118 1337 nominativo,
2157 1295 2362 1343 habentque

1365 1350 1490 1395 longas
1514 1350 1741 1394 penultimas.

1748 1408 1978 1452 Paradignia.

1677 1459 1744 1494 hoc
1769 1459 1919 1503 vectigal

1675 1510 1781 1545 huius
1803 1510 1983 1555 vectigalis

1676 1562 1758 1597 huic
1783 1562 1946 1606 vectigali

1678 1614 1746 1648 boc
1774 1614 1924 1658 vectigal

1679 1680 1699 1700 o
1721 1666 1871 1710 vectigal

1677 1719 1721 1751 ab
1748 1716 1816 1751 hoc
1839 1716 2015 1761 vectigali.

1763 1777 1969 1812 pluraliter.

1679 1829 1765 1864 haec
1789 1829 1974 1874 vectigalia

1681 1881 1809 1915 horum
1837 1881 2062 1925 vectigalium

1679 1931 1732 1968 his
1756 1933 1999 1977 vectigalibus.

1471 1996 1530 2029 Sal
1547 1995 1647 2034 salis,
1676 1994 1832 2039 priorem
1859 1994 2002 2026 brevem
2030 1991 2149 2028 habet.
2205 1993 2365 2028 Catullus

1367 2047 1450 2097 [87‚
1467 2045 1540 2095 4.]:
1568 2046 1607 2080 In
1627 2053 1703 2079 toto
1723 2058 1796 2078 non
1814 2051 1865 2079 est
1884 2058 2036 2090 corpore
2056 2045 2147 2079 mica
2166 2045 2261 2080 salis.
2308 2045 2366 2079 Sic

1367 2108 1401 2133 et
1420 2099 1630 2144 peregrina,
1659 2098 1840 2130 Hannibal
1862 2097 2085 2131 Hannibalis.

1827 2165 1900 2201 EL.

1471 2218 1509 2252 ln
1528 2220 1559 2252 el
1573 2219 1645 2252 duo
1668 2225 1769 2258 sunt,
1801 2219 1870 2251 mel
1889 2225 1923 2252 et
1937 2218 1996 2252 sel.

1573 2270 1641 2304 hoc
1664 2270 1732 2302 mel
1890 2270 1947 2304 sie
1971 2268 2039 2304 hoc
2062 2270 2120 2311 fel,

1578 2321 1682 2356 huius
1711 2322 1824 2356 mellis
1889 2320 1994 2356 buius
2018 2322 2118 2356 sellis.

1576 2372 1659 2407 huic
1686 2374 1782 2407 nielli

1576 2424 1644 2459 hoc
1668 2426 1737 2458 mel

1577 2491 1598 2509 o
1624 2479 1693 2510 mel
1708 2477 1756 2522 9⁵)

1578 2530 1621 2562 ab
1646 2527 1714 2563 hoc
1734 2530 1850 2563 melle.

1403 2615 1452 2643 92)
1473 2614 1521 2638 nie
1541 2614 1639 2639 Vocat.
1661 2615 1686 2638 in
1706 2614 1790 2638 Editt.
1812 2614 1903 2645 1526.‚
1927 2613 2018 2643 152⁹„
2041 2612 2115 2637 154⁶.
2135 2611 2225 2639 deest.

1403 2659 1452 2687 93)
1474 2659 1521 2682 Ed.
1542 2665 1566 2684 s.
1586 2664 1611 2684 a.
1631 2659 1706 2683 addit
1728 2659 1793 2684 voc.
1815 2660 1842 2682 et
1862 2658 1937 2683 Ab1.:
1963 2655 1979 2681 ὀ
2000 2657 2094 2688 halec,
2113 2657 2148 2681 ab
2165 2657 2217 2682 hoo
2234 2656 2337 2681 halece.

1403 2702 1452 2734 94)
1473 2703 1544 2730 An]
1565 2704 1613 2728 Ed.
1636 2703 1708 2727 ¹526.
1728 2704 1759 2729 [ι.

1404 2747 1452 2777 95)
1474 2746 1522 2772 uic
1542 2747 1609 2771 Voc.
1629 2748 1662 2770 ab
1683 2747 1765 2770 mitt.
1785 2745 1856 2770 1526.
1870 2762 1876 2772 ,
1900 2745 1992 2774 1529.,
2014 2745 2089 2770 1546.
2109 2746 2197 2769 abest.
