2389 3037
100 116 176 155 529
288 115 332 151 V.

99 204 198 238 venit
213 203 272 237 ille
288 215 442 248 sponsus
467 215 547 235 cum
574 201 647 235 suis
671 202 856 236 sodalibus
883 202 928 235 ad
953 201 1111 246 nuptias,
1137 220 1140 225 v

98 268 252 303 cumque
277 255 349 289 iam
381 253 473 289 hora
506 260 657 300 quarta,
698 254 802 288 sicuti
829 255 879 287 ibi
907 254 1019 287 moris
1047 260 1110 293 est,

97 308 295 354 ingressuri
317 314 433 342 essent
458 307 655 351 templum,
693 319 786 340 unus
815 319 857 340 ex
884 306 1010 346 sociis,
1048 305 1111 351 qui

97 374 271 406 sponsum
291 359 453 394 comitati
476 360 641 399 fuerant,
677 359 798 404 coepit
823 360 861 392 in
884 356 1108 404 hypocausto

96 413 252 459 ineptire
270 419 304 446 et
320 413 444 446 ludere
461 424 540 445 cum
557 411 773 452 bombarda,
803 411 957 456 opponit
975 422 1108 455 sponso

95 466 334 499 bombardam
369 465 408 497 in
445 465 595 498 modum
628 464 831 497 minitantis
873 475 938 508 per
975 463 1109 502 iocum,

95 518 296 552 bombarda
325 517 518 551 eiaculavit
544 517 713 561 globum,
749 522 784 549 et
807 515 976 548 interficit
1001 526 1108 559 spon-

94 583 175 605 sum
203 581 245 603 eo
272 572 351 614 ipso
374 570 413 603 in
439 570 540 610 loco,
569 576 604 603 et
629 568 803 602 continuo
831 568 1024 613 procidens
1051 579 1108 600 ex-

94 622 228 657 tinctus
247 628 316 661 est3
354 622 416 656 alii
442 623 567 656 dicunt
594 633 764 666 sponsam
790 632 809 653 a
837 632 972 665 sponso
997 620 1109 653 inter-

93 675 224 709 fectam
243 687 338 716 esse,
367 676 465 722 quod
485 675 599 708 multo
619 673 757 708 tristius
775 679 838 707 est.

199 743 342 779 XXXV.
382 744 542 778 Lazarus
569 743 803 778 Pannonicus
831 743 1015 789 professor
1039 743 1108 777 Pa-

94 797 240 832 tavinus
266 797 557 842 interrogaverat
579 796 777 842 aliquando
805 796 962 841 puellam
990 796 1108 830 obses—

92 862 170 884 sam
189 861 209 882 a
226 849 383 883 Diabolo
396 876 405 890 ‚
435 862 529 895 quae
546 861 737 895 nunquam
755 849 949 895 quicquam
973 848 1108 882 didice-

93 908 152 935 rat
174 901 306 943 latine,
340 901 403 948 qui
428 908 519 936 esset
545 901 704 946 optimus
730 913 854 935 versus
878 901 916 933 in
939 900 1106 945 Virgilio.

92 953 299 999 Respondit
320 953 498 988 Diabolus
526 967 567 987 ex
594 954 730 998 puella:
766 953 902 988 Discite
929 952 1106 987 iustitiam

93 1006 226 1040 moniti
244 1013 278 1040 et
295 1018 371 1040 non
389 1013 550 1040 temnere
567 1005 763 1051 (livosffa).

190 1074 356 1119 XXXVI.
402 1076 492 1110 Cum
529 1075 756 1122 aliquamdiu
790 1075 981 1109 mediocris
1017 1075 1107 1108 cari-

93 1127 206 1176 tas¹⁶)
226 1140 394 1162 annonae
413 1135 504 1163 esset
515 1128 560 1175 l⁷)
579 1135 613 1161 et
630 1129 778 1162 tandem
797 1129 992 1168 leniretur,
1026 1140 1106 1161 eve-

92 1177 148 1214 hit
173 1193 215 1214 ex
237 1181 363 1215 salinis
386 1181 573 1215 Saxonicis
599 1181 748 1226 quidam
774 1181 947 1221 rusticus,
983 1180 1105 1225 quiin

92 1233 221 1266 urbem
237 1233 424 1266 invexerat
440 1234 678 1275 frumentum,
702 1239 743 1266 ut
758 1234 943 1273 venderet,
973 1238 1007 1265 et
1024 1245 1104 1266 cum

92 1284 201 1319 vilius
221 1286 417 1330 cogebatur
433 1286 590 1319 vendere
614 1292 765 1330 propter
785 1286 916 1319 factam
941 1291 1027 1318 tunc
1050 1297 1106 1318 re-

92 1336 334 1378 laxationem,
377 1338 513 1379 doluit,
563 1339 647 1384 quia
687 1338 842 1371 multum
879 1338 1103 1371 frumentum

92 1389 194 1422 domi
236 1387 433 1430 habuerat,
482 1396 517 1423 et
548 1391 736 1423 caritatem
775 1391 990 1423 duraturam
1030 1402 1104 1425 esse

91 1448 302 1486 speraverat
320 1454 493 1486 magnum
512 1442 670 1481 lucru1n;
700 1442 793 1476 sedit
809 1442 919 1486 igitur
939 1443 976 1475 in
996 1455 1105 1476 curru

91 1500 265 1534 moestus,
291 1501 327 1528 et
342 1494 507 1528 minister
522 1494 630 1535 illius,
658 1495 720 1541 qui
737 1495 965 1539 gubernabat
980 1507 1105 1540 equos,

91 1558 154 1580 seu
170 1545 295 1590 auriga
314 1547 477 1581 canebat.
516 1547 685 1581 Rusticus
703 1548 867 1592 increpat
885 1546 1105 1588 ministrum,
1131 1577 1133 1583 ,

92 1610 208 1643 quare
240 1605 357 1633 canat.
419 1598 624 1644 Respondit
650 1599 833 1633 minister:
877 1599 1000 1644 Quare
1029 1612 1105 1633 non

93 1649 286 1683 canerem?
349 1650 426 1695 Ego
452 1651 589 1692 laetor,
632 1652 731 1697 quod
757 1664 903 1684 annona
935 1652 980 1685 sit
1010 1652 1103 1685 facta

90 1702 229 1743 laxior,
258 1703 343 1749 quia
362 1701 471 1736 hodie
488 1703 557 1737 fuit
573 1703 692 1738 minus
718 1704 874 1748 pretium
904 1717 1012 1749 quam
1043 1717 1105 1737 an-
1131 1713 1133 1745 ζ

216 1754 403 1789 Rusticus:
432 1754 596 1789 Laetaris
611 1762 662 1795 tu,
690 1755 829 1801 inquit,
856 1768 937 1788 meo
957 1757 1105 1797 damno,
1131 1787 1132 1795 ,

92 1760 162 1788 tea.

91 1818 216 1840 nonne
243 1807 343 1841 vides
367 1820 425 1840 me
449 1820 619 1851 magnam
652 1808 829 1841 iacturam
860 1807 1005 1841 facere?
1059 1807 1105 1841 Et

91 1858 258 1892 minister
288 1859 407 1904 pergit
440 1860 628 1900 canendo,
670 1861 810 1893 interea
847 1859 915 1894 sibi
950 1860 1104 1894 rusticus

92 1917 248 1944 mortem
271 1912 464 1953 conscivit,
492 1912 529 1945 in
546 1924 653 1946 curru
674 1912 876 1956 strangulat
899 1925 935 1946 se
959 1913 1104 1958 laqueo,
1130 1921 1132 1942 ί

91 1969 129 1997 et
149 1963 307 1998 famulus
331 1965 504 2009 ignorans
531 1965 658 2010 pergit.
729 1964 845 1999 Paulo
873 1971 956 2009 post
981 1977 1105 1999 occur-

91 2022 180 2050 runt
195 2016 228 2050 ei
247 2016 328 2058 alii,
358 2017 421 2063 qui
442 2018 566 2051 vident
591 2017 765 2051 rusticum
789 2023 975 2051 mortuum
1005 2024 1103 2051 retro

93 2079 112 2101 a
146 2081 255 2103 curru
287 2069 427 2114 raptari
459 2070 645 2114 alligatum
670 2071 823 2116 laqueo,
866 2070 1104 2116 alloquuntur

92 2120 300 2155 ministrum
320 2128 508 2155 canentem
522 2149 531 2163 ,
563 2122 649 2168 quid
668 2130 772 2167 agat,
798 2123 925 2156 iubent
949 2135 1029 2157 eum
1048 2135 1104 2156 re-

90 2173 242 2217 spicere.
295 2172 357 2206 Ille
382 2174 589 2209 admonitus
610 2175 774 2220 respicit,
807 2175 906 2209 videt
928 2187 963 2209 se
987 2175 1104 2209 domi-

92 2236 179 2258 num
211 2222 354 2259 trahere
380 2233 579 2261 mortuum.
646 2227 854 2261 Perterrefit
883 2228 1040 2262 famulus
1070 2234 1104 2262 et

90 2283 175 2311 orat
192 2275 377 2319 homines,
405 2291 484 2312 cum
502 2279 611 2313 fuerit
625 2287 774 2314 vocatus
788 2281 825 2313 in
842 2280 1014 2314 iudicium
1026 2308 1035 2322 ‚
1063 2287 1104 2314 ut

93 2330 207 2363 velint
240 2343 314 2364 esse
347 2337 474 2372 testes,
517 2332 614 2377 quod
643 2333 718 2377 ipse
743 2333 877 2366 sederit
902 2345 1033 2367 canens
1064 2333 1102 2366 in

93 2394 187 2428 equo
206 2383 379 2427 ignorans
397 2384 551 2425 factum,
580 2396 616 2418 se
640 2385 803 2429 profecto
831 2398 1021 2432 nunquam
1046 2398 1102 2419 re-

90 2435 250 2478 spexisse
268 2437 314 2469 ad
333 2436 522 2470 dominum
550 2449 653 2470 suum
668 2464 677 2478 ,
705 2438 766 2471 sed
786 2438 951 2471 narravit
976 2439 1025 2473 eis
1049 2445 1102 2472 to-

96 2492 170 2519 tam
188 2499 264 2520 rem
281 2495 438 2533 gestam,
473 2496 507 2523 et
534 2489 663 2523 deinde
692 2489 729 2522 in
757 2490 890 2524 iudicio
917 2491 1102 2525 absolutus

131 2620 196 2654 15³)
217 2621 298 2653 Virg.
318 2623 387 2649 Aen.
408 2623 458 2654 VI,
476 2623 537 2648 620.

132 2666 178 2699 16)
199 2664 318 2698 caritas]
346 2667 414 2691 haec
438 2674 493 2692 vox
518 2667 544 2691 in
570 2667 638 2692 Cod.
664 2668 698 2692 ab
722 2667 779 2692 alia
802 2673 884 2692 manu
909 2670 1102 2700 superscripta

385 112 648 150 HISTORIAE
678 112 923 159 QUAEDAM
952 112 1235 151 RECITATAE
1263 114 1415 151 INTER
1442 115 1679 152 PUBLICAS
1703 117 1989 155 LECTIONES.

165 2703 210 2726 est
235 2702 296 2725 voci
321 2702 431 2726 deletae
456 2703 607 2735 „facultas
617 2701 650 2734 ²¹,
683 2709 754 2734 quae
780 2709 797 2728 a
822 2703 911 2734 prima
931 2707 1103 2734 manwerat
1128 2714 1129 2724 π

167 2736 223 2760 scri
244 2738 281 2761 ta.

132 2779 179 2808 17)
199 2744 290 2809 εεὲεί]
309 2781 377 2805 haec
396 2787 450 2805 vox
469 2781 495 2806 in
514 2782 641 2814 margine
662 2782 728 2806 cod.
749 2782 892 2813 adscripta
912 2785 962 2807 est.

151 2822 335 2855 Maura.
358 2823 465 2855 Orza.
512 2825 690 2857 v01„.XX.

1127 2785 1129 2796 4

1127 2797 1130 2817 l

2105 120 2180 157 530

1167 210 1229 237 est.
1284 204 1382 237 Haec
1402 217 1484 238 vere
1505 217 1578 240 esse
1595 206 1772 240 diabolica
1793 208 1945 254 quilIbet
1962 220 2070 243 sanus
2088 209 2180 241 iudi-

1167 268 1246 289 care
1264 263 1392 301 potest.

1270 324 1443 358 XXXVII.
1486 326 1583 359 Olim
1612 328 1752 361 nobiles
1778 329 1885 361 etiam
1916 329 1950 361 in
1980 329 2179 363 Germania

1165 377 1433 420 sepeliebantur
1451 384 1590 411 tantum
1611 379 1648 412 in
1668 381 1823 424 campis,
1849 387 1882 413 et
1900 394 1972 427 quo
1993 388 2097 414 erant
2114 379 2179 414 ho-

1164 429 1280 463 miues
1306 430 1551 474 potentiores,
1596 444 1637 464 eo
1665 432 1820 466 maiores
1846 434 1976 466 tumuli
2009 446 2180 477 congere—

1164 481 1308 516 bantur.
1366 481 1432 515 Hic
1449 489 1533 515 nota
1554 480 1742 517 historiam
1770 486 1813 518 de
1840 497 1901 525 eo,
1941 485 2002 531 qui
2026 487 2179 530 putaba-

1164 540 1223 566 tur
1247 546 1340 568 unus
1366 547 1407 567 ex
1435 535 1627 569 comitibus
1651 535 2039 583 Landespergensium.
2094 538 2179 572 Non

1135 621 1137 626 ,
1165 587 1291 630 procul
1309 585 1392 620 hinc
1411 587 1477 621 suit
1496 587 1621 632 ingens
1648 589 1808 623 tumulus
1837 590 1928 623 circa
1951 589 2178 635 Landsperg,

1164 638 1247 672 inde
1279 640 1403 673 rustici
1431 640 1527 673 soliti
1551 646 1634 674 sunt
1658 641 1780 675 fodere
1805 642 1994 686 argillam,
2028 644 2175 676 tandem

1164 691 1258 724 inter
1276 692 1487 726 fodiendum
1506 693 1736 738 reperierunt
1761 695 1918 739 lapidem
1945 696 2175 742 quadratum.

1162 743 1259 777 Haec
1278 756 1333 778 res
1354 758 1434 778 cum
1453 745 1569 778 delata
1589 752 1679 779 esset
1698 747 1742 779 ad
1762 748 1983 791 praefectum
2002 748 2076 782 eius
2093 748 2177 789 loci,

1162 796 1249 830 iussi
1275 804 1358 830 sunt
1382 798 1506 831 rustici
1541 798 1711 832 desistere
1746 811 1763 831 a
1794 799 1988 840 fodiendo,
2032 807 2064 833 et
2090 801 2175 846 quia

1162 846 1353 883 thesaurus
1369 850 1578 884 reconditus
1593 852 1827 891 credebatur,
1857 852 2025 885 conducti
2049 860 2131 886 sunt
2154 865 2175 886 a

1162 902 1366 945 praefectO,
1411 902 1473 948 qui
1509 903 1720 937 effoderent.
1796 902 2019 938 Invenerunt
2054 912 2172 938 autem

1163 954 1281 998 primo
1309 954 1423 988 silices
1450 955 1602 996 multos,
1643 962 1767 1000 postea
1797 957 1991 997 carbones,
2026 959 2172 991 tandem

1161 1019 1285 1040 saxum
1312 1008 1551 1052 quadratum,
1588 1014 1621 1041 et
1646 1015 1831 1053 postremo
1857 1011 2012 1043 cadaver
2036 1012 2173 1053 grande

1162 1071 1204 1091 ac
1228 1071 1433 1103 procerum.
1500 1060 1547 1093 Et
1572 1061 1618 1094 ad
1642 1067 1750 1106 caput
1781 1069 1857 1095 erat
1879 1075 1993 1103 urna,
2038 1062 2075 1095 in
2102 1075 2173 1109 qua

1133 1110 1134 1130 ³
1161 1118 1239 1144 erat
1266 1112 1388 1158 liquor
1416 1112 1543 1146 similis
1574 1114 1767 1148 cerevisiae
1797 1121 1831 1147 et
1858 1112 2058 1159 grapheum
2090 1128 2111 1148 ι.
2141 1128 2171 1150 e.

1161 1176 1271 1197 aenea
1300 1165 1355 1197 vel
1380 1177 1484 1198 aerea
1516 1178 1655 1210 penna,
1700 1167 1767 1204 (ξίιῑ
1793 1166 1999 1214 sd>reibfebct
2024 1170 2090 1213 aut}
2117 1170 2174 1214 etf}

1160 1216 1324 1263 gemacht„
1367 1218 1450 1263 quia
1476 1218 1544 1251 fuit
1569 1220 1767 1253 admodum
1795 1232 1918 1253 rarum
1949 1227 1982 1254 et
2007 1220 2174 1254 mirabile

1160 1269 1222 1302 illo
1251 1276 1415 1314 tempore
1447 1271 1482 1303 in
1509 1268 1564 1304 his
1589 1272 1819 1316 regionibus,
1863 1286 1966 1317 posse
1992 1273 2109 1317 legere
2139 1279 2174 1306 et

1159 1321 1335 1362 scribere,
1365 1322 1446 1355 ideo
1476 1323 1640 1357 additum
1668 1331 1720 1358 est
1741 1324 1792 1357 illi
1818 1326 2024 1372 γραφεῖον,
2053 1332 2109 1365 ut⁷
2144 1325 2174 1359 si

1160 1376 1308 1420 quando
1346 1382 1427 1419 post
1458 1376 1592 1409 multos
1626 1388 1741 1410 annos
1763 1377 1982 1411 effoderetur
2016 1378 2174 1411 cadaver

1159 1426 1283 1471 ipsius,
1309 1426 1475 1461 homines
1491 1428 1624 1462 scirent
1642 1429 1759 1473 ipsum
1778 1430 1934 1464 tenuisse
1955 1437 2067 1464 artem
2088 1430 2173 1463 scri-

1159 1479 1267 1512 bendi
1287 1486 1321 1512 et
1338 1480 1497 1524 legendI;
1529 1481 1704 1514 creditum
1725 1488 1776 1515 est
1792 1482 1909 1527 ipsum
1930 1483 2036 1516 fuisse
2058 1495 2171 1516 unum

1160 1544 1202 1565 ex
1226 1532 1418 1566 comitibus
1436 1531 1805 1578 Landspergensium.

1262 1600 1469 1635 XXXVIIII.
1508 1602 1585 1636 Rex
1608 1602 1863 1645 Ptolomaeus,
1896 1604 1958 1650 qui
1976 1603 2172 1648 Euergetes

1159 1653 1274 1688 dictus
1294 1660 1365 1694 est,
1395 1667 1474 1687 cum
1492 1654 1528 1687 in
1548 1655 1704 1700 prandio
1728 1657 1825 1701 apud
1847 1668 1883 1690 se
1910 1655 2061 1690 haberet
2079 1657 2174 1691 Stoi-

1160 1718 1240 1739 cum
1267 1707 1450 1752 quendam
1478 1707 1723 1752 disputantem
1744 1708 1839 1742 inter
1857 1710 2001 1753 epulas,
2028 1710 2170 1754 sapien-

1159 1764 1230 1790 tem
1251 1770 1325 1790 non
1346 1771 1449 1802 posse
1473 1772 1617 1800 errare,
1647 1761 1823 1804 postridie
1846 1761 1977 1795 iterum
2003 1762 2173 1795 invitavit

1159 1822 1220 1843 rex
1247 1812 1399 1844 eundem
1435 1809 1718 1857 philosophum,
1759 1820 1793 1847 et
1825 1813 1927 1847 iussit
1950 1814 1981 1847 ei
2005 1827 2023 1848 a
2053 1827 2170 1860 coquo

1160 1875 1268 1908 quam
1302 1870 1422 1908 posset
1458 1865 1594 1909 optime
1620 1866 1833 1910 praeparari
1860 1867 2023 1900 merdam
2053 1867 2171 1911 specie

1158 1915 1276 1955 turdi,
1304 1915 1471 1963 quamffl)
1495 1917 1526 1949 ei
1551 1917 1646 1950 inter
1662 1919 1823 1965 reliquos
1840 1918 1938 1953 cibos
1957 1926 2171 1964 apponeret.

1159 1967 1306 2014 Coquus
1323 1975 1428 2013 parat
1445 1975 1579 2004 stercus
1599 1976 1633 2004 et
1651 1983 1759 2017 quam
1777 1971 1913 2016 optime
1938 1972 2080 2012 condit,
2109 1984 2171 2017 ap-

1158 2020 1308 2065 ponitur
1331 2019 1563 2067 philosopho.
1619 2023 1760 2057 Stoicus
1785 2036 1894 2070 quam
1917 2031 2036 2068 potest
2061 2025 2171 2058 devo-

1157 2080 1213 2106 rat
1246 2080 1402 2114 stercus,
1446 2081 1570 2119 postea
1598 2087 1659 2109 rex
1686 2076 1816 2110 iterum
1846 2076 2047 2121 interrogat
2075 2089 2171 2118 eum,

1157 2138 1244 2159 num
1264 2126 1408 2171 sapiens
1425 2128 1538 2171 possit
1554 2140 1689 2163 errare.
1740 2127 1803 2162 Ille
1822 2129 1941 2174 coepit
1958 2130 2066 2173 longa
2086 2141 2170 2162 nar·

1157 2178 1299 2212 ratione
1318 2179 1449 2212 iterum
1471 2181 1646 2224 probare,
1673 2181 1874 2226 sapientem
1891 2194 1966 2215 non
1989 2195 2092 2227 posse
2116 2194 2170 2215 er-

1156 2243 1249 2265 rare.
1305 2231 1401 2265 Tum
1427 2244 1490 2266 rex
1515 2233 1613 2266 iubet
1641 2234 1769 2267 adduci
1793 2247 1971 2280 coquum,
2003 2241 2037 2268 et
2060 2235 2170 2267 inter-

1156 2290 1281 2328 rogat,
1311 2284 1399 2330 quid
1416 2284 1468 2317 illi
1487 2287 1698 2330 apposuerit
1715 2288 1760 2319 ad
1779 2288 2056 2322 comedendum.
2101 2287 2170 2321 Co-

1157 2349 1248 2381 quus
1280 2337 1380 2381 prius
1412 2337 1625 2379 instructus,
1671 2339 1758 2385 quid
1792 2341 2030 2384 respondeat,
2067 2339 2168 2373 dicit:

1156 2388 1320 2423 Omnino
1352 2402 1414 2422 rex
1447 2391 1623 2435 proposui
1650 2392 1681 2424 ei
1710 2393 1873 2425 merdam
1896 2393 1987 2426 bene
2017 2399 2168 2426 coctam.

1156 2441 1233 2474 Rex
1253 2441 1357 2488 quasi
1375 2442 1504 2476 victus:
1530 2444 1628 2489 Quid
1647 2444 1719 2485 illi,
1746 2445 1887 2491 inquit,
1920 2444 2168 2490 proposuisti?

1155 2494 1290 2534 fateor,
1327 2506 1402 2527 non
1430 2495 1499 2528 suit
1526 2497 1664 2530 turdus.
1720 2496 1825 2531 Tunc
1852 2510 1989 2544 coquus
2016 2497 2168 2543 protulit

1156 2546 1336 2592 reliquum
1365 2548 1531 2589 merdae,
1567 2549 1728 2596 dixitque
1754 2562 1790 2584 se
1827 2550 1858 2583 ei
1892 2547 1988 2583 hunc
2019 2550 2167 2583 turdum

1156 2611 1402 2644 praeparasse.
1457 2600 1553 2634 Tum
1583 2602 1672 2635 dixit
1695 2615 1757 2635 rex
1782 2603 1827 2636 ad
1850 2602 2030 2636 Stoicum:
2068 2600 2165 2645 Ergo

1155 2651 1298 2696 sapiens
1316 2652 1462 2686 erravit.
1516 2652 1568 2687 Ita
1586 2661 1710 2699 postea
1733 2654 1874 2689 Stoicus
1893 2655 1958 2688 suit
1977 2654 2020 2686 ab
2049 2653 2168 2687 omni·

1193 2783 1238 2811 18)
1261 2788 1341 2814 quam
1362 2783 1437 2811 (sca.
1460 2781 1616 2815 mei-damn
1639 2784 1723 2809 Cod.:
1750 2790 1830 2814 quem
1847 2782 1924 2812 (scil.
1947 2783 2071 2811 turdum)

1589 2819 1638 2853 34
