2421 3037
200 103 274 140 827

199 204 255 226 res
281 190 385 225 utiles
410 186 530 234 potius
552 192 586 220 et
608 183 776 219 honestas
797 183 959 217 animum
995 194 1037 216 ac
1061 181 1207 216 dicendi

201 245 294 278 vires
323 241 506 279 conserat,
535 238 664 284 quibus
697 242 730 269 ct
762 235 876 280 gloria
911 234 1049 280 patriae
1081 234 1207 278 ingens

200 294 407 333 conciliari,
424 299 458 325 et
475 292 657 324 bonorum
674 288 878 322 voluntates
893 287 1041 321 retineri
1059 292 1207 332 queant,

201 361 310 396 quam
344 346 387 379 ad
424 343 558 387 tragica
583 342 761 388 quaedam
789 347 824 374 et
856 340 1032 373 malevola
1059 339 1207 383 scripta,

201 400 331 447 quibus
362 403 424 431 aut
454 395 706 430 distractiones
738 392 945 426 animorum
977 392 1013 424 in
1047 389 1208 425 honestis

200 451 348 496 Reguis,
366 455 429 483 aut
444 447 644 483 Nationuni
665 445 747 479 odia
767 445 822 478 vel
837 443 1026 478 exuscilari
1049 443 1105 476 vel
1123 454 1208 476 con-

200 503 337 538 firmari
366 506 528 547 possent:
576 498 756 544 imprimis
786 503 907 530 tamen
941 509 980 530 ea
1013 502 1116 540 parte
1147 496 1208 528 de-

201 558 335 596 lector,
363 566 455 601 quae
473 552 592 586 Patris
610 551 683 591 tui,
710 550 885 596 Tuaeque
912 549 1021 582 etiam
1039 547 1208 581 Maiesta-

201 609 245 643 tis
263 607 484 641 mentionem
502 604 606 645 facit,
630 604 727 650 quod
747 602 783 634 in
802 602 861 634 illa
882 601 1027 647 quidem
1046 611 1209 644 compre-

200 659 311 695 hensa
343 671 416 694 esse
441 657 581 697 iudico,
617 668 709 702 quae,
744 655 896 688 omnino
928 665 1070 687 necesse
1095 658 1148 686 est
1172 651 1210 684 in

201 712 359 748 Ecclesia
392 723 432 744 ac
458 707 763 744 Scholasticorum
800 706 960 740 coetibus
990 705 1036 738 ob
1072 716 1210 738 memo-

202 766 294 800 riam
322 777 340 797 a
362 762 573 809 posteritate
600 760 762 794 retineri.
816 758 941 805 ltaque
969 770 1043 790 non
1068 762 1209 790 tanturn

202 817 493 852 moderationem
521 813 633 859 ipsius
659 826 699 846 ac
724 811 913 846 consilium
941 809 1117 855 probavi,
1152 820 1211 841 ve-

202 884 282 905 rum
299 869 408 902 etiam
427 866 594 901 hortatus
608 879 709 906 sum,
737 871 777 898 ut
800 862 869 898 hoc
892 862 1067 907 scriptum
1094 861 1131 894 iu
1147 873 1213 906 pu-

201 923 335 957 blicum
360 920 558 959 emitteret,
592 925 626 952 et
656 929 748 964 quae
772 917 975 961 prudenter
994 915 1214 954 elaborarat,

204 975 282 1009 aliis
298 980 380 1007 ante
400 972 557 1006 reditum
577 971 613 1004 in
632 969 787 1015 patriam
808 967 1107 1002 communicaret.

307 1026 458 1060 Gaudeo
480 1036 567 1057 vero
595 1022 770 1056 doctrinis
788 1027 822 1055 et
844 1020 977 1061 Musis,
1006 1031 1100 1066 quae
1127 1016 1214 1050 alibi

202 1077 370 1114 horribili
402 1076 552 1111 saevitia
584 1075 849 1114 dilacerantur,
885 1071 1069 1106 tamenin
1093 1069 1213 1104 Dania

204 1138 239 1165 et
256 1129 415 1176 hospitia
441 1135 476 1162 et
492 1127 694 1173 Halcyonia
720 1125 917 1159 mediocria
936 1131 1084 1159 restare.
1141 1122 1215 1157 Nec

202 1183 305 1218 facile
338 1194 489 1226 regnum
527 1180 640 1214 ullum
676 1177 746 1212 hoc
781 1184 943 1222 tempore
972 1176 1111 1210 maiore
1146 1175 1215 1207 fre-

204 1235 351 1283 quentia
370 1233 597 1268 eruditorum
616 1230 808 1265 antecellit.
864 1230 954 1264 Cum
984 1226 1073 1262 mihi
1104 1227 1215 1260 inter-

204 1290 290 1322 dum
309 1287 346 1320 in
362 1285 579 1320 memoriam
605 1284 705 1318 venit
719 1282 948 1317 Clarissimus
964 1281 1019 1314 vir
1036 1277 1215 1314 lohannes

205 1339 446 1386 Synningius,
483 1350 590 1384 quem
624 1343 658 1370 et
698 1349 764 1370 nos
796 1335 883 1369 olim
918 1335 955 1367 in
988 1332 1056 1367 hac
1084 1329 1214 1366 Schola

204 1394 310 1427 unice
327 1391 538 1431 dileximus,
564 1396 599 1423 et
623 1395 705 1422 ante
731 1389 872 1435 aliquot
895 1399 1011 1420 annos
1039 1387 1077 1419 in
1096 1383 1214 1430 patria

207 1446 252 1479 oh
279 1444 447 1478 eximiam
481 1441 723 1476 eruditionem
763 1453 803 1474 ac
827 1440 1020 1486 pietatem,
1055 1436 1216 1472 testimo-

206 1499 269 1531 nio
288 1496 491 1531 Doctorum
517 1495 555 1528 in
580 1491 782 1538 Theologia
809 1499 978 1526 ornatum
998 1490 1217 1529 audivimus,

207 1562 283 1584 non
316 1561 463 1594 possum
498 1546 667 1593 equidem
701 1558 776 1579 non
803 1545 949 1585 dolere,
985 1550 1059 1577 tam
1090 1541 1216 1576 utilem

207 1602 335 1646 Regno
359 1607 467 1646 atque
487 1598 666 1633 Ecclesiae
687 1596 821 1632 Christi
845 1598 964 1631 virum
994 1601 1097 1629 tanto
1122 1599 1218 1627 aeta-
1243 1591 1246 1650 ζῐ

209 1654 254 1688 tis
285 1653 375 1687 flore
402 1658 575 1698 tantaque
607 1650 770 1684 omnium
809 1656 1021 1684 nostrorum
1053 1651 1218 1692 expecta-

209 1707 308 1740 tione
335 1718 352 1738 e
370 1704 490 1738 medio
514 1704 705 1748 abreptum
724 1714 816 1737 esse:
844 1714 924 1735 cum
951 1713 1026 1734 non
1051 1697 1216 1733 doctrina

210 1764 370 1798 tantum,
399 1756 564 1802 ingenio,
593 1754 720 1790 studiis
753 1767 794 1788 ac
821 1753 1006 1798 diligentia
1036 1758 1220 1786 conterra-

208 1823 297 1845 neos
323 1823 406 1844 suos
429 1809 695 1855 propemodum
720 1812 928 1852 superaret,
957 1818 1083 1839 verum
1109 1803 1219 1837 etiam

210 1862 386 1896 modestia
409 1868 517 1908 atque
544 1861 751 1905 integritate
773 1860 820 1893 ita
840 1860 1058 1904 probaretur
1075 1856 1221 1891 univer-

211 1915 270 1956 sis,
297 1921 337 1948 ut
358 1912 449 1948 nihil
467 1925 582 1959 paene
600 1925 657 1946 me
679 1925 721 1946 ex
740 1912 798 1945 illa
820 1918 929 1951 terra,
958 1911 1056 1957 quod
1074 1909 1220 1956 quidem

212 1968 256 2000 ad
292 1967 428 2011 ingenii
459 1966 718 2011 praestantiam
753 1976 971 2010 morumque
1004 1962 1219 1997 suavitatem

212 2019 353 2059 attinet,
372 2018 568 2063 elegantius
583 2017 713 2052 vidisse
730 2016 915 2050 recordari
930 2028 1091 2061 possum,
1107 2026 1221 2060 quan-

213 2084 321 2118 quam
339 2078 374 2105 et
388 2071 543 2105 Palladii
569 2070 711 2104 labores
740 2081 779 2102 ac
795 2068 1020 2114 diligentiam
1039 2067 1222 2107 novimus,

213 2131 249 2158 et
272 2124 309 2157 in
334 2124 498 2157 docendo
523 2122 775 2156 rectitudinem
801 2122 931 2155 merito
950 2120 1220 2166 praedicamus:

212 2183 335 2210 tamen
358 2189 436 2210 cum
458 2182 492 2209 et
516 2175 649 2209 multos
673 2172 791 2209 adhuc
818 2174 855 2207 in
872 2173 1000 2218 Regno
1021 2172 1222 2206 Maiestatis

213 2235 296 2262 tuae
315 2229 500 2273 praeclare
519 2227 685 2262 eruditos
700 2240 774 2262 esse
790 2227 900 2261 sciam
914 2254 924 2267 ,
950 2233 985 2260 et
1001 2226 1122 2271 plures
1138 2237 1222 2270 pro-

213 2280 356 2325 pediem
390 2281 531 2314 futuros
555 2292 718 2325 sperem,
751 2280 814 2326 qui
845 2279 1010 2312 doctrina
1037 2290 1221 2312 commen-

214 2332 294 2365 dari
312 2339 542 2374 mereantur,
571 2345 651 2367 cum
671 2332 798 2378 primis
824 2338 919 2366 certe
936 2332 1065 2365 laetor.
1119 2330 1222 2364 Hanc

213 2385 258 2417 ad
276 2396 352 2417 rem
372 2385 575 2419 dulcissima
595 2397 677 2430 pax,
690 2391 725 2418 et
741 2391 801 2418 tua
822 2384 1067 2418 munificentia
1086 2383 1220 2428 dignis-

214 2437 303 2471 sima
325 2437 422 2470 bono
434 2437 530 2481 Rege
549 2437 746 2482 plurimum
767 2437 948 2471 conducit.
988 2437 1102 2481 Saepe
1122 2436 1219 2469 enim

213 2495 342 2522 narrat
358 2489 463 2523 nobis
480 2489 650 2523 Erasmus
668 2496 790 2524 noster
816 2496 915 2523 tuam
939 2501 1021 2534 erga
1048 2501 1084 2524 se
1097 2516 1106 2529 ,
1135 2501 1218 2534 erga

214 2540 383 2574 iacobum
400 2540 627 2586 Bordingum
646 2549 680 2575 et
697 2543 830 2577 multos
850 2542 939 2576 alios
957 2541 1219 2576 eruditissimos

215 2598 249 2625 ct
266 2593 517 2638 integerrimos
533 2593 631 2628 viros
648 2595 781 2639 regiam
800 2595 1093 2628 beneficentiam:
1123 2606 1219 2627 eam-

215 2657 284 2690 que
310 2646 356 2679 ob
372 2657 515 2680 causam
535 2647 693 2680 decrevit
717 2659 823 2680 omne
848 2646 1006 2680 studium
1038 2653 1072 2680 et
1094 2658 1219 2680 omnes

216 2697 348 2741 ingenii
372 2698 465 2732 vires
491 2699 535 2731 ad
567 2699 750 2732 ornandas
773 2698 969 2739 Ecclesias,
1005 2705 1040 2733 et
1061 2698 1219 2733 retinen-

214 2749 299 2782 dum
326 2750 425 2794 pium
451 2763 663 2785 consensum
691 2752 874 2792 conferre,
902 2764 1044 2785 memor
1069 2751 1219 2786 severis-

841 94 1204 129 Aunl'rAMENTA
1231 93 1298 128 AD
1325 93 1470 128 VOLL.
1498 92 1621 128 l—X.

2201 95 2277 132 828

1253 181 1342 216 ,simi
1360 181 1543 215 mandati:
1567 181 1715 224 Diligite
1733 182 1921 214 veritatem
1942 187 1975 213 et
1995 192 2131 225 pacem.
2155 179 2276 214 Datae

1260 233 1317 267 die
1344 233 1378 268 4.
1401 233 1550 278 Aprilis.
1578 230 1815 267 Anno'1560.
1852 233 1897 267 T.
1921 232 2102 266 Maiestati
2129 231 2275 267 deditis-

1260 286 1372 320 simus
1393 284 1582 330 Philippus
1603 283 1826 318 Melanthon.

1348 371 1400 398 His
1427 370 1666 398 I’raei'ationibus
1698 371 1726 397 in
1751 370 1831 398 Voll.
1855 368 1963 399 l—X.
1996 370 2108 398 omissis
2138 370 2276 410 adiungi-

1262 422 1327 441 mus
1349 413 1557 442 additamenta
1579 413 1617 442 ad
1641 420 1702 442 tres
1725 414 1798 441 alias
1821 414 1879 442 iam
1902 413 1962 442 illic
1986 414 2078 442 datas.

1306 483 1363 513 No.
1386 481 1417 511 5.
2008 492 2048 512 m.
2071 480 2155 511 lunio
2180 479 2277 512 1536.

1270 524 1443 537 w
2016 525 2275 544 *m

1614 573 1775 612 Ionae,
1813 569 1936 614 filio.

1336 637 1414 663 Haec
1432 638 1574 663 Praefatio
1594 638 1622 662 in
1643 638 1707 663 Vol.
1727 638 1774 662 111.
1794 645 1818 669 p.
1838 636 1873 661 93
1892 643 1934 667 sq.
1954 636 2005 660 No.
2026 636 2102 661 1442.
2122 642 2157 660 ex
2175 636 2276 660 select.

1372 674 1539 698 Declamatt.
1567 673 1632 697 data
1659 680 1719 697 cum
1744 674 1796 697 hac
1820 671 2020 696 annotatione:
2045 671 2216 703 „Quomodo
2234 671 2279 695 liic

1373 710 1487 733 libellus
1515 709 1592 737 [scil.
1618 709 1661 732 cui
1681 710 1749 732 haec
1767 708 1862 733 Praef.
1882 712 1899 731 a
1917 707 2097 731 Melanthone
2122 708 2167 730 est
2192 711 2278 736 prae-

1375 743 1443 777 fixa]
1465 744 1550 767 suerit
1570 744 1736 774 inscriptus,
1765 743 1891 773 equidem
1912 742 2024 773 nescio,
2050 747 2139 772 neque
2158 747 2280 766 comme-

1375 781 1503 804 moratur
1522 784 1539 803 a
1560 779 1701 803 strobelio
1727 779 1754 802 in
1774 778 1839 802 bibl.
1858 777 2008 808 Melanth.‚
2036 783 2126 808 neque
2149 777 2184 801 ab
2202 776 2277 807 aliis,

1376 815 1422 845 qni
1442 815 1475 839 de
1495 813 1576 838 libris
1587 815 1652 839 Mel.
1672 812 1883 844 scripserunt.“
1920 811 2046 842 Contigit
2058 811 2144 843 mihi,
2163 812 2194 836 ut
2208 812 2281 836 huuc

1374 851 1476 874 librum
1495 850 1522 874 in
1543 850 1718 873 Bibliotheca
1736 848 1815 873 acad.
1834 847 1952 871 Halensi
1971 846 2147 878 invenerim,
2176 845 2222 878 qui
2240 846 2281 871 sic

1374 885 1528 916 inscriptus
1557 886 1616 908 est:
1644 885 1799 910 Elementa
1824 882 2042 907 Arilhmelices.
2079 882 2281 914 Alyorithmns

1373 921 1408 946 de
1431 921 1564 945 numeris
1590 921 1735 951 inteyris,
1759 919 1888 951 fractis,
1916 918 2041 948 Requlis
2065 917 2280 948 communibus,

1375 957 1404 981 et
1430 956 1464 980 de
1491 956 1749 986 Proporciom'lms.
1793 954 1907 979 Autore
1932 952 2058 984 Georyio
2085 952 2279 977 Peurbachio.

1375 992 1482 1016 Omnia
1501 997 1602 1015 recens
1622 992 1653 1014 in
1672 991 1765 1014 lucem
1784 990 1865 1014 edita
1882 987 1939 1019 fide
1957 989 1985 1012 et
1999 988 2157 1019 diligentia
2175 988 2282 1019 sinqu-

1377 1027 1445 1051 Ιιινὶ,
1490 1027 1545 1051 An.
1571 1025 1810 1050 M.D.XXXV1.
1855 1024 1928 1048 Cum
1953 1023 2148 1054 praefucione
2175 1022 2281 1054 Philip.

1376 1062 1519 1086 Melanth.
1559 1061 1625 1089 (Hic
1643 1060 1741 1083 titulus
1762 1060 1860 1090 figuris
1874 1059 1952 1089 ligno
1971 1058 2067 1082 incisis
2087 1058 2195 1082 cinctus
2215 1056 2282 1089 est.)

1376 1110 1410 1113 —-
1430 1095 1474 1128 (ln
1491 1095 1574 1126 finet)
1594 1096 1768 1126 [inpressum
1779 1095 1950 1124 riteoeryae
1963 1093 2178 1125 perlosephum
2193 1092 2283 1124 Kluq.

1376 1132 1430 1157 An.
1448 1130 1687 1156 MJLXXXVI.
1722 1130 1739 1154 7
1761 1130 1853 1160 plagg.
1879 1129 1932 1152 litt.
1952 1129 2051 1152 Α-α
2069 1128 2142 1159 sign.
2167 1127 2202 1151 56
2221 1127 2281 1152 fon.

1376 1172 1432 1191 non
1458 1173 1548 1197 nnm.,
1574 1171 1691 1195 quornm
1717 1165 1842 1188 ultimum
1868 1164 1960 1188 album
1986 1164 2048 1193 est,
2072 1163 2098 1187 8.
2126 1162 2190 1194 (fol.
2211 1161 2283 1186 Alb

1377 1201 1487 1226 Allien-ti
1513 1200 1707 1231 Epigramma3
1733 1200 1782 1223 sol.
1810 1198 1861 1223 ΑΞ
1875 1198 1978 1222 2—32
1997 1198 2068 1223 med.
2094 1196 2284 1222 Melanthonis

1380 1236 1540 1261 Praefatio:
1581 1236 1828 1266 „Modestissimo
1860 1233 2041 1259 adolescenti
2073 1233 2158 1258 Iusto
2191 1233 2285 1258 lonae

1379 1269 1442 1301 filio
1461 1272 1497 1297 D.
1520 1271 1662 1296 Doctoris
1681 1271 1774 1296 Ionae
1792 1269 1946 1301 Philippus
1964 1268 2176 1294 Melane-hilion
2197 1270 2225 1294 S.
2247 1269 2282 1293 D.

1382 1306 1452 1330 Cum
1478 1305 1589 1330 videam
1615 1319 1650 1323 -—
1668 1319 1703 1324 —
1722 1319 1755 1323 -—
1773 1319 1809 1323 --
1833 1305 1908 1328 Bene
1932 1303 2006 1327 Vale
2032 1310 2128 1328 mense
2154 1301 2284 1335 lunio.“;

1379 1341 1430 1366 fol.
1454 1341 1657 1366 A3b-—G2n
1683 1341 1854 1372 Opusculum
1880 1338 2012 1371 Magistri
2045 1339 2163 1370 Georgii
2193 1338 2284 1362 Peur-

1377 1376 1465 1400 bachii
1485 1375 1645 1406 [inscript.:
1668 1373 1891 1408 Algorithmus];
1910 1374 1958 1398 fol.
1975 1373 2045 1400 (³2¹³
2063 1374 2198 1405 Exempla
2216 1379 2285 1404 pro-

1377 1412 1552 1443 portionum3
1579 1411 1625 1435 sol.
1646 1411 1721 1435 63Ω
1736 1411 1812 1435 -712
1837 1410 1907 1434 med.
1943 1409 1985 1432 De
2002 1408 2229 1440 proportionibus
2250 1414 2284 1432 ex

1379 1446 1534 1471 Elementis
1569 1446 1692 1471 Euclidis
1726 1451 1777 1475 per
1805 1445 1936 1468 loannem
1962 1443 2102 1475 Vogelin,
2134 1442 2284 1468 subiuncta

1380 1481 1532 1513 Clausulz⁴25
1552 1481 1601 1505 sol.
1621 1482 1644 1505 G
1655 1481 1672 1505 7
1685 1480 1696 1498 b
1708 1479 1790 1504 —812
1815 1477 1941 1507 vacant).

1315 1561 1372 1590 No.
1395 1560 1425 1589 6.
1971 1567 2019 1607 χιιι.
2037 1559 2169 1596 Augusto
2189 1556 2284 1588 1536.

1983 1603 2286 1621 Μ

1531 1651 1695 1684 loanni
1739 1647 2039 1693 Reisenstein.

1350 1718 1427 1744 Haec
1449 1717 1593 1743 Praefatio
1610 1717 1677 1742 item
1702 1717 1729 1741 in
1748 1716 1813 1741 vol.
1833 1716 1879 1740 111.
1906 1723 1933 1746 p.
1954 1715 2115 1741 107—114.
2134 1715 2185 1740 No.
2208 1715 2285 1740 1453.

1385 1762 1419 1779 ex
1438 1755 1534 1778 select.
1555 1754 1722 1778 Declamatt.
1742 1752 1863 1776 exhibita
1882 1753 1925 1775 est
1944 1757 2005 1775 cum
2020 1752 2073 1776 hac
2092 1750 2222 1781 perbrevi
2241 1751 2286 1775 in-

1384 1790 1553 1821 scriptione:
1577 1787 1742 1820 ,‚l’raefatio
1762 1787 1790 1811 in
1807 1786 1995 1811 Geometriam
2015 1786 2047 1816 (i.
2068 1793 2092 1811 e.
2112 1786 2140 1810 iu
2158 1786 2289 1810 Iol-annis

1384 1824 1517 1856 vogelini
1543 1824 1667 1848 libellum
1698 1824 1732 1847 de
1758 1822 1945 1847 Geometricis
1977 1819 2172 1853 elementis).”
2209 1822 2289 1846 Hanc

1383 1860 1593 1885 annotationem
1611 1859 1709 1883 Editor
1728 1864 1784 1883 non
1803 1864 1838 1882 ex
1857 1858 1929 1882 libro
1949 1857 2028 1887 ipso,
2050 1857 2092 1882 cui
2111 1857 2180 1882 haec
2193 1856 2287 1881 Praef.

1383 1902 1401 1920 a
1426 1895 1606 1919 Melanthone
1630 1894 1788 1925 praemissa
1813 1893 1873 1924 est,
1905 1893 1955 1916 sed
1990 1898 2024 1916 ex
2056 1892 2137 1923 parte
2162 1892 2288 1916 extrema

1383 1930 1573 1955 Praefationis
1584 1929 1744 1960 adscripsit.
1777 1928 1857 1952 Iuvat
1869 1927 1973 1959 igitur,
1992 1928 2065 1951 hunc
2078 1927 2188 1958 librum,
2207 1933 2288 1958 quem

1384 1973 1418 1990 ex
1436 1966 1533 1990 eadem
1552 1965 1677 1990 Bibliotli.
1698 1964 1775 1989 acad.
1796 1963 1823 1987 iu
1842 1963 1969 1987 manibus
1989 1963 2092 1993 habeo,
2118 1963 2147 1985 li.
2163 1962 2182 1986 l.
2202 1967 2287 1986 aceu-

1382 2001 1473 2025 ratius
1493 2000 1663 2025 describere.
1703 2000 1750 2024 Sic
1768 1998 1922 2029 inscriptus
1949 1999 2010 2022 est:
2036 1998 2192 2023 Elementa
2210 1997 2287 2031 Get),-

1382 2038 1507 2061 metriae
1531 2043 1568 2061 etr
1593 2035 1719 2061 Euclide
1752 2034 1904 2066 sinyulai·i
1929 2033 2093 2064 prudentia
2117 2033 2246 2058 collecta
2268 2030 2288 2057 ἀ

1384 2072 1496 2097 Ioanne
1527 2072 1649 2103 Voyezin
1674 2070 1847 2102 professore
1878 2069 2092 2095 Mathematico
2109 2066 2156 2093 “in
2185 2069 2289 2094 schola

1387 2107 1552 2132 Viennensi.
1572 2107 1785 2131 Aritllmeticae
1797 2106 1952 2137 practicae
1963 2111 2018 2136 per
2027 2104 2185 2137 Georgium
2197 2106 2288 2130 Peur-

1383 2143 1517 2168 bachium
1537 2142 1790 2167 Mathematicum.
1835 2140 1911 2166 Cum
1934 2140 2128 2173 praefacione
2158 2140 2289 2172 Philippi

1385 2179 1596 2204 Melanthonis.
1634 2177 1701 2209 (Hic
1720 2177 1819 2201 titulus
1838 2176 1938 2207 figuris
1964 2176 2040 2207 ligno
2060 2175 2161 2200 incisis
2181 2176 2288 2200 cinctus

1383 2214 1452 2246 est.)
1472 2227 1507 2231 ——
1526 2213 1568 2245 (ln
1582 2214 1635 2237 fine
1645 2212 1666 2243 ι)
1688 2214 1866 2244 Impressum
1880 2211 2053 2243 Viteberqae
2063 2217 2118 2243 per
2132 2211 2288 2242 Iosephum

1381 2250 1470 2281 Kluq.
1485 2248 1723 2274 M.D.XXXVI.
1748 2249 1765 2272 6
1778 2248 1873 2278 plagg.
1890 2247 1943 2271 litt.
1961 2246 2058 2271 A—F
2073 2246 2158 2279 sign.‚
2178 2247 2212 2270 43
2225 2245 2285 2270 foll.

1382 2291 1437 2309 non
1451 2291 1535 2313 num,
1555 2290 1670 2313 quorum
1683 2285 1734 2308 ult.
1757 2282 1804 2314 1¹4
1819 2283 1885 2306 alba
1903 2283 1969 2306 sunt
1980 2299 1987 2313 ‚
2006 2281 2032 2306 8.
2054 2281 2117 2313 (fol.
2131 2282 2287 2306 A2t—-8=

1381 2318 1570 2345 Melantlionis
1590 2319 1749 2343 Praefatio:
1776 2318 1959 2350 „Philippus
1982 2317 2157 2342 Melanthea
2179 2316 2288 2342 Ioanni

1383 2355 1581 2386 Reifenstez'u.
1608 2356 1635 2379 S.
1659 2356 1692 2379 D.
1731 2354 1843 2378 Nullum
1868 2353 1961 2384 aptius
1987 2354 2181 2377 oruamentum
2198 2365 2232 2370 —
2250 2365 2285 2370 -

1383 2403 1419 2408 —-
1436 2402 1472 2407 —-
1488 2389 1587 2413 Mense
1606 2390 1734 2420 Augusto
1756 2391 1838 2414 Anno
1857 2389 1895 2414 M.
1904 2389 1935 2412 D.
1944 2388 2080 2413 XXXVI.
2089 2385 2124 2419 ”;
2147 2388 2195 2412 fol.
2215 2386 2285 2412 ASb

1383 2424 1500 2456 Georgii
1518 2425 1641 2455 Aemylii
1665 2431 1794 2455 carmen3
1828 2424 1877 2448 fol.
1895 2425 1915 2447 B
1929 2425 1942 2448 1
1956 2428 1967 2442 ⁸
1981 2423 2095 2448 -F70
2120 2423 2190 2448 med.
2217 2424 2286 2448 Ele-

1384 2460 1504 2485 mentale
1526 2460 1724 2490 geometricum
1749 2460 1794 2489 [in
1820 2458 1939 2490 quinque
1962 2459 2055 2489 capita
2079 2458 2285 2489 distributum],

1385 2494 1535 2519 subiuncta
1553 2494 1704 2526 Clausulam
1724 2495 1773 2519 sol.
1792 2493 1864 2519 F7b
1877 2493 1959 2519 -Sb
1981 2493 2108 2526 vacant).

1318 2575 1375 2603 No.
1398 2573 1430 2604 7.

1280 2615 1454 2630 w

2093 2583 2170 2603 auno
2188 2570 2283 2603 1551.

1628 2663 1706 2695 Pio
1742 2662 1936 2695 Lectori.

1346 2734 1421 2755 llaec
1448 2730 1588 2754 Praefatio
1614 2730 1642 2753 in
1667 2731 1733 2754 vol.
1754 2730 1815 2754 Vll.
1843 2737 1866 2760 p.
1886 2728 2049 2753 877—881.
2077 2729 2125 2753 No.
2144 2729 2223 2753 5008.
2247 2734 2282 2753 ex

1383 2766 1548 2790 neclainatt.
1578 2766 1643 2789 data
1670 2766 1722 2789 cst.
1766 2765 1877 2789 Librum
1904 2764 2020 2788 Maioris
2053 2764 2159 2794 ipsum,
2194 2764 2237 2787 cui
2264 2770 2282 2787 a
