<?xml version="1.0" encoding="UTF-8"?>
<!DOCTYPE html PUBLIC "-//W3C//DTD XHTML 1.0 Transitional//EN"
    "http://www.w3.org/TR/xhtml1/DTD/xhtml1-transitional.dtd">
<html xmlns="http://www.w3.org/1999/xhtml" xml:lang="en" lang="en">
 <head>
  <title>
</title>
<meta http-equiv="Content-Type" content="text/html;charset=utf-8" />
  <meta name='ocr-system' content='tesseract 3.04.00' />
  <meta name='ocr-capabilities' content='ocr_page ocr_carea ocr_par ocr_line ocrx_word'/>
</head>
<body>
  <div class='ocr_page' id='page_1' title='image "./operaquaesupersu20melauoft/operaquaesupersu20melauoft_0378.png"; bbox 0 0 2421 3037; ppageno 0'>
   <div class='ocr_carea' id='block_1_1' title="bbox 243 103 314 136">
    <p class='ocr_par' dir='ltr' id='par_1_1' title="bbox 243 103 314 136">
     <span class='ocr_line' id='line_1_1' title="bbox 243 103 314 136; baseline -0.014 0"><span class='ocrx_word' id='word_1_1' title='bbox 243 103 314 136; x_wconf 78' lang='lat'><strong>731</strong></span> 
     </span>
    </p>
   </div>
   <div class='ocr_carea' id='block_1_2' title="bbox 238 181 1246 644">
    <p class='ocr_par' dir='ltr' id='par_1_2' title="bbox 238 181 1246 644">
     <span class='ocr_line' id='line_1_2' title="bbox 240 181 1246 233; baseline -0.007 -11"><span class='ocrx_word' id='word_1_2' title='bbox 240 195 422 233; x_wconf 80' lang='lat' dir='ltr'>nugantur</span> <span class='ocrx_word' id='word_1_3' title='bbox 437 186 654 221; x_wconf 82' lang='lat' dir='ltr'><strong>Aristotelici</strong></span> <span class='ocrx_word' id='word_1_4' title='bbox 681 187 724 217; x_wconf 88' lang='lat' dir='ltr'><strong>de</strong></span> <span class='ocrx_word' id='word_1_5' title='bbox 753 185 921 223; x_wconf 83' lang='lat' dir='ltr'><strong>infinitis,</strong></span> <span class='ocrx_word' id='word_1_6' title='bbox 959 189 998 216; x_wconf 90' lang='lat' dir='ltr'><strong>ut</strong></span> <span class='ocrx_word' id='word_1_7' title='bbox 1020 196 1094 216; x_wconf 91' lang='lat' dir='ltr'><strong>non</strong></span> <span class='ocrx_word' id='word_1_8' title='bbox 1120 181 1246 223; x_wconf 89' lang='lat' dir='ltr'><strong>homo,</strong></span> 
     </span>
     <span class='ocr_line' id='line_1_3' title="bbox 242 234 1244 281; baseline -0.006 -7"><span class='ocrx_word' id='word_1_9' title='bbox 242 248 313 274; x_wconf 87' lang='lat' dir='ltr'><strong>tam</strong></span> <span class='ocrx_word' id='word_1_10' title='bbox 334 241 466 274; x_wconf 87' lang='lat' dir='ltr'><strong>insulsa</strong></span> <span class='ocrx_word' id='word_1_11' title='bbox 490 244 591 276; x_wconf 88' lang='lat' dir='ltr'><strong>sunt,</strong></span> <span class='ocrx_word' id='word_1_12' title='bbox 620 243 658 269; x_wconf 89' lang='lat' dir='ltr'><strong>nt</strong></span> <span class='ocrx_word' id='word_1_13' title='bbox 687 243 721 270; x_wconf 93' lang='lat' dir='ltr'><strong>et</strong></span> <span class='ocrx_word' id='word_1_14' title='bbox 745 234 801 270; x_wconf 90' lang='lat' dir='ltr'><strong>hic</strong></span> <span class='ocrx_word' id='word_1_15' title='bbox 828 235 1033 269; x_wconf 74' lang='lat' dir='ltr'><strong>meminisse</strong></span> <span class='ocrx_word' id='word_1_16' title='bbox 1058 234 1244 281; x_wconf 74' lang='lat' dir='ltr'><strong>pigeat35).</strong></span> 
     </span>
     <span class='ocr_line' id='line_1_4' title="bbox 241 287 1244 338; baseline -0.006 -13"><span class='ocrx_word' id='word_1_17' title='bbox 241 293 331 338; x_wconf 81' lang='lat' dir='ltr'><strong>Quis</strong></span> <span class='ocrx_word' id='word_1_18' title='bbox 349 298 400 325; x_wconf 90' lang='lat' dir='ltr'><strong>est</strong></span> <span class='ocrx_word' id='word_1_19' title='bbox 420 290 513 323; x_wconf 87' lang='lat' dir='ltr'><strong>enim</strong></span> <span class='ocrx_word' id='word_1_20' title='bbox 533 289 755 322; x_wconf 89' lang='lat' dir='ltr'><strong>infinitorum</strong></span> <span class='ocrx_word' id='word_1_21' title='bbox 771 316 779 328; x_wconf 96' lang='lat'><strong>,</strong></span> <span class='ocrx_word' id='word_1_22' title='bbox 805 289 841 321; x_wconf 93' lang='lat' dir='ltr'><strong>in</strong></span> <span class='ocrx_word' id='word_1_23' title='bbox 861 287 1044 321; x_wconf 90' lang='lat' dir='ltr'><strong>communi</strong></span> <span class='ocrx_word' id='word_1_24' title='bbox 1065 299 1244 327; x_wconf 81' lang='lat' dir='ltr'><strong>sermone,</strong></span> 
     </span>
     <span class='ocr_line' id='line_1_5' title="bbox 240 337 1245 387; baseline -0.004 -11"><span class='ocrx_word' id='word_1_25' title='bbox 240 345 275 376; x_wconf 83' lang='lat' dir='ltr'><strong>in</strong></span> <span class='ocrx_word' id='word_1_26' title='bbox 296 340 599 387; x_wconf 67' lang='lat' dir='ltr'>disputationibus</span> <span class='ocrx_word' id='word_1_27' title='bbox 625 346 922 384; x_wconf 85' lang='lat' dir='ltr'><strong>argumentorum</strong></span> <span class='ocrx_word' id='word_1_28' title='bbox 948 339 1106 372; x_wconf 83' lang='lat' dir='ltr'><strong>civilium</strong></span> <span class='ocrx_word' id='word_1_29' title='bbox 1135 337 1245 372; x_wconf 66' lang='lat' dir='ltr'><strong>usus&#39;.¹&gt;</strong></span> 
     </span>
     <span class='ocr_line' id='line_1_6' title="bbox 238 390 1244 438; baseline -0.005 -11"><span class='ocrx_word' id='word_1_30' title='bbox 238 394 430 428; x_wconf 86' lang='lat' dir='ltr'><strong>Dialectica</strong></span> <span class='ocrx_word' id='word_1_31' title='bbox 453 393 548 426; x_wconf 89' lang='lat' dir='ltr'><strong>enim</strong></span> <span class='ocrx_word' id='word_1_32' title='bbox 566 398 744 438; x_wconf 87' lang='lat' dir='ltr'><strong>quatenus</strong></span> <span class='ocrx_word' id='word_1_33' title='bbox 761 392 922 425; x_wconf 89' lang='lat' dir='ltr'><strong>serviunt</strong></span> <span class='ocrx_word' id='word_1_34' title='bbox 942 390 1163 430; x_wconf 86' lang='lat' dir='ltr'><strong>inventioni,</strong></span> <span class='ocrx_word' id='word_1_35' title='bbox 1192 391 1244 423; x_wconf 91' lang='lat' dir='ltr'><strong>iu-</strong></span> 
     </span>
     <span class='ocr_line' id='line_1_7' title="bbox 239 442 1244 488; baseline -0.003 -10"><span class='ocrx_word' id='word_1_36' title='bbox 239 447 332 478; x_wconf 76' lang='lat' dir='ltr'><strong>dicio</strong></span> <span class='ocrx_word' id='word_1_37' title='bbox 369 452 403 478; x_wconf 92' lang='lat' dir='ltr'><strong>et</strong></span> <span class='ocrx_word' id='word_1_38' title='bbox 439 444 688 488; x_wconf 71' lang='lat' dir='ltr'><strong>dispositioni,</strong></span> <span class='ocrx_word' id='word_1_39' title='bbox 740 443 1030 487; x_wconf 87' lang='lat' dir='ltr'><strong>praescribimus.</strong></span> <span class='ocrx_word' id='word_1_40' title='bbox 1110 442 1244 485; x_wconf 79' lang='lat' dir='ltr'><strong>Nugas,</strong></span> 
     </span>
     <span class='ocr_line' id='line_1_8' title="bbox 239 494 1245 543; baseline -0.003 -13"><span class='ocrx_word' id='word_1_41' title='bbox 239 510 331 543; x_wconf 89' lang='lat' dir='ltr'><strong>quae</strong></span> <span class='ocrx_word' id='word_1_42' title='bbox 365 509 384 529; x_wconf 91' lang='lat' dir='ltr'><strong>a</strong></span> <span class='ocrx_word' id='word_1_43' title='bbox 416 496 511 529; x_wconf 89' lang='lat' dir='ltr'><strong>civili</strong></span> <span class='ocrx_word' id='word_1_44' title='bbox 542 508 647 529; x_wconf 88' lang='lat' dir='ltr'><strong>sensu</strong></span> <span class='ocrx_word' id='word_1_45' title='bbox 672 501 833 528; x_wconf 86' lang='lat' dir='ltr'><strong>remotae</strong></span> <span class='ocrx_word' id='word_1_46' title='bbox 861 501 963 533; x_wconf 89' lang='lat' dir='ltr'><strong>sunt,</strong></span> <span class='ocrx_word' id='word_1_47' title='bbox 1000 494 1245 539; x_wconf 81' lang='lat' dir='ltr'><strong>relinquemus</strong></span> 
     </span>
     <span class='ocr_line' id='line_1_9' title="bbox 240 547 1243 594; baseline -0.004 -13"><span class='ocrx_word' id='word_1_48' title='bbox 240 550 302 589; x_wconf 90' lang='lat' dir='ltr'><strong>iis,</strong></span> <span class='ocrx_word' id='word_1_49' title='bbox 348 548 409 594; x_wconf 88' lang='lat' dir='ltr'><strong>qui</strong></span> <span class='ocrx_word' id='word_1_50' title='bbox 439 560 512 581; x_wconf 92' lang='lat' dir='ltr'><strong>non</strong></span> <span class='ocrx_word' id='word_1_51' title='bbox 544 547 641 580; x_wconf 84' lang='lat' dir='ltr'><strong>aliud</strong></span> <span class='ocrx_word' id='word_1_52' title='bbox 676 560 693 579; x_wconf 90' lang='lat' dir='ltr'><strong>a</strong></span> <span class='ocrx_word' id='word_1_53' title='bbox 721 547 915 579; x_wconf 77' lang='lat' dir='ltr'><strong>dialecticis</strong></span> <span class='ocrx_word' id='word_1_54' title='bbox 949 552 1095 590; x_wconf 85' lang='lat' dir='ltr'><strong>petunt,</strong></span> <span class='ocrx_word' id='word_1_55' title='bbox 1135 559 1243 591; x_wconf 85' lang='lat' dir='ltr'><strong>quam</strong></span> 
     </span>
     <span class='ocr_line' id='line_1_10' title="bbox 240 598 1126 644; baseline -0.005 -11"><span class='ocrx_word' id='word_1_56' title='bbox 240 600 402 639; x_wconf 84' lang='lat' dir='ltr'><strong>rixandi,</strong></span> <span class='ocrx_word' id='word_1_57' title='bbox 431 599 645 639; x_wconf 77' lang='lat' dir='ltr'><strong>cavillandi,</strong></span> <span class='ocrx_word' id='word_1_58' title='bbox 674 599 906 644; x_wconf 84' lang='lat' dir='ltr'><strong>nugandique</strong></span> <span class='ocrx_word' id='word_1_59' title='bbox 928 598 1126 630; x_wconf 82' lang='lat' dir='ltr'><strong>materiem.</strong></span> 
     </span>
    </p>
   </div>
   <div class='ocr_carea' id='block_1_3' title="bbox 365 691 1113 738">
    <p class='ocr_par' dir='ltr' id='par_1_3' title="bbox 365 691 1113 738">
     <span class='ocr_line' id='line_1_11' title="bbox 365 691 1113 738; baseline -0.004 -11"><span class='ocrx_word' id='word_1_60' title='bbox 365 694 426 727; x_wconf 91' lang='lat' dir='ltr'><strong>De</strong></span> <span class='ocrx_word' id='word_1_61' title='bbox 456 693 764 737; x_wconf 87' lang='lat' dir='ltr'><strong>pronuntiato</strong></span> <span class='ocrx_word' id='word_1_62' title='bbox 793 691 1113 738; x_wconf 88' lang='lat' dir='ltr'><strong>hypothetico.</strong></span> 
     </span>
    </p>
   </div>
   <div class='ocr_carea' id='block_1_4' title="bbox 240 760 1247 1326">
    <p class='ocr_par' dir='ltr' id='par_1_4' title="bbox 240 760 1247 1326">
     <span class='ocr_line' id='line_1_12' title="bbox 344 760 1244 806; baseline -0.003 -11"><span class='ocrx_word' id='word_1_63' title='bbox 344 763 526 796; x_wconf 87' lang='lat' dir='ltr'><strong>Hactenus</strong></span> <span class='ocrx_word' id='word_1_64' title='bbox 551 763 593 794; x_wconf 88' lang='lat' dir='ltr'><strong>de</strong></span> <span class='ocrx_word' id='word_1_65' title='bbox 620 762 855 806; x_wconf 83' lang='lat' dir='ltr'><strong>pronuntiato</strong></span> <span class='ocrx_word' id='word_1_66' title='bbox 879 762 971 800; x_wconf 86' lang='lat' dir='ltr'><strong>dixi,</strong></span> <span class='ocrx_word' id='word_1_67' title='bbox 1014 773 1128 806; x_wconf 83' lang='lat' dir='ltr'><strong>eoque</strong></span> <span class='ocrx_word' id='word_1_68' title='bbox 1162 760 1244 793; x_wconf 88' lang='lat' dir='ltr'><strong>sim-</strong></span> 
     </span>
     <span class='ocr_line' id='line_1_13' title="bbox 240 813 1244 862; baseline -0.006 -13"><span class='ocrx_word' id='word_1_69' title='bbox 240 816 343 862; x_wconf 89' lang='lat' dir='ltr'><strong>plici,</strong></span> <span class='ocrx_word' id='word_1_70' title='bbox 381 816 477 860; x_wconf 86' lang='lat' dir='ltr'><strong>quod</strong></span> <span class='ocrx_word' id='word_1_71' title='bbox 504 813 625 846; x_wconf 78' lang='lat' dir='ltr'><strong>definii</strong></span> <span class='ocrx_word' id='word_1_72' title='bbox 649 814 851 846; x_wconf 82' lang='lat' dir='ltr'><strong>orationem</strong></span> <span class='ocrx_word' id='word_1_73' title='bbox 877 827 1008 851; x_wconf 78' lang='lat' dir='ltr'><strong>unam,</strong></span> <span class='ocrx_word' id='word_1_74' title='bbox 1054 813 1244 855; x_wconf 81' lang='lat' dir='ltr'><strong>integram,</strong></span> 
     </span>
     <span class='ocr_line' id='line_1_14' title="bbox 241 864 1244 909; baseline -0.006 -8"><span class='ocrx_word' id='word_1_75' title='bbox 241 868 464 906; x_wconf 88' lang='lat' dir='ltr'><strong>absolutam,</strong></span> <span class='ocrx_word' id='word_1_76' title='bbox 500 872 533 898; x_wconf 88' lang='lat' dir='ltr'><strong>et</strong></span> <span class='ocrx_word' id='word_1_77' title='bbox 556 865 802 898; x_wconf 82' lang='lat' dir='ltr'><strong>indicativam.</strong></span> <span class='ocrx_word' id='word_1_78' title='bbox 858 866 1008 898; x_wconf 77' lang='lat' dir='ltr'><strong>Addunt</strong></span> <span class='ocrx_word' id='word_1_79' title='bbox 1032 864 1244 909; x_wconf 86' lang='lat' dir='ltr'><strong>pronuntia-</strong></span> 
     </span>
     <span class='ocr_line' id='line_1_15' title="bbox 241 915 1242 964; baseline -0.006 -11"><span class='ocrx_word' id='word_1_80' title='bbox 241 921 285 953; x_wconf 86' lang='lat' dir='ltr'><strong>tis</strong></span> <span class='ocrx_word' id='word_1_81' title='bbox 310 926 344 952; x_wconf 85' lang='lat' dir='ltr'><strong>et</strong></span> <span class='ocrx_word' id='word_1_82' title='bbox 366 915 617 964; x_wconf 87' lang='lat' dir='ltr'><strong>hypotheticas</strong></span> <span class='ocrx_word' id='word_1_83' title='bbox 641 917 825 950; x_wconf 75' lang='lat' dir='ltr'><strong>orationes</strong></span> <span class='ocrx_word' id='word_1_84' title='bbox 847 916 1034 950; x_wconf 86' lang='lat' dir='ltr'><strong>dialectici.</strong></span> <span class='ocrx_word' id='word_1_85' title='bbox 1107 915 1242 949; x_wconf 82' lang='lat' dir='ltr'><strong>Verum</strong></span> 
     </span>
     <span class='ocr_line' id='line_1_16' title="bbox 240 968 1244 1010; baseline -0.006 -5"><span class='ocrx_word' id='word_1_86' title='bbox 240 969 330 1005; x_wconf 79' lang='lat' dir='ltr'><strong>milii</strong></span> <span class='ocrx_word' id='word_1_87' title='bbox 358 971 472 1003; x_wconf 84' lang='lat' dir='ltr'><strong>visum</strong></span> <span class='ocrx_word' id='word_1_88' title='bbox 499 976 568 1008; x_wconf 78' lang='lat' dir='ltr'><strong>est,</strong></span> <span class='ocrx_word' id='word_1_89' title='bbox 604 981 726 1001; x_wconf 89' lang='lat' dir='ltr'><strong>earum</strong></span> <span class='ocrx_word' id='word_1_90' title='bbox 756 968 933 1001; x_wconf 89' lang='lat' dir='ltr'><strong>rationem</strong></span> <span class='ocrx_word' id='word_1_91' title='bbox 962 968 1244 1010; x_wconf 65' lang='lat' dir='ltr'><strong>argumentatio-</strong></span> 
     </span>
     <span class='ocr_line' id='line_1_17' title="bbox 240 1018 1245 1066; baseline -0.005 -10"><span class='ocrx_word' id='word_1_92' title='bbox 240 1024 345 1056; x_wconf 84' lang='lat' dir='ltr'><strong>nibus</strong></span> <span class='ocrx_word' id='word_1_93' title='bbox 370 1022 563 1060; x_wconf 85' lang='lat' dir='ltr'><strong>subiicere,</strong></span> <span class='ocrx_word' id='word_1_94' title='bbox 591 1021 720 1066; x_wconf 88' lang='lat' dir='ltr'><strong>quibus</strong></span> <span class='ocrx_word' id='word_1_95' title='bbox 745 1033 824 1053; x_wconf 75' lang='lat' dir='ltr'><strong>cuin</strong></span> <span class='ocrx_word' id='word_1_96' title='bbox 853 1018 1146 1066; x_wconf 64' lang='lat' dir='ltr'><strong>hypotheticisssss)</strong></span> <span class='ocrx_word' id='word_1_97' title='bbox 1170 1032 1245 1052; x_wconf 90' lang='lat' dir='ltr'><strong>non</strong></span> 
     </span>
     <span class='ocr_line' id='line_1_18' title="bbox 241 1072 1245 1119; baseline -0.004 -11"><span class='ocrx_word' id='word_1_98' title='bbox 241 1076 360 1119; x_wconf 91' lang='lat' dir='ltr'><strong>inepte</strong></span> <span class='ocrx_word' id='word_1_99' title='bbox 397 1072 576 1106; x_wconf 80' lang='lat' dir='ltr'><strong>convenit.</strong></span> <span class='ocrx_word' id='word_1_100' title='bbox 654 1073 780 1118; x_wconf 80' lang='lat' dir='ltr'><strong>Neque</strong></span> <span class='ocrx_word' id='word_1_101' title='bbox 811 1084 895 1105; x_wconf 74' lang='lat' dir='ltr'><strong>vero</strong></span> <span class='ocrx_word' id='word_1_102' title='bbox 924 1072 1090 1116; x_wconf 83' lang='lat' dir='ltr'><strong>cognosci</strong></span> <span class='ocrx_word' id='word_1_103' title='bbox 1126 1078 1245 1105; x_wconf 86' lang='lat' dir='ltr'><strong>exacte</strong></span> 
     </span>
     <span class='ocr_line' id='line_1_19' title="bbox 241 1122 1243 1172; baseline -0.005 -12"><span class='ocrx_word' id='word_1_104' title='bbox 241 1133 412 1172; x_wconf 83' lang='lat' dir='ltr'><strong>possunt,</strong></span> <span class='ocrx_word' id='word_1_105' title='bbox 454 1124 522 1158; x_wconf 92' lang='lat' dir='ltr'><strong>nisi</strong></span> <span class='ocrx_word' id='word_1_106' title='bbox 554 1124 751 1169; x_wconf 76' lang='lat' dir='ltr'><strong>syllogismi</strong></span> <span class='ocrx_word' id='word_1_107' title='bbox 785 1131 911 1157; x_wconf 82' lang='lat' dir='ltr'><strong>natura</strong></span> <span class='ocrx_word' id='word_1_108' title='bbox 946 1124 1100 1168; x_wconf 81' lang='lat' dir='ltr'><strong>cognita.</strong></span> <span class='ocrx_word' id='word_1_109' title='bbox 1170 1122 1243 1155; x_wconf 89' lang='lat' dir='ltr'><strong>Iam</strong></span> 
     </span>
     <span class='ocr_line' id='line_1_20' title="bbox 243 1174 1247 1223; baseline -0.006 -11"><span class='ocrx_word' id='word_1_110' title='bbox 243 1192 321 1212; x_wconf 82' lang='lat' dir='ltr'><strong>cum</strong></span> <span class='ocrx_word' id='word_1_111' title='bbox 338 1174 593 1223; x_wconf 72' lang='lat' dir='ltr'><strong>hypotheticae</strong></span> <span class='ocrx_word' id='word_1_112' title='bbox 611 1177 682 1210; x_wconf 88' lang='lat' dir='ltr'><strong>sint</strong></span> <span class='ocrx_word' id='word_1_113' title='bbox 699 1188 739 1209; x_wconf 83' lang='lat' dir='ltr'><strong>ex</strong></span> <span class='ocrx_word' id='word_1_114' title='bbox 765 1176 986 1220; x_wconf 79' lang='lat' dir='ltr'><strong>simplicibus</strong></span> <span class='ocrx_word' id='word_1_115' title='bbox 1010 1175 1130 1208; x_wconf 86' lang='lat' dir='ltr'><strong>multis</strong></span> <span class='ocrx_word' id='word_1_116' title='bbox 1159 1187 1247 1207; x_wconf 89' lang='lat' dir='ltr'><strong>con-</strong></span> 
     </span>
     <span class='ocr_line' id='line_1_21' title="bbox 244 1226 1246 1274; baseline -0.006 -10"><span class='ocrx_word' id='word_1_117' title='bbox 244 1237 380 1269; x_wconf 89' lang='lat' dir='ltr'><strong>textae,</strong></span> <span class='ocrx_word' id='word_1_118' title='bbox 408 1229 580 1262; x_wconf 89' lang='lat' dir='ltr'><strong>iudicium</strong></span> <span class='ocrx_word' id='word_1_119' title='bbox 610 1241 754 1274; x_wconf 83' lang='lat' dir='ltr'><strong>quoque</strong></span> <span class='ocrx_word' id='word_1_120' title='bbox 779 1240 902 1260; x_wconf 89' lang='lat' dir='ltr'><strong>earum</strong></span> <span class='ocrx_word' id='word_1_121' title='bbox 927 1234 978 1260; x_wconf 80' lang='lat' dir='ltr'><strong>est</strong></span> <span class='ocrx_word' id='word_1_122' title='bbox 1002 1240 1018 1259; x_wconf 81' lang='lat' dir='ltr'><strong>e</strong></span> <span class='ocrx_word' id='word_1_123' title='bbox 1046 1226 1246 1270; x_wconf 86' lang='lat' dir='ltr'><strong>superiori—</strong></span> 
     </span>
     <span class='ocr_line' id='line_1_22' title="bbox 243 1282 539 1326; baseline -0.007 -10"><span class='ocrx_word' id='word_1_124' title='bbox 243 1284 308 1316; x_wconf 89' lang='lat' dir='ltr'><strong>bus</strong></span> <span class='ocrx_word' id='word_1_125' title='bbox 332 1282 539 1326; x_wconf 86' lang='lat' dir='ltr'><strong>petendum.</strong></span> 
     </span>
    </p>
   </div>
   <div class='ocr_carea' id='block_1_5' title="bbox 295 1364 1194 1412">
    <p class='ocr_par' dir='ltr' id='par_1_5' title="bbox 295 1364 1194 1412">
     <span class='ocr_line' id='line_1_23' title="bbox 295 1364 1194 1412; baseline -0.003 -10"><span class='ocrx_word' id='word_1_126' title='bbox 295 1368 356 1401; x_wconf 90' lang='lat' dir='ltr'><strong>De</strong></span> <span class='ocrx_word' id='word_1_127' title='bbox 386 1366 810 1412; x_wconf 77' lang='lat' dir='ltr'><strong>argumentatione,</strong></span> <span class='ocrx_word' id='word_1_128' title='bbox 843 1364 983 1398; x_wconf 88' lang='lat' dir='ltr'><strong>Liber</strong></span> <span class='ocrx_word' id='word_1_129' title='bbox 1012 1366 1194 1399; x_wconf 90' lang='lat' dir='ltr'><strong>tertius.</strong></span> 
     </span>
    </p>
   </div>
   <div class='ocr_carea' id='block_1_6' title="bbox 242 1435 1249 2366">
    <p class='ocr_par' dir='ltr' id='par_1_6' title="bbox 242 1435 1249 2366">
     <span class='ocr_line' id='line_1_24' title="bbox 346 1435 1248 1479; baseline -0.001 -10"><span class='ocrx_word' id='word_1_130' title='bbox 346 1435 400 1469; x_wconf 87' lang='lat' dir='ltr'><strong>Ex</strong></span> <span class='ocrx_word' id='word_1_131' title='bbox 432 1436 527 1469; x_wconf 90' lang='lat' dir='ltr'><strong>nulla</strong></span> <span class='ocrx_word' id='word_1_132' title='bbox 554 1441 656 1479; x_wconf 90' lang='lat' dir='ltr'><strong>parte</strong></span> <span class='ocrx_word' id='word_1_133' title='bbox 681 1435 881 1468; x_wconf 72' lang='lat' dir='ltr'><strong>dialectices</strong></span> <span class='ocrx_word' id='word_1_134' title='bbox 914 1435 993 1479; x_wconf 90' lang='lat' dir='ltr'><strong>plus</strong></span> <span class='ocrx_word' id='word_1_135' title='bbox 1022 1436 1158 1468; x_wconf 84' lang='lat' dir='ltr'><strong>fructus</strong></span> <span class='ocrx_word' id='word_1_136' title='bbox 1184 1441 1248 1475; x_wconf 88' lang='lat' dir='ltr'><strong>est,</strong></span> 
     </span>
     <span class='ocr_line' id='line_1_25' title="bbox 244 1485 1247 1535; baseline -0.003 -13"><span class='ocrx_word' id='word_1_137' title='bbox 244 1501 353 1535; x_wconf 89' lang='lat' dir='ltr'><strong>quam</strong></span> <span class='ocrx_word' id='word_1_138' title='bbox 370 1501 412 1521; x_wconf 80' lang='lat' dir='ltr'><strong>ex</strong></span> <span class='ocrx_word' id='word_1_139' title='bbox 431 1500 489 1528; x_wconf 89' lang='lat' dir='ltr'><strong>ea,</strong></span> <span class='ocrx_word' id='word_1_140' title='bbox 517 1500 624 1533; x_wconf 83' lang='lat' dir='ltr'><strong>quam</strong></span> <span class='ocrx_word' id='word_1_141' title='bbox 643 1485 712 1519; x_wconf 88' lang='lat' dir='ltr'><strong>hoc</strong></span> <span class='ocrx_word' id='word_1_142' title='bbox 728 1487 820 1519; x_wconf 90' lang='lat' dir='ltr'><strong>libro</strong></span> <span class='ocrx_word' id='word_1_143' title='bbox 841 1487 1086 1527; x_wconf 82' lang='lat' dir='ltr'><strong>absolvemus,</strong></span> <span class='ocrx_word' id='word_1_144' title='bbox 1116 1487 1153 1519; x_wconf 93' lang='lat' dir='ltr'><strong>in</strong></span> <span class='ocrx_word' id='word_1_145' title='bbox 1176 1499 1247 1532; x_wconf 88' lang='lat' dir='ltr'><strong>quo</strong></span> 
     </span>
     <span class='ocr_line' id='line_1_26' title="bbox 242 1538 1246 1583; baseline -0.004 -9"><span class='ocrx_word' id='word_1_146' title='bbox 242 1541 416 1574; x_wconf 86' lang='lat' dir='ltr'><strong>formulas</strong></span> <span class='ocrx_word' id='word_1_147' title='bbox 433 1546 728 1583; x_wconf 84' lang='lat' dir='ltr'><strong>argumentorum</strong></span> <span class='ocrx_word' id='word_1_148' title='bbox 747 1539 991 1572; x_wconf 80' lang='lat' dir='ltr'><strong>tractabimus.</strong></span> <span class='ocrx_word' id='word_1_149' title='bbox 1045 1538 1135 1582; x_wconf 86' lang='lat' dir='ltr'><strong>Quis</strong></span> <span class='ocrx_word' id='word_1_150' title='bbox 1151 1538 1246 1571; x_wconf 88' lang='lat' dir='ltr'><strong>enim</strong></span> 
     </span>
     <span class='ocr_line' id='line_1_27' title="bbox 244 1590 1248 1637; baseline -0.003 -11"><span class='ocrx_word' id='word_1_151' title='bbox 244 1592 461 1637; x_wconf 88' lang='lat' dir='ltr'><strong>simplicium</strong></span> <span class='ocrx_word' id='word_1_152' title='bbox 487 1603 635 1630; x_wconf 88' lang='lat' dir='ltr'><strong>vocum,</strong></span> <span class='ocrx_word' id='word_1_153' title='bbox 668 1590 746 1635; x_wconf 89' lang='lat' dir='ltr'><strong>quis</strong></span> <span class='ocrx_word' id='word_1_154' title='bbox 774 1590 994 1623; x_wconf 88' lang='lat' dir='ltr'><strong>axiomatum</strong></span> <span class='ocrx_word' id='word_1_155' title='bbox 1022 1603 1104 1624; x_wconf 88' lang='lat' dir='ltr'><strong>usus</strong></span> <span class='ocrx_word' id='word_1_156' title='bbox 1128 1590 1248 1630; x_wconf 87' lang='lat' dir='ltr'><strong>suerit,</strong></span> 
     </span>
     <span class='ocr_line' id='line_1_28' title="bbox 245 1641 1247 1686; baseline -0.003 -9"><span class='ocrx_word' id='word_1_157' title='bbox 245 1645 313 1679; x_wconf 89' lang='lat' dir='ltr'><strong>nisi</strong></span> <span class='ocrx_word' id='word_1_158' title='bbox 345 1657 386 1677; x_wconf 89' lang='lat' dir='ltr'><strong>ex</strong></span> <span class='ocrx_word' id='word_1_159' title='bbox 415 1643 463 1676; x_wconf 92' lang='lat' dir='ltr'><strong>eis</strong></span> <span class='ocrx_word' id='word_1_160' title='bbox 502 1649 738 1675; x_wconf 85' lang='lat' dir='ltr'><strong>contexantur</strong></span> <span class='ocrx_word' id='word_1_161' title='bbox 778 1641 1015 1686; x_wconf 75' lang='lat' dir='ltr'><strong>argumenta?</strong></span> <span class='ocrx_word' id='word_1_162' title='bbox 1084 1642 1247 1675; x_wconf 86' lang='lat' dir='ltr'><strong>Primum</strong></span> 
     </span>
     <span class='ocr_line' id='line_1_29' title="bbox 245 1694 1248 1741; baseline -0.003 -12"><span class='ocrx_word' id='word_1_163' title='bbox 245 1709 351 1741; x_wconf 87' lang='lat' dir='ltr'><strong>ergo,</strong></span> <span class='ocrx_word' id='word_1_164' title='bbox 387 1707 478 1741; x_wconf 91' lang='lat' dir='ltr'><strong>quae</strong></span> <span class='ocrx_word' id='word_1_165' title='bbox 501 1695 629 1727; x_wconf 88' lang='lat' dir='ltr'><strong>debeat</strong></span> <span class='ocrx_word' id='word_1_166' title='bbox 651 1706 724 1727; x_wconf 87' lang='lat' dir='ltr'><strong>esse</strong></span> <span class='ocrx_word' id='word_1_167' title='bbox 752 1694 955 1738; x_wconf 85' lang='lat' dir='ltr'><strong>argumenti</strong></span> <span class='ocrx_word' id='word_1_168' title='bbox 983 1694 1153 1739; x_wconf 90' lang='lat' dir='ltr'><strong>cuiusque</strong></span> <span class='ocrx_word' id='word_1_169' title='bbox 1177 1695 1248 1727; x_wconf 88' lang='lat' dir='ltr'><strong>for-</strong></span> 
     </span>
     <span class='ocr_line' id='line_1_30' title="bbox 245 1744 1249 1791; baseline -0.002 -10"><span class='ocrx_word' id='word_1_170' title='bbox 245 1761 324 1788; x_wconf 87' lang='lat' dir='ltr'><strong>ma,</strong></span> <span class='ocrx_word' id='word_1_171' title='bbox 352 1747 606 1780; x_wconf 85' lang='lat' dir='ltr'><strong>describemus.</strong></span> <span class='ocrx_word' id='word_1_172' title='bbox 660 1746 743 1780; x_wconf 68' lang='lat' dir='ltr'><strong>Non</strong></span> <span class='ocrx_word' id='word_1_173' title='bbox 766 1744 833 1779; x_wconf 84' lang='lat' dir='ltr'><strong>hoc</strong></span> <span class='ocrx_word' id='word_1_174' title='bbox 850 1746 1008 1790; x_wconf 80' lang='lat' dir='ltr'><strong>agimus,</strong></span> <span class='ocrx_word' id='word_1_175' title='bbox 1037 1747 1131 1779; x_wconf 87' lang='lat' dir='ltr'><strong>unde</strong></span> <span class='ocrx_word' id='word_1_176' title='bbox 1150 1752 1249 1791; x_wconf 87' lang='lat' dir='ltr'><strong>petas</strong></span> 
     </span>
     <span class='ocr_line' id='line_1_31' title="bbox 245 1798 1248 1844; baseline -0.003 -11"><span class='ocrx_word' id='word_1_177' title='bbox 245 1798 522 1844; x_wconf 85' lang='lat' dir='ltr'><strong>argumentandi</strong></span> <span class='ocrx_word' id='word_1_178' title='bbox 554 1798 762 1838; x_wconf 88' lang='lat' dir='ltr'><strong>materiem,</strong></span> <span class='ocrx_word' id='word_1_179' title='bbox 805 1799 864 1831; x_wconf 85' lang='lat' dir='ltr'><strong>sed</strong></span> <span class='ocrx_word' id='word_1_180' title='bbox 898 1798 1013 1843; x_wconf 88' lang='lat' dir='ltr'><strong>qualis</strong></span> <span class='ocrx_word' id='word_1_181' title='bbox 1045 1798 1248 1842; x_wconf 84' lang='lat' dir='ltr'><strong>argumenti</strong></span> 
     </span>
     <span class='ocr_line' id='line_1_32' title="bbox 243 1849 1249 1897; baseline -0.002 -12"><span class='ocrx_word' id='word_1_182' title='bbox 243 1853 359 1885; x_wconf 83' lang='lat' dir='ltr'><strong>forma</strong></span> <span class='ocrx_word' id='word_1_183' title='bbox 377 1863 450 1884; x_wconf 88' lang='lat' dir='ltr'><strong>esse</strong></span> <span class='ocrx_word' id='word_1_184' title='bbox 468 1851 615 1889; x_wconf 86' lang='lat' dir='ltr'><strong>debeat,</strong></span> <span class='ocrx_word' id='word_1_185' title='bbox 651 1849 896 1897; x_wconf 60' lang='lat' dir='ltr'><strong>docemusffi),</strong></span> <span class='ocrx_word' id='word_1_186' title='bbox 932 1856 1038 1896; x_wconf 91' lang='lat' dir='ltr'><strong>atque</strong></span> <span class='ocrx_word' id='word_1_187' title='bbox 1064 1852 1174 1891; x_wconf 91' lang='lat' dir='ltr'><strong>adeo,</strong></span> <span class='ocrx_word' id='word_1_188' title='bbox 1210 1857 1249 1883; x_wconf 91' lang='lat' dir='ltr'><strong>ut</strong></span> 
     </span>
     <span class='ocr_line' id='line_1_33' title="bbox 245 1902 1248 1949; baseline -0.002 -12"><span class='ocrx_word' id='word_1_189' title='bbox 245 1905 287 1937; x_wconf 87' lang='lat' dir='ltr'><strong>de</strong></span> <span class='ocrx_word' id='word_1_190' title='bbox 308 1903 436 1949; x_wconf 82' lang='lat' dir='ltr'><strong>quovis</strong></span> <span class='ocrx_word' id='word_1_191' title='bbox 453 1908 666 1946; x_wconf 82' lang='lat' dir='ltr'><strong>argumento</strong></span> <span class='ocrx_word' id='word_1_192' title='bbox 688 1902 845 1935; x_wconf 89' lang='lat' dir='ltr'><strong>iudicare</strong></span> <span class='ocrx_word' id='word_1_193' title='bbox 866 1902 998 1946; x_wconf 87' lang='lat' dir='ltr'><strong>possis,</strong></span> <span class='ocrx_word' id='word_1_194' title='bbox 1033 1909 1113 1947; x_wconf 86' lang='lat' dir='ltr'><strong>apte</strong></span> <span class='ocrx_word' id='word_1_195' title='bbox 1129 1915 1172 1936; x_wconf 94' lang='lat' dir='ltr'><strong>ne</strong></span> <span class='ocrx_word' id='word_1_196' title='bbox 1191 1915 1248 1935; x_wconf 92' lang='lat' dir='ltr'><strong>co-</strong></span> 
     </span>
     <span class='ocr_line' id='line_1_34' title="bbox 245 1954 1247 2000; baseline 0 -12"><span class='ocrx_word' id='word_1_197' title='bbox 245 1954 393 1989; x_wconf 84' lang='lat' dir='ltr'><strong>haereat</strong></span> <span class='ocrx_word' id='word_1_198' title='bbox 412 1967 457 1987; x_wconf 88' lang='lat' dir='ltr'><strong>an</strong></span> <span class='ocrx_word' id='word_1_199' title='bbox 482 1967 569 1988; x_wconf 85' lang='lat' dir='ltr'><strong>non.</strong></span> <span class='ocrx_word' id='word_1_200' title='bbox 629 1954 755 1999; x_wconf 88' lang='lat' dir='ltr'><strong>Neque</strong></span> <span class='ocrx_word' id='word_1_201' title='bbox 783 1954 878 1986; x_wconf 88' lang='lat' dir='ltr'><strong>enim</strong></span> <span class='ocrx_word' id='word_1_202' title='bbox 906 1960 1038 1987; x_wconf 87' lang='lat' dir='ltr'><strong>temere</strong></span> <span class='ocrx_word' id='word_1_203' title='bbox 1067 1967 1247 2000; x_wconf 85' lang='lat' dir='ltr'><strong>quaecun-</strong></span> 
     </span>
     <span class='ocr_line' id='line_1_35' title="bbox 246 2006 1249 2053; baseline 0 -13"><span class='ocrx_word' id='word_1_204' title='bbox 246 2020 314 2053; x_wconf 88' lang='lat' dir='ltr'><strong>que</strong></span> <span class='ocrx_word' id='word_1_205' title='bbox 348 2007 668 2051; x_wconf 89' lang='lat' dir='ltr'><strong>pronuntiatorum</strong></span> <span class='ocrx_word' id='word_1_206' title='bbox 703 2006 886 2049; x_wconf 86' lang='lat' dir='ltr'><strong>congeries</strong></span> <span class='ocrx_word' id='word_1_207' title='bbox 912 2006 1158 2051; x_wconf 72' lang='lat' dir='ltr'><strong>syllogismum</strong></span> <span class='ocrx_word' id='word_1_208' title='bbox 1187 2013 1249 2040; x_wconf 88' lang='lat' dir='ltr'><strong>aut</strong></span> 
     </span>
     <span class='ocr_line' id='line_1_36' title="bbox 246 2057 1248 2104; baseline 0.001 -13"><span class='ocrx_word' id='word_1_209' title='bbox 246 2057 475 2104; x_wconf 82' lang='lat' dir='ltr'><strong>enthymema</strong></span> <span class='ocrx_word' id='word_1_210' title='bbox 498 2058 658 2098; x_wconf 88' lang='lat' dir='ltr'><strong>conficit,</strong></span> <span class='ocrx_word' id='word_1_211' title='bbox 686 2059 746 2091; x_wconf 85' lang='lat' dir='ltr'><strong>sed</strong></span> <span class='ocrx_word' id='word_1_212' title='bbox 764 2058 893 2091; x_wconf 86' lang='lat' dir='ltr'><strong>finibus</strong></span> <span class='ocrx_word' id='word_1_213' title='bbox 911 2058 1125 2104; x_wconf 84' lang='lat' dir='ltr'><strong>quibusdam</strong></span> <span class='ocrx_word' id='word_1_214' title='bbox 1151 2072 1248 2092; x_wconf 87' lang='lat' dir='ltr'><strong>com-</strong></span> 
     </span>
     <span class='ocr_line' id='line_1_37' title="bbox 245 2109 1248 2156; baseline 0.001 -13"><span class='ocrx_word' id='word_1_215' title='bbox 245 2109 519 2155; x_wconf 89' lang='lat' dir='ltr'><strong>prehenduntur</strong></span> <span class='ocrx_word' id='word_1_216' title='bbox 553 2110 752 2150; x_wconf 83' lang='lat' dir='ltr'><strong>axiomata,</strong></span> <span class='ocrx_word' id='word_1_217' title='bbox 804 2123 821 2142; x_wconf 86' lang='lat' dir='ltr'><strong>e</strong></span> <span class='ocrx_word' id='word_1_218' title='bbox 856 2110 985 2155; x_wconf 87' lang='lat' dir='ltr'><strong>quibus</strong></span> <span class='ocrx_word' id='word_1_219' title='bbox 1020 2111 1248 2156; x_wconf 76' lang='lat' dir='ltr'><strong>syllogismus</strong></span> 
     </span>
     <span class='ocr_line' id='line_1_38' title="bbox 246 2159 1247 2207; baseline 0.001 -12"><span class='ocrx_word' id='word_1_220' title='bbox 246 2163 434 2195; x_wconf 82' lang='lat' dir='ltr'><strong>conflatur.</strong></span> <span class='ocrx_word' id='word_1_221' title='bbox 503 2163 620 2207; x_wconf 84' lang='lat' dir='ltr'><strong>Atque</strong></span> <span class='ocrx_word' id='word_1_222' title='bbox 644 2160 679 2194; x_wconf 88' lang='lat' dir='ltr'><strong>hi</strong></span> <span class='ocrx_word' id='word_1_223' title='bbox 710 2162 745 2194; x_wconf 91' lang='lat' dir='ltr'><strong>in</strong></span> <span class='ocrx_word' id='word_1_224' title='bbox 772 2159 840 2194; x_wconf 86' lang='lat' dir='ltr'><strong>hoc</strong></span> <span class='ocrx_word' id='word_1_225' title='bbox 867 2163 1125 2207; x_wconf 83' lang='lat' dir='ltr'><strong>circumscripti</strong></span> <span class='ocrx_word' id='word_1_226' title='bbox 1154 2170 1247 2203; x_wconf 88' lang='lat' dir='ltr'><strong>suut,</strong></span> 
     </span>
     <span class='ocr_line' id='line_1_39' title="bbox 244 2214 1247 2260; baseline 0.001 -13"><span class='ocrx_word' id='word_1_227' title='bbox 244 2221 284 2247; x_wconf 84' lang='lat' dir='ltr'><strong>nt</strong></span> <span class='ocrx_word' id='word_1_228' title='bbox 302 2215 346 2248; x_wconf 93' lang='lat' dir='ltr'><strong>sit</strong></span> <span class='ocrx_word' id='word_1_229' title='bbox 366 2220 484 2252; x_wconf 82' lang='lat' dir='ltr'><strong>certa,</strong></span> <span class='ocrx_word' id='word_1_230' title='bbox 513 2215 730 2259; x_wconf 85' lang='lat' dir='ltr'><strong>evidensque</strong></span> <span class='ocrx_word' id='word_1_231' title='bbox 753 2214 949 2254; x_wconf 67' lang='lat' dir='ltr'><strong>sententia,</strong></span> <span class='ocrx_word' id='word_1_232' title='bbox 978 2228 1084 2260; x_wconf 87' lang='lat' dir='ltr'><strong>quam</strong></span> <span class='ocrx_word' id='word_1_233' title='bbox 1116 2217 1247 2259; x_wconf 85' lang='lat' dir='ltr'><strong>probas</strong></span> 
     </span>
     <span class='ocr_line' id='line_1_40' title="bbox 246 2264 1248 2311; baseline 0.003 -13"><span class='ocrx_word' id='word_1_234' title='bbox 246 2272 306 2299; x_wconf 79' lang='lat' dir='ltr'><strong>aut</strong></span> <span class='ocrx_word' id='word_1_235' title='bbox 342 2266 470 2298; x_wconf 83' lang='lat' dir='ltr'><strong>resellis</strong></span> <span class='ocrx_word' id='word_1_236' title='bbox 487 2264 545 2311; x_wconf 73' lang='grc'><strong>38).</strong></span> <span class='ocrx_word' id='word_1_237' title='bbox 612 2266 740 2299; x_wconf 84' lang='lat' dir='ltr'><strong>Nullae</strong></span> <span class='ocrx_word' id='word_1_238' title='bbox 773 2264 976 2299; x_wconf 77' lang='lat' dir='ltr'><strong>Rhetorum</strong></span> <span class='ocrx_word' id='word_1_239' title='bbox 1016 2268 1248 2311; x_wconf 84' lang='lat' dir='ltr'><strong>probationes</strong></span> 
     </span>
     <span class='ocr_line' id='line_1_41' title="bbox 246 2318 1248 2366; baseline 0.004 -17"><span class='ocrx_word' id='word_1_240' title='bbox 246 2323 361 2350; x_wconf 86' lang='lat' dir='ltr'><strong>certae</strong></span> <span class='ocrx_word' id='word_1_241' title='bbox 392 2318 612 2362; x_wconf 72' lang='lat' dir='ltr'><strong>solidaeque</strong></span> <span class='ocrx_word' id='word_1_242' title='bbox 634 2324 736 2357; x_wconf 92' lang='lat' dir='ltr'><strong>sunt,</strong></span> <span class='ocrx_word' id='word_1_243' title='bbox 777 2318 844 2352; x_wconf 87' lang='lat' dir='ltr'><strong>nisi</strong></span> <span class='ocrx_word' id='word_1_244' title='bbox 873 2319 914 2352; x_wconf 91' lang='lat' dir='ltr'><strong>iis</strong></span> <span class='ocrx_word' id='word_1_245' title='bbox 939 2319 1123 2360; x_wconf 83' lang='lat' dir='ltr'><strong>formulis,</strong></span> <span class='ocrx_word' id='word_1_246' title='bbox 1160 2333 1248 2366; x_wconf 86' lang='lat' dir='ltr'><strong>quas</strong></span> 
     </span>
    </p>
   </div>
   <div class='ocr_carea' id='block_1_7' title="bbox 1041 2372 1247 2418">
    <p class='ocr_par' dir='ltr' id='par_1_7' title="bbox 1041 2372 1247 2418">
     <span class='ocr_line' id='line_1_42' title="bbox 1041 2372 1247 2418; baseline 0 -14"><span class='ocrx_word' id='word_1_247' title='bbox 1041 2372 1149 2417; x_wconf 84' lang='lat' dir='ltr'><strong>Quod</strong></span> <span class='ocrx_word' id='word_1_248' title='bbox 1186 2372 1247 2418; x_wconf 90' lang='lat' dir='ltr'><strong>qui</strong></span> 
     </span>
    </p>
   </div>
   <div class='ocr_carea' id='block_1_8' title="bbox 244 2420 1248 2460">
    <p class='ocr_par' dir='ltr' id='par_1_8' title="bbox 244 2420 1248 2460">
     <span class='ocr_line' id='line_1_43' title="bbox 244 2420 1248 2460; baseline 0.004 -8"><span class='ocrx_word' id='word_1_249' title='bbox 244 2433 319 2453; x_wconf 90' lang='lat' dir='ltr'><strong>non</strong></span> <span class='ocrx_word' id='word_1_250' title='bbox 341 2420 456 2460; x_wconf 88' lang='lat' dir='ltr'><strong>videt,</strong></span> <span class='ocrx_word' id='word_1_251' title='bbox 484 2421 592 2454; x_wconf 89' lang='lat' dir='ltr'><strong>totius</strong></span> <span class='ocrx_word' id='word_1_252' title='bbox 617 2421 816 2456; x_wconf 87' lang='lat' dir='ltr'><strong>dialectices</strong></span> <span class='ocrx_word' id='word_1_253' title='bbox 843 2423 959 2456; x_wconf 88' lang='lat' dir='ltr'><strong>fructu</strong></span> <span class='ocrx_word' id='word_1_254' title='bbox 985 2436 1058 2457; x_wconf 88' lang='lat' dir='ltr'><strong>sese</strong></span> <span class='ocrx_word' id='word_1_255' title='bbox 1082 2424 1248 2458; x_wconf 86' lang='lat' dir='ltr'><strong>frustrari</strong></span> 
     </span>
    </p>
   </div>
   <div class='ocr_carea' id='block_1_9' title="bbox 244 2369 964 2416">
    <p class='ocr_par' dir='ltr' id='par_1_9' title="bbox 244 2369 964 2416">
     <span class='ocr_line' id='line_1_44' title="bbox 244 2369 964 2416; baseline 0.003 -14"><span class='ocrx_word' id='word_1_256' title='bbox 244 2369 473 2402; x_wconf 85' lang='lat' dir='ltr'><strong>subiiciemus</strong></span> <span class='ocrx_word' id='word_1_257' title='bbox 486 2396 494 2409; x_wconf 89' lang='lat'><strong>,</strong></span> <span class='ocrx_word' id='word_1_258' title='bbox 536 2369 778 2402; x_wconf 82' lang='lat' dir='ltr'><strong>circumscribi</strong></span> <span class='ocrx_word' id='word_1_259' title='bbox 818 2378 964 2416; x_wconf 85' lang='lat' dir='ltr'><strong>queant.</strong></span> 
     </span>
    </p>
   </div>
   <div class='ocr_carea' id='block_1_10' title="bbox 341 2501 451 2505">
    <p class='ocr_par' dir='ltr' id='par_1_10' title="bbox 341 2501 451 2505">
     <span class='ocr_line' id='line_1_45' title="bbox 341 2501 451 2505; baseline 0 0"><span class='ocrx_word' id='word_1_260' title='bbox 341 2501 451 2505; x_wconf 95' lang='lat' dir='ltr'><strong> </strong></span> 
     </span>
    </p>
   </div>
   <div class='ocr_carea' id='block_1_11' title="bbox 280 2539 574 2596">
    <p class='ocr_par' dir='ltr' id='par_1_11' title="bbox 280 2539 574 2596">
     <span class='ocr_line' id='line_1_46' title="bbox 280 2539 574 2568; baseline 0 -6"><span class='ocrx_word' id='word_1_261' title='bbox 280 2539 328 2565; x_wconf 79' lang='lat'><strong>35)</strong></span> <span class='ocrx_word' id='word_1_262' title='bbox 349 2539 449 2561; x_wconf 80' lang='lat' dir='ltr'><strong>Aunot.</strong></span> <span class='ocrx_word' id='word_1_263' title='bbox 471 2544 574 2568; x_wconf 76' lang='lat' dir='ltr'><strong>marg.:</strong></span> 
     </span>
     <span class='ocr_line' id='line_1_47' title="bbox 315 2573 529 2596; baseline 0 -1"><span class='ocrx_word' id='word_1_264' title='bbox 315 2573 529 2596; x_wconf 80' lang='lat' dir='ltr'><strong>hallucinantur.</strong></span> 
     </span>
    </p>
   </div>
   <div class='ocr_carea' id='block_1_12' title="bbox 279 2617 574 2647">
    <p class='ocr_par' dir='ltr' id='par_1_12' title="bbox 279 2617 574 2647">
     <span class='ocr_line' id='line_1_48' title="bbox 279 2617 574 2647; baseline -0.007 -7"><span class='ocrx_word' id='word_1_265' title='bbox 279 2617 327 2647; x_wconf 72' lang='lat'><strong>36)</strong></span> <span class='ocrx_word' id='word_1_266' title='bbox 349 2618 449 2641; x_wconf 74' lang='lat' dir='ltr'><strong>Ammt.</strong></span> <span class='ocrx_word' id='word_1_267' title='bbox 471 2622 558 2646; x_wconf 77' lang='lat' dir='ltr'><strong>marg.</strong></span> <span class='ocrx_word' id='word_1_268' title='bbox 568 2624 574 2639; x_wconf 89' lang='lat'>:</span> 
     </span>
    </p>
   </div>
   <div class='ocr_carea' id='block_1_13' title="bbox 279 2661 1187 2726">
    <p class='ocr_par' dir='ltr' id='par_1_13' title="bbox 279 2661 1187 2726">
     <span class='ocr_line' id='line_1_49' title="bbox 279 2661 574 2690; baseline 0.003 -8"><span class='ocrx_word' id='word_1_269' title='bbox 279 2661 327 2687; x_wconf 82' lang='lat'><strong>37)</strong></span> <span class='ocrx_word' id='word_1_270' title='bbox 348 2661 448 2683; x_wconf 79' lang='lat' dir='ltr'><strong>Auuot.</strong></span> <span class='ocrx_word' id='word_1_271' title='bbox 471 2666 574 2690; x_wconf 42' lang='lat' dir='ltr'><strong>marga</strong></span> 
     </span>
     <span class='ocr_line' id='line_1_50' title="bbox 315 2694 1187 2726; baseline 0.005 -8"><span class='ocrx_word' id='word_1_272' title='bbox 315 2697 403 2718; x_wconf 79' lang='lat' dir='ltr'><strong>torum</strong></span> <span class='ocrx_word' id='word_1_273' title='bbox 423 2696 524 2725; x_wconf 65' lang='lat' dir='ltr'><strong>agitur.</strong></span> <span class='ocrx_word' id='word_1_274' title='bbox 545 2695 585 2724; x_wconf 83' lang='lat' dir='ltr'><strong>(iu</strong></span> <span class='ocrx_word' id='word_1_275' title='bbox 608 2695 656 2718; x_wconf 70' lang='lat' dir='ltr'><strong>Ed.</strong></span> <span class='ocrx_word' id='word_1_276' title='bbox 671 2695 695 2718; x_wconf 81' lang='lat'><strong>2.</strong></span> <span class='ocrx_word' id='word_1_277' title='bbox 718 2694 824 2723; x_wconf 67' lang='lat' dir='ltr'><strong>„nou”</strong></span> <span class='ocrx_word' id='word_1_278' title='bbox 846 2697 870 2718; x_wconf 79' lang='lat' dir='ltr'><strong>iu</strong></span> <span class='ocrx_word' id='word_1_279' title='bbox 892 2698 940 2719; x_wconf 74' lang='lat' dir='ltr'><strong>har</strong></span> <span class='ocrx_word' id='word_1_280' title='bbox 959 2699 1053 2721; x_wconf 84' lang='lat' dir='ltr'><strong>annot.</strong></span> <span class='ocrx_word' id='word_1_281' title='bbox 1075 2698 1187 2726; x_wconf 68' lang='lat' dir='ltr'><strong>deest).</strong></span> 
     </span>
    </p>
   </div>
   <div class='ocr_carea' id='block_1_14' title="bbox 279 2738 1015 2767">
    <p class='ocr_par' dir='ltr' id='par_1_14' title="bbox 279 2738 1015 2767">
     <span class='ocr_line' id='line_1_51' title="bbox 279 2738 1015 2767; baseline 0.005 -7"><span class='ocrx_word' id='word_1_282' title='bbox 279 2738 328 2765; x_wconf 56' lang='lat'><strong>35)</strong></span> <span class='ocrx_word' id='word_1_283' title='bbox 349 2739 449 2763; x_wconf 78' lang='lat' dir='ltr'><strong>Annot,</strong></span> <span class='ocrx_word' id='word_1_284' title='bbox 470 2743 571 2767; x_wconf 52' lang='lat' dir='ltr'><strong>marg:</strong></span> <span class='ocrx_word' id='word_1_285' title='bbox 600 2738 718 2760; x_wconf 78' lang='lat' dir='ltr'><strong>Fructus</strong></span> <span class='ocrx_word' id='word_1_286' title='bbox 740 2738 823 2761; x_wconf 74' lang='lat' dir='ltr'><strong>totius</strong></span> <span class='ocrx_word' id='word_1_287' title='bbox 844 2738 1015 2764; x_wconf 76' lang='lat' dir='ltr'><strong>dialecticae.</strong></span> 
     </span>
    </p>
   </div>
   <div class='ocr_carea' id='block_1_15' title="bbox 612 2539 1247 2572">
    <p class='ocr_par' dir='ltr' id='par_1_15' title="bbox 612 2539 1247 2572">
     <span class='ocr_line' id='line_1_52' title="bbox 612 2539 1247 2572; baseline 0.009 -10"><span class='ocrx_word' id='word_1_288' title='bbox 612 2539 652 2562; x_wconf 87' lang='lat' dir='ltr'><strong>De</strong></span> <span class='ocrx_word' id='word_1_289' title='bbox 679 2539 787 2563; x_wconf 84' lang='lat' dir='ltr'><strong>nomine</strong></span> <span class='ocrx_word' id='word_1_290' title='bbox 812 2540 936 2567; x_wconf 78' lang='lat' dir='ltr'><strong>infinito,</strong></span> <span class='ocrx_word' id='word_1_291' title='bbox 968 2541 994 2564; x_wconf 88' lang='lat' dir='ltr'><strong>iu</strong></span> <span class='ocrx_word' id='word_1_292' title='bbox 1021 2548 1073 2572; x_wconf 88' lang='lat' dir='ltr'><strong>quo</strong></span> <span class='ocrx_word' id='word_1_293' title='bbox 1100 2544 1128 2566; x_wconf 85' lang='lat' dir='ltr'><strong>ct</strong></span> <span class='ocrx_word' id='word_1_294' title='bbox 1147 2543 1247 2568; x_wconf 85' lang='lat' dir='ltr'><strong>Graeci</strong></span> 
     </span>
    </p>
   </div>
   <div class='ocr_carea' id='block_1_16' title="bbox 602 2617 947 2646">
    <p class='ocr_par' dir='ltr' id='par_1_16' title="bbox 602 2617 947 2646">
     <span class='ocr_line' id='line_1_53' title="bbox 602 2617 947 2646; baseline 0.012 -8"><span class='ocrx_word' id='word_1_295' title='bbox 602 2617 642 2639; x_wconf 88' lang='lat' dir='ltr'><strong>De</strong></span> <span class='ocrx_word' id='word_1_296' title='bbox 661 2618 844 2646; x_wconf 67' lang='lat' dir='ltr'><strong>hypothetici&lt;</strong></span> <span class='ocrx_word' id='word_1_297' title='bbox 866 2618 947 2642; x_wconf 80' lang='lat' dir='ltr'><strong>iufra.</strong></span> 
     </span>
    </p>
   </div>
   <div class='ocr_carea' id='block_1_17' title="bbox 768 95 1761 132">
    <p class='ocr_par' dir='ltr' id='par_1_17' title="bbox 768 95 1761 132">
     <span class='ocr_line' id='line_1_54' title="bbox 768 95 1761 132; baseline 0.001 -1"><span class='ocrx_word' id='word_1_298' title='bbox 768 98 890 132; x_wconf 55' lang='lat' dir='ltr'><strong>Pffli..</strong></span> <span class='ocrx_word' id='word_1_299' title='bbox 920 97 1033 130; x_wconf 74' lang='lat' dir='ltr'><strong>MEL.</strong></span> <span class='ocrx_word' id='word_1_300' title='bbox 1063 95 1269 130; x_wconf 68' lang='lat' dir='ltr'>SCRIPTA</span> <span class='ocrx_word' id='word_1_301' title='bbox 1296 96 1427 130; x_wconf 75' lang='lat' dir='ltr'><strong>VARll</strong></span> <span class='ocrx_word' id='word_1_302' title='bbox 1454 97 1761 132; x_wconf 69' lang='lat' dir='ltr'><strong>ARGUMENTI.</strong></span> 
     </span>
    </p>
   </div>
   <div class='ocr_carea' id='block_1_18' title="bbox 597 2660 1273 2692">
    <p class='ocr_par' dir='ltr' id='par_1_18' title="bbox 597 2660 1273 2692">
     <span class='ocr_line' id='line_1_55' title="bbox 597 2660 1273 2692; baseline 0.009 -10"><span class='ocrx_word' id='word_1_303' title='bbox 597 2660 645 2682; x_wconf 72' lang='lat' dir='ltr'><strong>Hic</strong></span> <span class='ocrx_word' id='word_1_304' title='bbox 659 2660 692 2682; x_wconf 68' lang='grc'><strong>(1(-</strong></span> <span class='ocrx_word' id='word_1_305' title='bbox 706 2661 811 2684; x_wconf 78' lang='lat' dir='ltr'><strong>sornia.</strong></span> <span class='ocrx_word' id='word_1_306' title='bbox 834 2668 884 2684; x_wconf 74' lang='lat' dir='ltr'><strong>nou</strong></span> <span class='ocrx_word' id='word_1_307' title='bbox 907 2662 939 2684; x_wconf 79' lang='lat' dir='ltr'><strong>tle</strong></span> <span class='ocrx_word' id='word_1_308' title='bbox 961 2663 1073 2686; x_wconf 75' lang='lat' dir='ltr'><strong>materia</strong></span> <span class='ocrx_word' id='word_1_309' title='bbox 1095 2669 1246 2692; x_wconf 60' lang='lat' dir='ltr'><strong>argumen-</strong></span> <span class='ocrx_word' id='word_1_310' title='bbox 1271 2660 1273 2677; x_wconf 67' lang='lat'><em>³</em></span> 
     </span>
    </p>
   </div>
   <div class='ocr_carea' id='block_1_19' title="bbox 2228 101 2303 138">
    <p class='ocr_par' dir='ltr' id='par_1_19' title="bbox 2228 101 2303 138">
     <span class='ocr_line' id='line_1_56' title="bbox 2228 101 2303 138; baseline 0.04 -3"><span class='ocrx_word' id='word_1_311' title='bbox 2228 101 2303 138; x_wconf 81' lang='lat'><strong>732</strong></span> 
     </span>
    </p>
   </div>
   <div class='ocr_carea' id='block_1_20' title="bbox 1298 182 2308 593">
    <p class='ocr_par' dir='ltr' id='par_1_20' title="bbox 1298 182 2308 593">
     <span class='ocr_line' id='line_1_57' title="bbox 1298 182 2304 233; baseline 0.003 -16"><span class='ocrx_word' id='word_1_312' title='bbox 1298 183 1398 217; x_wconf 85' lang='lat' dir='ltr'><strong>sciat.</strong></span> <span class='ocrx_word' id='word_1_313' title='bbox 1460 182 1500 216; x_wconf 90' lang='lat' dir='ltr'><strong>ln</strong></span> <span class='ocrx_word' id='word_1_314' title='bbox 1527 183 1658 217; x_wconf 88' lang='lat' dir='ltr'><strong>caussis</strong></span> <span class='ocrx_word' id='word_1_315' title='bbox 1683 184 1893 225; x_wconf 87' lang='lat' dir='ltr'><strong>rhetorum,</strong></span> <span class='ocrx_word' id='word_1_316' title='bbox 1930 191 2003 218; x_wconf 87' lang='lat' dir='ltr'><strong>tam</strong></span> <span class='ocrx_word' id='word_1_317' title='bbox 2029 186 2159 226; x_wconf 91' lang='lat' dir='ltr'><strong>sacris,</strong></span> <span class='ocrx_word' id='word_1_318' title='bbox 2196 200 2304 233; x_wconf 89' lang='lat' dir='ltr'><strong>quam</strong></span> 
     </span>
     <span class='ocr_line' id='line_1_58' title="bbox 1300 233 2306 285; baseline 0.004 -17"><span class='ocrx_word' id='word_1_319' title='bbox 1300 233 1519 279; x_wconf 86' lang='lat' dir='ltr'><strong>prophanis,</strong></span> <span class='ocrx_word' id='word_1_320' title='bbox 1557 236 1721 268; x_wconf 89' lang='lat' dir='ltr'><strong>retulerit</strong></span> <span class='ocrx_word' id='word_1_321' title='bbox 1745 236 1794 270; x_wconf 92' lang='lat' dir='ltr'><strong>sic</strong></span> <span class='ocrx_word' id='word_1_322' title='bbox 1823 237 1979 269; x_wconf 81' lang='lat' dir='ltr'><strong>exerceri</strong></span> <span class='ocrx_word' id='word_1_323' title='bbox 2010 237 2233 272; x_wconf 79' lang='lat' dir='ltr'><strong>iuventutern</strong></span> <span class='ocrx_word' id='word_1_324' title='bbox 2245 239 2306 285; x_wconf 78' lang='lat'><strong>³⁹),</strong></span> 
     </span>
     <span class='ocr_line' id='line_1_59' title="bbox 1299 287 2307 334; baseline 0.004 -14"><span class='ocrx_word' id='word_1_325' title='bbox 1299 293 1338 320; x_wconf 91' lang='lat' dir='ltr'><strong>ut</strong></span> <span class='ocrx_word' id='word_1_326' title='bbox 1370 287 1512 320; x_wconf 91' lang='lat' dir='ltr'><strong>interim</strong></span> <span class='ocrx_word' id='word_1_327' title='bbox 1547 288 1673 321; x_wconf 82' lang='lat' dir='ltr'><strong>breves</strong></span> <span class='ocrx_word' id='word_1_328' title='bbox 1699 288 1911 328; x_wconf 86' lang='lat' dir='ltr'><strong>sententias,</strong></span> <span class='ocrx_word' id='word_1_329' title='bbox 1955 289 2131 332; x_wconf 82' lang='lat' dir='ltr'><strong>figurasve</strong></span> <span class='ocrx_word' id='word_1_330' title='bbox 2158 290 2307 334; x_wconf 85' lang='lat' dir='ltr'><strong>integris</strong></span> 
     </span>
     <span class='ocr_line' id='line_1_60' title="bbox 1299 338 2306 384; baseline 0.003 -12"><span class='ocrx_word' id='word_1_331' title='bbox 1299 338 1514 383; x_wconf 83' lang='lat' dir='ltr'><strong>syllogismis</strong></span> <span class='ocrx_word' id='word_1_332' title='bbox 1533 345 1734 383; x_wconf 88' lang='lat' dir='ltr'><strong>exponant,</strong></span> <span class='ocrx_word' id='word_1_333' title='bbox 1760 340 1904 373; x_wconf 90' lang='lat' dir='ltr'><strong>interim</strong></span> <span class='ocrx_word' id='word_1_334' title='bbox 1925 340 2082 384; x_wconf 88' lang='lat' dir='ltr'><strong>prolixas</strong></span> <span class='ocrx_word' id='word_1_335' title='bbox 2106 342 2306 375; x_wconf 82' lang='lat' dir='ltr'><strong>contentio-</strong></span> 
     </span>
     <span class='ocr_line' id='line_1_61' title="bbox 1299 391 2308 437; baseline 0.004 -15"><span class='ocrx_word' id='word_1_336' title='bbox 1299 402 1362 424; x_wconf 90' lang='lat' dir='ltr'><strong>nes</strong></span> <span class='ocrx_word' id='word_1_337' title='bbox 1380 391 1486 424; x_wconf 90' lang='lat' dir='ltr'><strong>arctis</strong></span> <span class='ocrx_word' id='word_1_338' title='bbox 1513 391 1689 436; x_wconf 85' lang='lat' dir='ltr'><strong>certisque</strong></span> <span class='ocrx_word' id='word_1_339' title='bbox 1708 392 2000 437; x_wconf 87' lang='lat' dir='ltr'><strong>syllogismorum</strong></span> <span class='ocrx_word' id='word_1_340' title='bbox 2025 392 2201 427; x_wconf 87' lang='lat' dir='ltr'><strong>iuncturis</strong></span> <span class='ocrx_word' id='word_1_341' title='bbox 2226 393 2308 426; x_wconf 89' lang='lat' dir='ltr'><strong>vin-</strong></span> 
     </span>
     <span class='ocr_line' id='line_1_62' title="bbox 1300 442 2307 488; baseline 0.004 -14"><span class='ocrx_word' id='word_1_342' title='bbox 1300 442 1396 475; x_wconf 89' lang='lat' dir='ltr'><strong>ciant</strong></span> <span class='ocrx_word' id='word_1_343' title='bbox 1418 449 1453 475; x_wconf 88' lang='lat' dir='ltr'><strong>et</strong></span> <span class='ocrx_word' id='word_1_344' title='bbox 1478 443 1714 486; x_wconf 83' lang='lat' dir='ltr'><strong>adstringant.</strong></span> <span class='ocrx_word' id='word_1_345' title='bbox 1777 443 1859 488; x_wconf 83' lang='lat' dir='ltr'><strong>Quo</strong></span> <span class='ocrx_word' id='word_1_346' title='bbox 1885 456 2014 487; x_wconf 82' lang='lat' dir='ltr'><strong>genere</strong></span> <span class='ocrx_word' id='word_1_347' title='bbox 2040 444 2307 479; x_wconf 88' lang='lat' dir='ltr'><strong>exercitationis</strong></span> 
     </span>
     <span class='ocr_line' id='line_1_63' title="bbox 1299 494 2305 541; baseline 0.002 -15"><span class='ocrx_word' id='word_1_348' title='bbox 1299 494 1401 527; x_wconf 82' lang='lat' dir='ltr'><strong>facile</strong></span> <span class='ocrx_word' id='word_1_349' title='bbox 1434 501 1468 527; x_wconf 90' lang='lat' dir='ltr'><strong>et</strong></span> <span class='ocrx_word' id='word_1_350' title='bbox 1505 495 1615 528; x_wconf 89' lang='lat' dir='ltr'><strong>totius</strong></span> <span class='ocrx_word' id='word_1_351' title='bbox 1650 494 1826 528; x_wconf 88' lang='lat' dir='ltr'><strong>orationis</strong></span> <span class='ocrx_word' id='word_1_352' title='bbox 1852 508 2004 536; x_wconf 88' lang='lat' dir='ltr'><strong>nervos,</strong></span> <span class='ocrx_word' id='word_1_353' title='bbox 2042 503 2076 529; x_wconf 92' lang='lat' dir='ltr'><strong>et</strong></span> <span class='ocrx_word' id='word_1_354' title='bbox 2102 497 2305 541; x_wconf 85' lang='lat' dir='ltr'><strong>argumenti</strong></span> 
     </span>
     <span class='ocr_line' id='line_1_64' title="bbox 1300 545 2178 593; baseline 0.003 -15"><span class='ocrx_word' id='word_1_355' title='bbox 1300 545 1465 579; x_wconf 90' lang='lat' dir='ltr'><strong>ordinem</strong></span> <span class='ocrx_word' id='word_1_356' title='bbox 1483 553 1590 592; x_wconf 88' lang='lat' dir='ltr'><strong>atque</strong></span> <span class='ocrx_word' id='word_1_357' title='bbox 1608 546 1882 591; x_wconf 88' lang='lat' dir='ltr'><strong>dispositionem</strong></span> <span class='ocrx_word' id='word_1_358' title='bbox 1898 548 2008 581; x_wconf 89' lang='lat' dir='ltr'><strong>fuerit</strong></span> <span class='ocrx_word' id='word_1_359' title='bbox 2026 550 2178 593; x_wconf 88' lang='lat' dir='ltr'><strong>assequi.</strong></span> 
     </span>
    </p>
   </div>
   <div class='ocr_carea' id='block_1_21' title="bbox 1298 605 2306 962">
    <p class='ocr_par' dir='ltr' id='par_1_21' title="bbox 1298 605 2306 962">
     <span class='ocr_line' id='line_1_65' title="bbox 1403 605 2304 651; baseline 0.002 -13"><span class='ocrx_word' id='word_1_360' title='bbox 1403 606 1513 651; x_wconf 86' lang='lat' dir='ltr'><strong>Sequi</strong></span> <span class='ocrx_word' id='word_1_361' title='bbox 1536 607 1639 640; x_wconf 90' lang='lat' dir='ltr'><strong>nobis</strong></span> <span class='ocrx_word' id='word_1_362' title='bbox 1663 607 1749 640; x_wconf 88' lang='lat' dir='ltr'><strong>libet</strong></span> <span class='ocrx_word' id='word_1_363' title='bbox 1774 605 1979 641; x_wconf 86' lang='lat' dir='ltr'><strong>scholarum</strong></span> <span class='ocrx_word' id='word_1_364' title='bbox 2008 608 2304 642; x_wconf 85' lang='lat' dir='ltr'><strong>consuetudinem</strong></span> 
     </span>
     <span class='ocr_line' id='line_1_66' title="bbox 1300 657 2306 704; baseline 0.004 -16"><span class='ocrx_word' id='word_1_365' title='bbox 1300 657 1336 689; x_wconf 87' lang='lat' dir='ltr'><strong>in</strong></span> <span class='ocrx_word' id='word_1_366' title='bbox 1370 659 1603 692; x_wconf 87' lang='lat' dir='ltr'><strong>numerandis</strong></span> <span class='ocrx_word' id='word_1_367' title='bbox 1634 666 1931 702; x_wconf 82' lang='lat' dir='ltr'><strong>argumentorum</strong></span> <span class='ocrx_word' id='word_1_368' title='bbox 1964 660 2223 704; x_wconf 87' lang='lat' dir='ltr'><strong>paradigmatis</strong></span> <span class='ocrx_word' id='word_1_369' title='bbox 2244 672 2306 693; x_wconf 89' lang='lat' dir='ltr'><strong>seu</strong></span> 
     </span>
     <span class='ocr_line' id='line_1_67' title="bbox 1299 709 2305 756; baseline 0.003 -15"><span class='ocrx_word' id='word_1_370' title='bbox 1299 709 1444 749; x_wconf 83' lang='lat' dir='ltr'><strong>formis,</strong></span> <span class='ocrx_word' id='word_1_371' title='bbox 1473 722 1517 743; x_wconf 90' lang='lat' dir='ltr'><strong>ne</strong></span> <span class='ocrx_word' id='word_1_372' title='bbox 1541 710 1746 755; x_wconf 85' lang='lat' dir='ltr'><strong>prodigiosa</strong></span> <span class='ocrx_word' id='word_1_373' title='bbox 1772 711 1934 744; x_wconf 84' lang='lat' dir='ltr'><strong>novitate</strong></span> <span class='ocrx_word' id='word_1_374' title='bbox 1959 723 2034 744; x_wconf 90' lang='lat' dir='ltr'><strong>rem</strong></span> <span class='ocrx_word' id='word_1_375' title='bbox 2052 724 2117 756; x_wconf 89' lang='lat' dir='ltr'><strong>per</strong></span> <span class='ocrx_word' id='word_1_376' title='bbox 2132 723 2206 745; x_wconf 90' lang='lat' dir='ltr'><strong>sese</strong></span> <span class='ocrx_word' id='word_1_377' title='bbox 2230 723 2305 744; x_wconf 90' lang='lat' dir='ltr'><strong>non</strong></span> 
     </span>
     <span class='ocr_line' id='line_1_68' title="bbox 1299 762 2304 797; baseline 0.003 -5"><span class='ocrx_word' id='word_1_378' title='bbox 1299 762 1496 794; x_wconf 86' lang='lat' dir='ltr'><strong>admodum</strong></span> <span class='ocrx_word' id='word_1_379' title='bbox 1531 762 1710 795; x_wconf 79' lang='lat' dir='ltr'><strong>difficilem</strong></span> <span class='ocrx_word' id='word_1_380' title='bbox 1745 764 1987 796; x_wconf 87' lang='lat' dir='ltr'><strong>obscuremus.</strong></span> <span class='ocrx_word' id='word_1_381' title='bbox 2063 763 2154 797; x_wconf 86' lang='lat' dir='ltr'><strong>Sunt</strong></span> <span class='ocrx_word' id='word_1_382' title='bbox 2185 769 2304 796; x_wconf 83' lang='lat' dir='ltr'><strong>autem</strong></span> 
     </span>
     <span class='ocr_line' id='line_1_69' title="bbox 1298 813 2306 860; baseline 0.002 -16"><span class='ocrx_word' id='word_1_383' title='bbox 1298 813 1436 845; x_wconf 83' lang='lat' dir='ltr'><strong>formae</strong></span> <span class='ocrx_word' id='word_1_384' title='bbox 1453 820 1748 858; x_wconf 80' lang='lat' dir='ltr'><strong>argumentorum</strong></span> <span class='ocrx_word' id='word_1_385' title='bbox 1767 822 1941 860; x_wconf 89' lang='lat' dir='ltr'><strong>quatuor:</strong></span> <span class='ocrx_word' id='word_1_386' title='bbox 1972 815 2219 860; x_wconf 84' lang='lat' dir='ltr'><strong>Syllogismus,</strong></span> <span class='ocrx_word' id='word_1_387' title='bbox 2233 813 2306 847; x_wconf 84' lang='lat' dir='ltr'><strong>En-</strong></span> 
     </span>
     <span class='ocr_line' id='line_1_70' title="bbox 1299 862 2304 910; baseline 0.001 -13"><span class='ocrx_word' id='word_1_388' title='bbox 1299 862 1503 909; x_wconf 84' lang='lat' dir='ltr'><strong>thymema,</strong></span> <span class='ocrx_word' id='word_1_389' title='bbox 1538 864 1724 906; x_wconf 86' lang='lat' dir='ltr'><strong>Inductio,</strong></span> <span class='ocrx_word' id='word_1_390' title='bbox 1760 866 1986 910; x_wconf 84' lang='lat' dir='ltr'><strong>Exemplum.</strong></span> <span class='ocrx_word' id='word_1_391' title='bbox 2041 867 2104 901; x_wconf 86' lang='lat' dir='ltr'><strong>His</strong></span> <span class='ocrx_word' id='word_1_392' title='bbox 2125 868 2304 900; x_wconf 89' lang='lat' dir='ltr'><strong>addentur</strong></span> 
     </span>
     <span class='ocr_line' id='line_1_71' title="bbox 1300 917 1924 962; baseline 0.005 -14"><span class='ocrx_word' id='word_1_393' title='bbox 1300 917 1369 949; x_wconf 85' lang='lat' dir='ltr'><strong>alia</strong></span> <span class='ocrx_word' id='word_1_394' title='bbox 1391 919 1592 962; x_wconf 87' lang='lat' dir='ltr'><strong>quaedam,</strong></span> <span class='ocrx_word' id='word_1_395' title='bbox 1622 924 1661 951; x_wconf 89' lang='lat' dir='ltr'><strong>ut</strong></span> <span class='ocrx_word' id='word_1_396' title='bbox 1680 918 1772 950; x_wconf 83' lang='lat' dir='ltr'><strong>infra</strong></span> <span class='ocrx_word' id='word_1_397' title='bbox 1792 931 1924 951; x_wconf 86' lang='lat' dir='ltr'><strong>cernes.</strong></span> 
     </span>
    </p>
   </div>
   <div class='ocr_carea' id='block_1_22' title="bbox 1299 1011 2307 2582">
    <p class='ocr_par' dir='ltr' id='par_1_22' title="bbox 1388 1011 2213 1057">
     <span class='ocr_line' id='line_1_72' title="bbox 1388 1011 2213 1057; baseline 0 -13"><span class='ocrx_word' id='word_1_398' title='bbox 1388 1011 1447 1044; x_wconf 91' lang='lat' dir='ltr'><strong>De</strong></span> <span class='ocrx_word' id='word_1_399' title='bbox 1484 1013 1765 1057; x_wconf 81' lang='lat' dir='ltr'><strong>syllogismo</strong></span> <span class='ocrx_word' id='word_1_400' title='bbox 1804 1012 2069 1056; x_wconf 84' lang='lat' dir='ltr'><strong>categorico</strong></span> <span class='ocrx_word' id='word_1_401' title='bbox 2101 1012 2213 1046; x_wconf 89' lang='lat' dir='ltr'><strong>sim-</strong></span> 
     </span>
    </p>

    <p class='ocr_par' dir='ltr' id='par_1_23' title="bbox 1692 1064 1909 1110">
     <span class='ocr_line' id='line_1_73' title="bbox 1692 1064 1909 1110; baseline 0.005 -13"><span class='ocrx_word' id='word_1_402' title='bbox 1692 1064 1909 1110; x_wconf 87' lang='lat' dir='ltr'><strong>plicique.</strong></span> 
     </span>
    </p>

    <p class='ocr_par' dir='ltr' id='par_1_24' title="bbox 1299 1132 2307 2582">
     <span class='ocr_line' id='line_1_74' title="bbox 1404 1132 2305 1178; baseline -0.001 -13"><span class='ocrx_word' id='word_1_403' title='bbox 1404 1132 1664 1166; x_wconf 82' lang='lat' dir='ltr'><strong>Persectissima</strong></span> <span class='ocrx_word' id='word_1_404' title='bbox 1704 1140 2001 1177; x_wconf 87' lang='lat' dir='ltr'><strong>argumentorum</strong></span> <span class='ocrx_word' id='word_1_405' title='bbox 2044 1133 2160 1166; x_wconf 89' lang='lat' dir='ltr'><strong>forma</strong></span> <span class='ocrx_word' id='word_1_406' title='bbox 2197 1132 2305 1178; x_wconf 85' lang='lat' dir='ltr'><strong>syllo-</strong></span> 
     </span>
     <span class='ocr_line' id='line_1_75' title="bbox 1300 1184 2306 1230; baseline 0 -14"><span class='ocrx_word' id='word_1_407' title='bbox 1300 1184 1434 1226; x_wconf 84' lang='lat' dir='ltr'><strong>gismus</strong></span> <span class='ocrx_word' id='word_1_408' title='bbox 1459 1191 1529 1225; x_wconf 89' lang='lat' dir='ltr'><strong>est,</strong></span> <span class='ocrx_word' id='word_1_409' title='bbox 1564 1197 1669 1230; x_wconf 88' lang='lat' dir='ltr'><strong>quem</strong></span> <span class='ocrx_word' id='word_1_410' title='bbox 1697 1185 1822 1218; x_wconf 91' lang='lat' dir='ltr'><strong>Cicero</strong></span> <span class='ocrx_word' id='word_1_411' title='bbox 1847 1184 2163 1218; x_wconf 85' lang='lat' dir='ltr'><strong>ratiocinationem</strong></span> <span class='ocrx_word' id='word_1_412' title='bbox 2188 1191 2306 1223; x_wconf 87' lang='lat' dir='ltr'><strong>vocat,</strong></span> 
     </span>
     <span class='ocr_line' id='line_1_76' title="bbox 1299 1235 2306 1282; baseline 0.001 -15"><span class='ocrx_word' id='word_1_413' title='bbox 1299 1235 1641 1282; x_wconf 83' lang='lat' dir='ltr'><strong>frequentatumque</strong></span> <span class='ocrx_word' id='word_1_414' title='bbox 1666 1237 1790 1271; x_wconf 89' lang='lat' dir='ltr'><strong>scribit</strong></span> <span class='ocrx_word' id='word_1_415' title='bbox 1814 1250 1833 1270; x_wconf 86' lang='lat' dir='ltr'><strong>a</strong></span> <span class='ocrx_word' id='word_1_416' title='bbox 1861 1236 2109 1281; x_wconf 86' lang='lat' dir='ltr'><strong>Peripateticis</strong></span> <span class='ocrx_word' id='word_1_417' title='bbox 2136 1235 2306 1273; x_wconf 86' lang='lat' dir='ltr'><strong>maxime,</strong></span> 
     </span>
     <span class='ocr_line' id='line_1_77' title="bbox 1301 1285 2305 1335; baseline 0.001 -16"><span class='ocrx_word' id='word_1_418' title='bbox 1301 1287 1431 1319; x_wconf 84' lang='lat' dir='ltr'><strong>deinde</strong></span> <span class='ocrx_word' id='word_1_419' title='bbox 1458 1299 1475 1319; x_wconf 85' lang='lat' dir='ltr'><strong>a</strong></span> <span class='ocrx_word' id='word_1_420' title='bbox 1500 1285 1705 1322; x_wconf 85' lang='lat' dir='ltr'><strong>rhetoribus</strong></span> <span class='ocrx_word' id='word_1_421' title='bbox 1731 1289 1794 1329; x_wconf 87' lang='lat' dir='ltr'><strong>iis,</strong></span> <span class='ocrx_word' id='word_1_422' title='bbox 1830 1289 1892 1335; x_wconf 89' lang='lat' dir='ltr'><strong>qui</strong></span> <span class='ocrx_word' id='word_1_423' title='bbox 1918 1287 2172 1332; x_wconf 82' lang='lat' dir='ltr'><strong>elegantissimi</strong></span> <span class='ocrx_word' id='word_1_424' title='bbox 2198 1293 2305 1333; x_wconf 86' lang='lat' dir='ltr'><strong>atque</strong></span> 
     </span>
     <span class='ocr_line' id='line_1_78' title="bbox 1302 1338 2304 1383; baseline 0 -13"><span class='ocrx_word' id='word_1_425' title='bbox 1302 1338 1586 1372; x_wconf 83' lang='lat' dir='ltr'><strong>artificiosissimi</strong></span> <span class='ocrx_word' id='word_1_426' title='bbox 1605 1340 1720 1383; x_wconf 84' lang='lat' dir='ltr'><strong>putati</strong></span> <span class='ocrx_word' id='word_1_427' title='bbox 1739 1347 1832 1374; x_wconf 89' lang='lat' dir='ltr'><strong>sunt.</strong></span> <span class='ocrx_word' id='word_1_428' title='bbox 1881 1340 1944 1374; x_wconf 86' lang='lat' dir='ltr'><strong>Est</strong></span> <span class='ocrx_word' id='word_1_429' title='bbox 1962 1346 2082 1374; x_wconf 79' lang='lat' dir='ltr'><strong>autem</strong></span> <span class='ocrx_word' id='word_1_430' title='bbox 2100 1338 2239 1379; x_wconf 88' lang='lat' dir='ltr'><strong>oratio,</strong></span> <span class='ocrx_word' id='word_1_431' title='bbox 2268 1339 2304 1370; x_wconf 90' lang='lat' dir='ltr'><strong>in</strong></span> 
     </span>
     <span class='ocr_line' id='line_1_79' title="bbox 1302 1390 2305 1436; baseline -0.001 -13"><span class='ocrx_word' id='word_1_432' title='bbox 1302 1403 1371 1436; x_wconf 87' lang='lat' dir='ltr'><strong>qua</strong></span> <span class='ocrx_word' id='word_1_433' title='bbox 1393 1403 1433 1423; x_wconf 89' lang='lat' dir='ltr'><strong>ex</strong></span> <span class='ocrx_word' id='word_1_434' title='bbox 1453 1391 1593 1424; x_wconf 91' lang='lat' dir='ltr'><strong>duobus</strong></span> <span class='ocrx_word' id='word_1_435' title='bbox 1621 1391 1885 1435; x_wconf 88' lang='lat' dir='ltr'><strong>pronuntiatis,</strong></span> <span class='ocrx_word' id='word_1_436' title='bbox 1918 1391 2120 1425; x_wconf 89' lang='lat' dir='ltr'><strong>necessario</strong></span> <span class='ocrx_word' id='word_1_437' title='bbox 2149 1390 2305 1434; x_wconf 88' lang='lat' dir='ltr'><strong>comple-</strong></span> 
     </span>
     <span class='ocr_line' id='line_1_80' title="bbox 1302 1442 2306 1488; baseline 0 -14"><span class='ocrx_word' id='word_1_438' title='bbox 1302 1443 1359 1475; x_wconf 88' lang='lat' dir='ltr'><strong>xio</strong></span> <span class='ocrx_word' id='word_1_439' title='bbox 1394 1442 1514 1488; x_wconf 88' lang='lat' dir='ltr'><strong>aliqua</strong></span> <span class='ocrx_word' id='word_1_440' title='bbox 1549 1455 1611 1476; x_wconf 88' lang='lat' dir='ltr'><strong>seu</strong></span> <span class='ocrx_word' id='word_1_441' title='bbox 1640 1442 1821 1476; x_wconf 83' lang='lat' dir='ltr'><strong>conclusio</strong></span> <span class='ocrx_word' id='word_1_442' title='bbox 1857 1442 2100 1487; x_wconf 90' lang='lat' dir='ltr'><strong>consequitur.</strong></span> <span class='ocrx_word' id='word_1_443' title='bbox 2180 1442 2306 1475; x_wconf 86' lang='lat' dir='ltr'><strong>Partes</strong></span> 
     </span>
     <span class='ocr_line' id='line_1_81' title="bbox 1302 1493 2306 1539; baseline -0.001 -13"><span class='ocrx_word' id='word_1_444' title='bbox 1302 1494 1351 1527; x_wconf 85' lang='lat' dir='ltr'><strong>sic</strong></span> <span class='ocrx_word' id='word_1_445' title='bbox 1378 1501 1604 1539; x_wconf 79' lang='lat' dir='ltr'><strong>exequuntur</strong></span> <span class='ocrx_word' id='word_1_446' title='bbox 1628 1494 1869 1534; x_wconf 84' lang='lat' dir='ltr'><strong>Aristotelici,</strong></span> <span class='ocrx_word' id='word_1_447' title='bbox 1909 1500 1948 1527; x_wconf 87' lang='lat' dir='ltr'><strong>ut</strong></span> <span class='ocrx_word' id='word_1_448' title='bbox 1971 1493 2109 1534; x_wconf 87' lang='lat' dir='ltr'><strong>dicant,</strong></span> <span class='ocrx_word' id='word_1_449' title='bbox 2145 1493 2306 1538; x_wconf 85' lang='lat' dir='ltr'><strong>syllogis-</strong></span> 
     </span>
     <span class='ocr_line' id='line_1_82' title="bbox 1302 1544 2307 1579; baseline -0.001 -1"><span class='ocrx_word' id='word_1_450' title='bbox 1302 1559 1400 1578; x_wconf 88' lang='lat' dir='ltr'><strong>mum</strong></span> <span class='ocrx_word' id='word_1_451' title='bbox 1420 1546 1560 1579; x_wconf 87' lang='lat' dir='ltr'><strong>contexi</strong></span> <span class='ocrx_word' id='word_1_452' title='bbox 1578 1547 1748 1579; x_wconf 88' lang='lat' dir='ltr'><strong>extribus</strong></span> <span class='ocrx_word' id='word_1_453' title='bbox 1764 1545 1928 1579; x_wconf 88' lang='lat' dir='ltr'><strong>terminis</strong></span> <span class='ocrx_word' id='word_1_454' title='bbox 1943 1558 2006 1579; x_wconf 87' lang='lat' dir='ltr'><strong>seu</strong></span> <span class='ocrx_word' id='word_1_455' title='bbox 2022 1544 2205 1578; x_wconf 89' lang='lat' dir='ltr'><strong>vocabulis</strong></span> <span class='ocrx_word' id='word_1_456' title='bbox 2221 1545 2307 1578; x_wconf 87' lang='lat' dir='ltr'><strong>sim-</strong></span> 
     </span>
     <span class='ocr_line' id='line_1_83' title="bbox 1302 1597 2306 1644; baseline 0.001 -15"><span class='ocrx_word' id='word_1_457' title='bbox 1302 1598 1473 1642; x_wconf 87' lang='lat' dir='ltr'><strong>plicibus,</strong></span> <span class='ocrx_word' id='word_1_458' title='bbox 1507 1611 1598 1644; x_wconf 86' lang='lat' dir='ltr'><strong>quae</strong></span> <span class='ocrx_word' id='word_1_459' title='bbox 1625 1600 1696 1631; x_wconf 90' lang='lat' dir='ltr'><strong>duo</strong></span> <span class='ocrx_word' id='word_1_460' title='bbox 1725 1597 1959 1643; x_wconf 87' lang='lat' dir='ltr'><strong>pronuntiata</strong></span> <span class='ocrx_word' id='word_1_461' title='bbox 1980 1597 2192 1631; x_wconf 91' lang='lat' dir='ltr'><strong>conficiunt:</strong></span> <span class='ocrx_word' id='word_1_462' title='bbox 2232 1609 2306 1630; x_wconf 87' lang='lat' dir='ltr'><strong>esse</strong></span> 
     </span>
     <span class='ocr_line' id='line_1_84' title="bbox 1302 1649 2306 1695; baseline 0.001 -14"><span class='ocrx_word' id='word_1_463' title='bbox 1302 1650 1411 1694; x_wconf 84' lang='lat' dir='ltr'><strong>igitur</strong></span> <span class='ocrx_word' id='word_1_464' title='bbox 1435 1650 1631 1695; x_wconf 78' lang='lat' dir='ltr'><strong>syllogismi</strong></span> <span class='ocrx_word' id='word_1_465' title='bbox 1660 1657 1779 1694; x_wconf 88' lang='lat' dir='ltr'><strong>partes</strong></span> <span class='ocrx_word' id='word_1_466' title='bbox 1809 1657 1880 1683; x_wconf 91' lang='lat' dir='ltr'><strong>tres</strong></span> <span class='ocrx_word' id='word_1_467' title='bbox 1908 1649 2102 1690; x_wconf 88' lang='lat' dir='ltr'><strong>terminos,</strong></span> <span class='ocrx_word' id='word_1_468' title='bbox 2144 1649 2306 1694; x_wconf 88' lang='lat' dir='ltr'><strong>duasque</strong></span> 
     </span>
     <span class='ocr_line' id='line_1_85' title="bbox 1302 1702 2305 1747; baseline -0.001 -13"><span class='ocrx_word' id='word_1_469' title='bbox 1302 1702 1589 1746; x_wconf 86' lang='lat' dir='ltr'><strong>propositiones,</strong></span> <span class='ocrx_word' id='word_1_470' title='bbox 1617 1709 1676 1743; x_wconf 85' lang='lat' dir='ltr'><strong>ut,</strong></span> <span class='ocrx_word' id='word_1_471' title='bbox 1705 1703 1812 1747; x_wconf 83' lang='lat' dir='ltr'><strong>Quod</strong></span> <span class='ocrx_word' id='word_1_472' title='bbox 1841 1702 2042 1747; x_wconf 84' lang='lat' dir='ltr'><strong>appetitur,</strong></span> <span class='ocrx_word' id='word_1_473' title='bbox 2078 1702 2215 1734; x_wconf 91' lang='lat' dir='ltr'><strong>bonum</strong></span> <span class='ocrx_word' id='word_1_474' title='bbox 2242 1707 2305 1740; x_wconf 88' lang='lat' dir='ltr'><strong>est,</strong></span> 
     </span>
     <span class='ocr_line' id='line_1_86' title="bbox 1301 1753 2305 1799; baseline 0 -14"><span class='ocrx_word' id='word_1_475' title='bbox 1301 1753 1478 1799; x_wconf 89' lang='lat' dir='ltr'><strong>Voluptas</strong></span> <span class='ocrx_word' id='word_1_476' title='bbox 1500 1755 1700 1799; x_wconf 85' lang='lat' dir='ltr'><strong>appetitur,</strong></span> <span class='ocrx_word' id='word_1_477' title='bbox 1728 1754 1830 1787; x_wconf 89' lang='lat' dir='ltr'><strong>Bona</strong></span> <span class='ocrx_word' id='word_1_478' title='bbox 1855 1755 1964 1799; x_wconf 89' lang='lat' dir='ltr'><strong>igitur</strong></span> <span class='ocrx_word' id='word_1_479' title='bbox 1989 1760 2051 1788; x_wconf 89' lang='lat' dir='ltr'><strong>est.</strong></span> <span class='ocrx_word' id='word_1_480' title='bbox 2105 1753 2201 1786; x_wconf 87' lang='lat' dir='ltr'><strong>Haec</strong></span> <span class='ocrx_word' id='word_1_481' title='bbox 2226 1764 2305 1786; x_wconf 84' lang='lat' dir='ltr'><strong>ora-</strong></span> 
     </span>
     <span class='ocr_line' id='line_1_87' title="bbox 1302 1804 2305 1852; baseline -0.002 -13"><span class='ocrx_word' id='word_1_482' title='bbox 1302 1807 1352 1839; x_wconf 83' lang='lat' dir='ltr'><strong>tio</strong></span> <span class='ocrx_word' id='word_1_483' title='bbox 1376 1807 1602 1852; x_wconf 81' lang='lat' dir='ltr'><strong>syllogismus</strong></span> <span class='ocrx_word' id='word_1_484' title='bbox 1627 1813 1698 1845; x_wconf 89' lang='lat' dir='ltr'><strong>est,</strong></span> <span class='ocrx_word' id='word_1_485' title='bbox 1725 1804 1903 1852; x_wconf 88' lang='lat' dir='ltr'><strong>habetque</strong></span> <span class='ocrx_word' id='word_1_486' title='bbox 1930 1806 2104 1839; x_wconf 85' lang='lat' dir='ltr'><strong>vocabula</strong></span> <span class='ocrx_word' id='word_1_487' title='bbox 2130 1804 2305 1849; x_wconf 89' lang='lat' dir='ltr'><strong>simplicia</strong></span> 
     </span>
     <span class='ocr_line' id='line_1_88' title="bbox 1302 1857 2305 1904; baseline -0.001 -13"><span class='ocrx_word' id='word_1_488' title='bbox 1302 1859 1389 1891; x_wconf 84' lang='lat' dir='ltr'><strong>tria:</strong></span> <span class='ocrx_word' id='word_1_489' title='bbox 1446 1859 1554 1904; x_wconf 85' lang='lat' dir='ltr'><strong>Quod</strong></span> <span class='ocrx_word' id='word_1_490' title='bbox 1579 1859 1780 1903; x_wconf 85' lang='lat' dir='ltr'><strong>appetitur,</strong></span> <span class='ocrx_word' id='word_1_491' title='bbox 1816 1859 1974 1898; x_wconf 86' lang='lat' dir='ltr'><strong>bonum,</strong></span> <span class='ocrx_word' id='word_1_492' title='bbox 2010 1864 2044 1891; x_wconf 89' lang='lat' dir='ltr'><strong>et</strong></span> <span class='ocrx_word' id='word_1_493' title='bbox 2067 1857 2305 1902; x_wconf 89' lang='lat' dir='ltr'><strong>voluptatem,</strong></span> 
     </span>
     <span class='ocr_line' id='line_1_89' title="bbox 1303 1910 2304 1955; baseline -0.001 -12"><span class='ocrx_word' id='word_1_494' title='bbox 1303 1917 1337 1943; x_wconf 90' lang='lat' dir='ltr'><strong>et</strong></span> <span class='ocrx_word' id='word_1_495' title='bbox 1360 1910 1539 1944; x_wconf 85' lang='lat' dir='ltr'><strong>axiomata</strong></span> <span class='ocrx_word' id='word_1_496' title='bbox 1570 1912 1659 1944; x_wconf 89' lang='lat' dir='ltr'><strong>duo:</strong></span> <span class='ocrx_word' id='word_1_497' title='bbox 1706 1911 1813 1955; x_wconf 86' lang='lat' dir='ltr'><strong>Quod</strong></span> <span class='ocrx_word' id='word_1_498' title='bbox 1837 1910 2038 1955; x_wconf 88' lang='lat' dir='ltr'><strong>appetitur,</strong></span> <span class='ocrx_word' id='word_1_499' title='bbox 2074 1911 2209 1943; x_wconf 86' lang='lat' dir='ltr'><strong>boumn</strong></span> <span class='ocrx_word' id='word_1_500' title='bbox 2241 1916 2304 1950; x_wconf 92' lang='lat' dir='ltr'><strong>est,</strong></span> 
     </span>
     <span class='ocr_line' id='line_1_90' title="bbox 1302 1962 2304 2008; baseline -0.001 -13"><span class='ocrx_word' id='word_1_501' title='bbox 1302 1968 1337 1995; x_wconf 89' lang='lat' dir='ltr'><strong>et</strong></span> <span class='ocrx_word' id='word_1_502' title='bbox 1355 1963 1575 2007; x_wconf 88' lang='lat' dir='ltr'><strong>voluptatem</strong></span> <span class='ocrx_word' id='word_1_503' title='bbox 1597 1963 1736 2007; x_wconf 84' lang='lat' dir='ltr'><strong>appeti,</strong></span> <span class='ocrx_word' id='word_1_504' title='bbox 1773 1975 1814 1995; x_wconf 88' lang='lat' dir='ltr'><strong>ex</strong></span> <span class='ocrx_word' id='word_1_505' title='bbox 1839 1963 1967 2008; x_wconf 86' lang='lat' dir='ltr'><strong>quibus</strong></span> <span class='ocrx_word' id='word_1_506' title='bbox 1990 1962 2193 1996; x_wconf 89' lang='lat' dir='ltr'><strong>necessario</strong></span> <span class='ocrx_word' id='word_1_507' title='bbox 2220 1974 2304 1995; x_wconf 92' lang='lat' dir='ltr'><strong>con-</strong></span> 
     </span>
     <span class='ocr_line' id='line_1_91' title="bbox 1301 2012 2301 2060; baseline -0.002 -12"><span class='ocrx_word' id='word_1_508' title='bbox 1301 2014 1463 2060; x_wconf 87' lang='lat' dir='ltr'><strong>sequitur</strong></span> <span class='ocrx_word' id='word_1_509' title='bbox 1481 2014 1683 2054; x_wconf 89' lang='lat' dir='ltr'><strong>conclusio,</strong></span> <span class='ocrx_word' id='word_1_510' title='bbox 1709 2015 1844 2048; x_wconf 88' lang='lat' dir='ltr'><strong>bonum</strong></span> <span class='ocrx_word' id='word_1_511' title='bbox 1865 2027 1938 2048; x_wconf 86' lang='lat' dir='ltr'><strong>esse</strong></span> <span class='ocrx_word' id='word_1_512' title='bbox 1957 2015 2192 2059; x_wconf 83' lang='lat' dir='ltr'><strong>voluptatem.</strong></span> <span class='ocrx_word' id='word_1_513' title='bbox 2227 2012 2301 2047; x_wconf 89' lang='lat' dir='ltr'><strong>Iam</strong></span> 
     </span>
     <span class='ocr_line' id='line_1_92' title="bbox 1302 2064 2303 2113; baseline 0.001 -15"><span class='ocrx_word' id='word_1_514' title='bbox 1302 2067 1476 2100; x_wconf 86' lang='lat' dir='ltr'><strong>terminos</strong></span> <span class='ocrx_word' id='word_1_515' title='bbox 1493 2067 1542 2100; x_wconf 89' lang='lat' dir='ltr'><strong>sic</strong></span> <span class='ocrx_word' id='word_1_516' title='bbox 1560 2073 1707 2100; x_wconf 88' lang='lat' dir='ltr'><strong>vocant:</strong></span> <span class='ocrx_word' id='word_1_517' title='bbox 1736 2079 1830 2107; x_wconf 90' lang='lat' dir='ltr'><strong>eum,</strong></span> <span class='ocrx_word' id='word_1_518' title='bbox 1849 2067 1980 2113; x_wconf 88' lang='lat' dir='ltr'><strong>quibis</strong></span> <span class='ocrx_word' id='word_1_519' title='bbox 1998 2073 2207 2111; x_wconf 87' lang='lat' dir='ltr'><strong>usurpatur,</strong></span> <span class='ocrx_word' id='word_1_520' title='bbox 2236 2064 2303 2099; x_wconf 90' lang='lat' dir='ltr'><strong>hoc</strong></span> 
     </span>
     <span class='ocr_line' id='line_1_93' title="bbox 1302 2118 2301 2164; baseline -0.001 -13"><span class='ocrx_word' id='word_1_521' title='bbox 1302 2126 1374 2158; x_wconf 86' lang='lat' dir='ltr'><strong>est,</strong></span> <span class='ocrx_word' id='word_1_522' title='bbox 1412 2119 1447 2151; x_wconf 91' lang='lat' dir='ltr'><strong>in</strong></span> <span class='ocrx_word' id='word_1_523' title='bbox 1473 2120 1593 2164; x_wconf 86' lang='lat' dir='ltr'><strong>priore</strong></span> <span class='ocrx_word' id='word_1_524' title='bbox 1621 2125 1654 2151; x_wconf 83' lang='lat' dir='ltr'><strong>et</strong></span> <span class='ocrx_word' id='word_1_525' title='bbox 1677 2119 1876 2163; x_wconf 86' lang='lat' dir='ltr'><strong>posteriore</strong></span> <span class='ocrx_word' id='word_1_526' title='bbox 1901 2120 2102 2159; x_wconf 74' lang='lat' dir='ltr'><strong>axiomate,</strong></span> <span class='ocrx_word' id='word_1_527' title='bbox 2142 2118 2301 2152; x_wconf 86' lang='lat' dir='ltr'><strong>medium</strong></span> 
     </span>
     <span class='ocr_line' id='line_1_94' title="bbox 1302 2172 2302 2218; baseline 0.002 -15"><span class='ocrx_word' id='word_1_528' title='bbox 1302 2178 1528 2217; x_wconf 80' lang='lat' dir='ltr'><strong>nuncupant3</strong></span> <span class='ocrx_word' id='word_1_529' title='bbox 1581 2184 1685 2213; x_wconf 88' lang='lat' dir='ltr'><strong>eum,</strong></span> <span class='ocrx_word' id='word_1_530' title='bbox 1730 2172 1791 2218; x_wconf 90' lang='lat' dir='ltr'><strong>qui</strong></span> <span class='ocrx_word' id='word_1_531' title='bbox 1824 2172 1861 2205; x_wconf 90' lang='lat' dir='ltr'><strong>in</strong></span> <span class='ocrx_word' id='word_1_532' title='bbox 1894 2173 2015 2218; x_wconf 87' lang='lat' dir='ltr'><strong>priore</strong></span> <span class='ocrx_word' id='word_1_533' title='bbox 2052 2172 2302 2218; x_wconf 84' lang='lat' dir='ltr'><strong>propositione</strong></span> 
     </span>
     <span class='ocr_line' id='line_1_95' title="bbox 1302 2225 2303 2270; baseline 0.003 -16"><span class='ocrx_word' id='word_1_534' title='bbox 1302 2230 1441 2257; x_wconf 86' lang='lat' dir='ltr'><strong>tantum</strong></span> <span class='ocrx_word' id='word_1_535' title='bbox 1464 2231 1679 2268; x_wconf 85' lang='lat' dir='ltr'><strong>usurpatur,</strong></span> <span class='ocrx_word' id='word_1_536' title='bbox 1717 2226 1893 2258; x_wconf 88' lang='lat' dir='ltr'><strong>maiorem</strong></span> <span class='ocrx_word' id='word_1_537' title='bbox 1920 2231 2149 2270; x_wconf 83' lang='lat' dir='ltr'><strong>nuncupant;</strong></span> <span class='ocrx_word' id='word_1_538' title='bbox 2186 2225 2303 2257; x_wconf 89' lang='lat' dir='ltr'><strong>mino-</strong></span> 
     </span>
     <span class='ocr_line' id='line_1_96' title="bbox 1302 2277 2302 2322; baseline 0.001 -14"><span class='ocrx_word' id='word_1_539' title='bbox 1302 2288 1398 2316; x_wconf 90' lang='lat' dir='ltr'><strong>rem,</strong></span> <span class='ocrx_word' id='word_1_540' title='bbox 1427 2289 1527 2316; x_wconf 89' lang='lat' dir='ltr'><strong>eum,</strong></span> <span class='ocrx_word' id='word_1_541' title='bbox 1557 2277 1670 2322; x_wconf 87' lang='lat' dir='ltr'><strong>quiin</strong></span> <span class='ocrx_word' id='word_1_542' title='bbox 1689 2278 1886 2321; x_wconf 87' lang='lat' dir='ltr'><strong>posteriore</strong></span> <span class='ocrx_word' id='word_1_543' title='bbox 1912 2284 2119 2322; x_wconf 87' lang='lat' dir='ltr'><strong>usurpatur.</strong></span> <span class='ocrx_word' id='word_1_544' title='bbox 2181 2277 2302 2322; x_wconf 85' lang='lat' dir='ltr'><strong>Quare</strong></span> 
     </span>
     <span class='ocr_line' id='line_1_97' title="bbox 1302 2327 2302 2374; baseline 0.002 -15"><span class='ocrx_word' id='word_1_545' title='bbox 1302 2327 1338 2359; x_wconf 91' lang='lat' dir='ltr'><strong>in</strong></span> <span class='ocrx_word' id='word_1_546' title='bbox 1362 2328 1591 2373; x_wconf 81' lang='lat' dir='ltr'><strong>syllogismo,</strong></span> <span class='ocrx_word' id='word_1_547' title='bbox 1632 2341 1738 2374; x_wconf 88' lang='lat' dir='ltr'><strong>quem</strong></span> <span class='ocrx_word' id='word_1_548' title='bbox 1767 2329 2081 2374; x_wconf 85' lang='lat' dir='ltr'><strong>praescripsimus,</strong></span> <span class='ocrx_word' id='word_1_549' title='bbox 2121 2329 2239 2374; x_wconf 89' lang='lat' dir='ltr'><strong>appeti</strong></span> <span class='ocrx_word' id='word_1_550' title='bbox 2255 2327 2302 2373; x_wconf 68' lang='lat'><strong>⁴⁰)</strong></span> 
     </span>
     <span class='ocr_line' id='line_1_98' title="bbox 1302 2379 2302 2427; baseline 0.002 -15"><span class='ocrx_word' id='word_1_551' title='bbox 1302 2379 1462 2413; x_wconf 87' lang='lat' dir='ltr'><strong>Medium</strong></span> <span class='ocrx_word' id='word_1_552' title='bbox 1480 2387 1551 2419; x_wconf 76' lang='lat' dir='ltr'><strong>est;</strong></span> <span class='ocrx_word' id='word_1_553' title='bbox 1578 2380 1709 2419; x_wconf 85' lang='lat' dir='ltr'><strong>Maior,</strong></span> <span class='ocrx_word' id='word_1_554' title='bbox 1727 2382 1882 2421; x_wconf 87' lang='lat' dir='ltr'><strong>bonum;</strong></span> <span class='ocrx_word' id='word_1_555' title='bbox 1911 2382 2046 2422; x_wconf 91' lang='lat' dir='ltr'><strong>Minor,</strong></span> <span class='ocrx_word' id='word_1_556' title='bbox 2067 2380 2302 2427; x_wconf 73' lang='lat' dir='ltr'><strong>voluptas‘ss).</strong></span> 
     </span>
     <span class='ocr_line' id='line_1_99' title="bbox 1300 2431 2301 2479; baseline 0.001 -14"><span class='ocrx_word' id='word_1_557' title='bbox 1300 2431 1346 2465; x_wconf 83' lang='lat' dir='ltr'><strong>Et</strong></span> <span class='ocrx_word' id='word_1_558' title='bbox 1371 2433 1452 2465; x_wconf 90' lang='lat' dir='ltr'><strong>vide</strong></span> <span class='ocrx_word' id='word_1_559' title='bbox 1477 2440 1657 2472; x_wconf 87' lang='lat' dir='ltr'><strong>accurate,</strong></span> <span class='ocrx_word' id='word_1_560' title='bbox 1700 2446 1743 2467; x_wconf 89' lang='lat' dir='ltr'><strong>ne</strong></span> <span class='ocrx_word' id='word_1_561' title='bbox 1768 2435 1887 2479; x_wconf 90' lang='lat' dir='ltr'><strong>plures</strong></span> <span class='ocrx_word' id='word_1_562' title='bbox 1916 2435 2030 2468; x_wconf 87' lang='lat' dir='ltr'><strong>tribus</strong></span> <span class='ocrx_word' id='word_1_563' title='bbox 2065 2433 2240 2467; x_wconf 84' lang='lat' dir='ltr'><strong>terminos</strong></span> <span class='ocrx_word' id='word_1_564' title='bbox 2265 2433 2301 2466; x_wconf 92' lang='lat' dir='ltr'><strong>in</strong></span> 
     </span>
     <span class='ocr_line' id='line_1_100' title="bbox 1300 2484 2301 2530; baseline 0.001 -13"><span class='ocrx_word' id='word_1_565' title='bbox 1300 2484 1545 2529; x_wconf 85' lang='lat' dir='ltr'><strong>syllogismum</strong></span> <span class='ocrx_word' id='word_1_566' title='bbox 1573 2485 1752 2519; x_wconf 88' lang='lat' dir='ltr'><strong>admittas.</strong></span> <span class='ocrx_word' id='word_1_567' title='bbox 1816 2486 1945 2530; x_wconf 85' lang='lat' dir='ltr'><strong>Magna</strong></span> <span class='ocrx_word' id='word_1_568' title='bbox 1974 2486 2068 2518; x_wconf 88' lang='lat' dir='ltr'><strong>enim</strong></span> <span class='ocrx_word' id='word_1_569' title='bbox 2095 2498 2179 2530; x_wconf 87' lang='lat' dir='ltr'><strong>pars</strong></span> <span class='ocrx_word' id='word_1_570' title='bbox 2202 2486 2301 2518; x_wconf 86' lang='lat' dir='ltr'><strong>falla-</strong></span> 
     </span>
     <span class='ocr_line' id='line_1_101' title="bbox 1301 2535 2301 2582; baseline 0.002 -13"><span class='ocrx_word' id='word_1_571' title='bbox 1301 2536 1456 2577; x_wconf 86' lang='lat' dir='ltr'><strong>ciarum,</strong></span> <span class='ocrx_word' id='word_1_572' title='bbox 1485 2544 1518 2569; x_wconf 86' lang='lat' dir='ltr'><strong>et</strong></span> <span class='ocrx_word' id='word_1_573' title='bbox 1544 2535 1820 2581; x_wconf 88' lang='lat' dir='ltr'><strong>sophisticarum</strong></span> <span class='ocrx_word' id='word_1_574' title='bbox 1850 2537 2206 2582; x_wconf 78' lang='lat' dir='ltr'><strong>argumentationum</strong></span> <span class='ocrx_word' id='word_1_575' title='bbox 2232 2535 2301 2571; x_wconf 93' lang='lat' dir='ltr'><strong>hoc</strong></span> 
     </span>
    </p>
   </div>
   <div class='ocr_carea' id='block_1_23' title="bbox 1333 2654 2210 2773">
    <p class='ocr_par' dir='ltr' id='par_1_25' title="bbox 1333 2654 2210 2773">
     <span class='ocr_line' id='line_1_102' title="bbox 1333 2654 1811 2685; baseline 0.004 -9"><span class='ocrx_word' id='word_1_576' title='bbox 1333 2654 1378 2684; x_wconf 82' lang='lat'><strong>39)</strong></span> <span class='ocrx_word' id='word_1_577' title='bbox 1398 2656 1499 2678; x_wconf 78' lang='lat' dir='ltr'><strong>Annot.</strong></span> <span class='ocrx_word' id='word_1_578' title='bbox 1521 2661 1625 2685; x_wconf 52' lang='lat' dir='ltr'><strong>marg:</strong></span> <span class='ocrx_word' id='word_1_579' title='bbox 1651 2655 1811 2679; x_wconf 77' lang='lat' dir='ltr'><strong>Consilium.</strong></span> 
     </span>
     <span class='ocr_line' id='line_1_103' title="bbox 1333 2697 1978 2730; baseline 0.002 -9"><span class='ocrx_word' id='word_1_580' title='bbox 1333 2697 1381 2727; x_wconf 69' lang='lat'><strong>40)</strong></span> <span class='ocrx_word' id='word_1_581' title='bbox 1401 2697 1507 2730; x_wconf 76' lang='lat' dir='ltr'><strong>appeti]</strong></span> <span class='ocrx_word' id='word_1_582' title='bbox 1530 2700 1576 2722; x_wconf 75' lang='lat' dir='ltr'><strong>Ed.</strong></span> <span class='ocrx_word' id='word_1_583' title='bbox 1597 2700 1621 2723; x_wconf 75' lang='lat'><strong>2.</strong></span> <span class='ocrx_word' id='word_1_584' title='bbox 1645 2706 1741 2722; x_wconf 79' lang='lat' dir='ltr'><strong>errore</strong></span> <span class='ocrx_word' id='word_1_585' title='bbox 1761 2701 1836 2729; x_wconf 76' lang='lat' dir='ltr'><strong>typ.:</strong></span> <span class='ocrx_word' id='word_1_586' title='bbox 1862 2700 1978 2729; x_wconf 81' lang='lat' dir='ltr'><strong>appetiti</strong></span> 
     </span>
     <span class='ocr_line' id='line_1_104' title="bbox 1333 2741 2210 2773; baseline 0.002 -9"><span class='ocrx_word' id='word_1_587' title='bbox 1333 2742 1380 2768; x_wconf 69' lang='lat'><strong>41)</strong></span> <span class='ocrx_word' id='word_1_588' title='bbox 1402 2741 1540 2773; x_wconf 62' lang='lat' dir='ltr'><strong>voluptas]</strong></span> <span class='ocrx_word' id='word_1_589' title='bbox 1563 2743 1611 2766; x_wconf 80' lang='lat' dir='ltr'><strong>Ed.</strong></span> <span class='ocrx_word' id='word_1_590' title='bbox 1628 2743 1651 2766; x_wconf 81' lang='lat'><strong>2.</strong></span> <span class='ocrx_word' id='word_1_591' title='bbox 1672 2749 1769 2766; x_wconf 82' lang='lat' dir='ltr'><strong>errore</strong></span> <span class='ocrx_word' id='word_1_592' title='bbox 1791 2744 1865 2772; x_wconf 50' lang='lat' dir='ltr'><strong>tyn:</strong></span> <span class='ocrx_word' id='word_1_593' title='bbox 1886 2743 2018 2766; x_wconf 68' lang='lat' dir='ltr'><strong>minutas</strong></span> <span class='ocrx_word' id='word_1_594' title='bbox 2040 2744 2210 2772; x_wconf 84' lang='lat' dir='ltr'><strong>(voluntas).</strong></span> 
     </span>
    </p>
   </div>
  </div>
 </body>
</html>
