2421 3037
258 96 334 134 395

854 97 978 131 PHIL.
1008 98 1121 132 MEL.
1149 96 1354 132 SCRIPTA
1381 95 1724 133 PHILOLOGICA.

253 192 323 219 tem
343 185 517 230 accipient
535 191 662 217 terrae.
702 182 804 215 Beati
822 183 885 228 qui
901 183 1063 217 esuriunt
1082 190 1115 216 et
1134 183 1261 217 sitiunt
1286 216 1287 219 ,

251 237 424 271 iustitiam
437 264 445 276 ,
470 235 641 282 quoniam
662 234 729 279 ipsi
746 235 1017 269 saturabuntur.

1071 234 1175 268 Beati
1194 235 1261 269 mi·
1286 255 1288 268 ι

249 289 466 326 sericordes,
502 286 675 331 quoniam
712 286 779 330 ipsi
816 287 1101 321 misericordiam
1138 280 1287 321 conse-ff

251 346 418 386 quentur.
486 338 588 371 Beati
634 339 770 371 mundo
807 340 934 379 corde,

250 392 366 425 Deum
393 390 577 423 videbunt.

250 443 316 476 Dei
351 443 588 475 vocabuntur.
658 441 761 475 Beati
795 443 855 488 qui
884 443 1170 488 persecutionem
1197 455 1261 488 pa-

249 495 388 528 tiuntur
424 500 573 539 propter
603 493 797 534 iustitiam,
836 495 1009 540 quoniam
1037 495 1181 528 illorum
1210 501 1261 528 est

248 559 399 591 regnum
434 546 630 579 coelorum.
700 546 804 580 Beati
830 547 932 587 estis,
969 560 1048 580 cum
1074 547 1207 591 probra
1228 546 1259 592 4)

250 599 399 632 iecerint
425 598 462 631 in
489 610 552 632 vos
576 596 762 639 homines,
798 605 832 632 et
860 598 1023 633 insectati
1045 598 1197 636 fuerint,
1227 604 1261 632 et

248 651 405 684 dixerint
429 662 536 683 omne
563 650 697 684 malum
718 651 869 684 verbum
888 652 1059 684 adversus
1077 663 1140 684 vos
1161 662 1260 683 men-

247 703 394 742 tientes,
422 708 572 747 propter
595 714 664 737 me.
707 702 871 736 Gaudete
890 709 923 736 et
941 702 1117 742 exultate,
1144 714 1260 748 quon-

248 755 319 788 iam
349 766 484 788 merces
512 760 627 788 vestra
658 755 769 788 multa
789 761 840 789 est
858 755 894 787 in
913 754 1030 788 coelis.
1086 753 1143 788 Sic
1162 753 1257 787 enim

248 806 422 852 persecuti
456 807 602 840 fuerunt
638 804 855 852 prophetas,
904 807 964 852 qui
996 807 1143 840 fuerunt
1177 812 1258 839 ante

248 872 324 893 vos.
357 858 431 892 Vos
449 858 531 892 estis
549 859 600 892 sal
617 865 748 893 terrae.
805 858 913 904 Quod
932 858 961 892 si
985 859 1035 892 sal
1061 858 1258 892 infatuatus

247 912 376 951 suerit,
405 923 477 956 quo
503 910 675 945 salietur?
729 912 785 944 Ad
812 908 902 943 nihil
926 910 1021 943 valet
1046 910 1161 949 ultra,
1189 909 1259 943 nisi

248 970 286 997 ut
312 963 524 1007 proiiciatur
549 963 646 995 foras
671 969 705 995 et
728 962 958 996 conculcetur
976 962 1020 994 ab
1036 960 1258 996 hominibus.

248 1015 322 1049 Vos
349 1015 432 1049 estis
455 1015 515 1047 lux
540 1015 676 1048 mundi.
730 1014 814 1048 Non
840 1020 959 1059 potest
985 1014 1158 1059 oppidum
1180 1014 1258 1047 abs-

248 1067 354 1101 condi
387 1078 494 1111 supra
529 1072 689 1099 montem
722 1066 852 1106 situm,
901 1078 1017 1112 neque
1058 1067 1259 1100 accendunt

249 1120 455 1157 lucernam,
491 1125 524 1151 et
548 1125 689 1162 ponunt
714 1118 811 1151 illam
837 1119 960 1152 subter
983 1118 1167 1159 modium,
1196 1119 1258 1151 sed

249 1183 356 1216 super
382 1170 660 1210 candelabrum,
697 1177 731 1203 et
751 1171 844 1204 lucet
870 1170 1058 1209 omnibus,
1089 1170 1151 1216 qui
1176 1176 1259 1204 sunt

250 1223 287 1256 in
305 1224 427 1256 domo.
479 1222 536 1255 Sic
554 1222 671 1256 luceat
686 1223 746 1255 lux
761 1229 876 1256 vestra
896 1235 1017 1256 coram
1036 1220 1258 1261 hominibus,

250 1282 288 1309 ut
312 1275 457 1307 videant
481 1282 597 1308 vestra
623 1275 717 1308 bona
741 1287 850 1319 opera
865 1302 873 1313 ,
907 1275 1178 1320 glorificentque
1197 1286 1259 1318 pa-

250 1334 339 1360 trem
367 1333 546 1366 vestrum,
576 1326 637 1372 qui
666 1333 717 1361 est
738 1326 773 1359 in
792 1326 911 1360 coelis.
967 1326 1020 1361 Ne
1037 1326 1259 1366 existimetis,

250 1381 346 1425 quod
366 1379 525 1412 venerim
549 1380 595 1412 ad
613 1380 866 1413 destruendam
885 1380 998 1423 legem
1020 1385 1081 1412 aut
1102 1376 1259 1423 prophe-

250 1438 321 1469 tas,
357 1432 430 1463 imo
457 1443 531 1464 non
555 1431 658 1471 veni,
696 1437 734 1464 ut
760 1432 964 1468 destruam,
1000 1432 1061 1465 sed
1092 1437 1131 1465 ut
1163 1443 1259 1463 com-

250 1484 381 1528 pleam.
408 1483 525 1516 Amen
544 1483 678 1529 quippe
695 1483 775 1517 dico
791 1483 906 1523 vobis,
925 1484 1039 1516 donec
1055 1488 1260 1528 praetereat

250 1535 389 1569 coelum
418 1541 451 1568 et
475 1542 589 1574 terra,
617 1535 689 1568 iota
714 1547 826 1569 unum
855 1541 916 1568 aut
943 1547 1032 1580 apex
1057 1547 1129 1568 non
1157 1546 1260 1579 prae-

250 1587 388 1621 terierit
405 1599 446 1620 ex
465 1588 552 1631 lege,
581 1588 701 1633 quoad
720 1587 841 1621 onmia
859 1588 949 1620 facta
970 1587 1114 1620 suerint,
1150 1586 1260 1631 Quis-

251 1640 330 1686 quis
354 1639 462 1684 igitur
486 1639 635 1673 solverit
654 1652 765 1673 unum
788 1651 829 1672 ex
847 1639 1026 1673 mandatis
1043 1637 1139 1672 hisce
1154 1639 1259 1672 mini-

251 1693 338 1732 mis,
367 1699 401 1725 et
422 1692 585 1725 docuerit
601 1692 651 1726 sic
667 1690 851 1731 homines,
879 1691 1053 1725 minimus
1070 1691 1260 1724 vocabitur

250 1745 287 1778 in
312 1757 424 1789 regno
443 1744 647 1781 coelorum;
677 1744 839 1790 quisquis
865 1750 984 1777 autem
1006 1743 1130 1777 fecerit
1147 1750 1180 1776 et
1196 1744 1259 1776 do-

251 1797 384 1837 cuerit,
411 1794 468 1829 hic
492 1808 645 1840 magnus
667 1796 856 1829 vocabitur
876 1796 912 1828 in
932 1808 1043 1840 regno
1063 1796 1258 1830 coelorum.

250 1849 342 1883 Dico
365 1849 460 1882 enirn
482 1849 601 1882 vobis:
631 1848 709 1883 Nisi
729 1848 969 1881 abundaverit
988 1854 1103 1882 vestra
1123 1848 1258 1882 iustitia

253 1902 330 1946 plus
347 1913 454 1947 quam
474 1901 672 1935 scribarum
694 1907 727 1934 et
742 1898 1033 1945 pharisaeorum,
1057 1913 1130 1934 non
1147 1900 1260 1946 possi—

251 1954 294 1988 tis
317 1953 457 1998 ingredi
480 1953 518 1986 in
535 1965 687 1998 regnum
708 1953 904 1986 coelorum.
952 1953 1132 1993 Audistis,
1161 1954 1260 1998 quod

249 2006 384 2040 dictum
411 2006 457 2040 sit
479 2006 677 2040 veteribus:
717 2005 800 2040 Non
824 2005 982 2042 occides;
1012 2005 1174 2051 quisquis
1200 2017 1260 2039 au-

249 2065 320 2092 tem
341 2058 531 2098 occiderit,
561 2059 738 2092 obnoxius
755 2057 822 2091 erit
838 2057 983 2091 iudicio.
1036 2057 1083 2090 At
1098 2070 1163 2102 ego
1180 2058 1259 2091 dico

251 2110 372 2151 vobis,
401 2112 499 2157 quod
525 2110 688 2156 quisquis
714 2109 883 2144 irascitur
907 2109 1010 2143 fratri
1029 2122 1094 2144 suo
1114 2117 1260 2147 temere,

252 2163 430 2197 obnoxius
465 2162 533 2196 erit
566 2163 713 2196 iudicio.
775 2161 993 2208 Quicunque
1021 2174 1107 2195 vero
1131 2162 1261 2196 dixerit

251 2215 355 2248 fratri
377 2228 442 2249 suo
466 2213 595 2254 racha,
629 2214 806 2249 obnoxius
833 2215 900 2247 erit
925 2214 1089 2248 concilio.
1155 2214 1261 2260 Quis-

252 2266 332 2313 quis
353 2274 471 2301 autem
489 2267 619 2301 dixerit
636 2268 751 2306 fatue,
780 2267 958 2301 obnoxius
984 2266 1051 2300 erit
1076 2264 1261 2311 gehennae

252 2319 432 2354 incendio.
494 2318 620 2366 Itaque
652 2320 682 2354 si
714 2319 888 2353 obtuleris
919 2331 1051 2353 munus
1082 2326 1183 2353 tuum
1216 2320 1261 2353 ad

253 2383 374 2413 aram,
403 2378 437 2405 et
460 2372 532 2405 illic
549 2373 759 2406 recordatus
777 2372 905 2411 fueris,
935 2373 1033 2418 quod
1052 2372 1164 2405 frater
1181 2378 1262 2406 tuus

252 2422 361 2457 habet
387 2423 523 2469 aliquid
551 2425 741 2458 adversum
769 2430 823 2464 te,
850 2424 1015 2470 relinque
1041 2423 1112 2457 illic
1131 2436 1262 2458 munus

252 2482 354 2509 tuum
389 2488 510 2509 coram
541 2477 665 2517 altari,
705 2483 738 2510 et
771 2476 850 2516 abi,
885 2476 984 2520 prius
1018 2476 1262 2510 reconcilieris

252 2528 337 2561 fatri
355 2534 436 2568 tuo,
464 2534 498 2561 et
515 2534 590 2561 tum
611 2529 760 2563 veniens
778 2529 868 2562 offer
885 2541 1016 2563 munus
1035 2535 1150 2563 tuum.
1191 2528 1263 2561 Ha-

253 2581 336 2614 beto
353 2580 642 2614 benevolentiam
662 2593 741 2614 cum
762 2581 971 2614 adversario
988 2587 1050 2614 tuo
1068 2581 1152 2621 cito,
1175 2582 1261 2615 dum

254 2645 289 2666 es
313 2633 350 2665 in
376 2633 432 2665 via
458 2645 538 2666 cum
564 2632 626 2665 illo
640 2659 648 2672 ,
677 2645 722 2666 ne
740 2633 887 2678 quando
904 2639 937 2666 te
956 2634 1075 2667 tradat
1093 2634 1264 2667 adversa-

981 340 1154 385 quoniam
1193 339 1259 384 ipsi

290 2750 319 2781 4)
341 2753 456 2781 probra]
477 2752 525 2777 Ed.
549 2751 624 2775 1530.
645 2757 806 2782 perperam:
832 2753 918 2776 broba

2248 100 2322 136 396

1314 183 1388 217 rius
1405 183 1513 216 iudici
1527 210 1535 223 ,
1562 190 1596 216 et
1615 184 1719 218 iudex
1736 191 1769 218 te
1789 184 1909 217 tradat
1927 183 2093 217 ministro
2106 210 2115 224 ,
2143 191 2176 218 et
2193 185 2229 218 in
2245 197 2322 219 car-

1314 248 1431 268 cerem
1463 234 1680 270 coniiciaris.
1732 235 1849 269 Amen
1882 236 1963 269 dico
1991 235 2074 275 tibi,
2112 248 2186 269 non
2212 237 2322 272 exibis

1315 287 1432 327 illinc,
1460 288 1574 320 donec
1601 287 1815 331 persolveris
1843 294 2042 321 extremum
2070 280 2322 332 quadrantem.

1286 337 1287 377 l
1314 339 1493 379 Audistis,
1521 340 1619 385 quod
1637 340 1771 372 dictum
1792 339 1900 373 suerit
1921 338 2096 384 antiquis:
2125 338 2208 373 Non
2226 352 2322 373 com-

632 389 735 422 Beati
763 391 924 434 pacifici,
955 391 1127 437 quoniam
1154 390 1178 423 ii
1197 391 1260 424 filii
1286 383 1288 408 ³

1301 2733 1410 2768 videm
1437 2732 1597 2767 faciunt?

1315 391 1434 425 mittes
1455 391 1684 425 adulterium.
1728 391 1774 424 At
1793 403 1858 435 ego
1876 391 1956 424 dico
1974 390 2097 431 vobis,
2126 391 2223 436 quod
2244 392 2323 437 qui-

1315 455 1455 489 cunque
1474 443 1651 488 aspexerit
1670 455 1818 475 uxorem
1840 443 1986 477 alterius
2003 443 2047 475 ad
2067 442 2321 487 concupiscen-

1314 495 1398 528 dum
1429 508 1528 535 eam,
1564 495 1634 527 iam
1661 494 1876 528 adulterium
1908 507 1986 528 cum
2016 506 2054 527 ea
2078 495 2259 529 commisit
2284 494 2323 528 in

1315 548 1422 580 corde
1447 560 1524 580 suo.
1579 547 1685 591 Quod
1711 546 1738 580 si
1758 546 1882 580 oculus
1899 553 1979 580 tuus
1995 548 2120 580 dexter
2137 546 2322 580 obstaculo

1315 598 1378 631 tibi
1396 598 1522 638 fuerit,
1551 611 1634 632 erue
1654 598 1774 638 illum,
1803 604 1837 631 et
1856 598 1968 631 abiice
1989 598 2050 632 abs
2069 604 2114 631 te.
2168 597 2323 643 Expedit

1315 651 1410 683 enim
1432 650 1518 690 tibi,
1545 657 1583 683 ut
1607 657 1729 695 pereat
1754 662 1865 683 unum
1890 650 2138 683 membrorum
2162 656 2323 691 tuorum,

1314 714 1354 735 ac
1380 714 1453 734 non
1478 708 1593 735 totum
1621 714 1751 746 corpus
1777 708 1878 735 tuum
1906 701 2120 735 coniiciatur
2137 701 2174 734 in
2191 700 2322 746 gehen-

1312 766 1410 787 nam.
1477 753 1521 786 Et
1557 753 1584 787 si
1614 755 1758 787 dextera
1788 760 1846 787 tua
1879 766 2007 787 manns
2036 753 2216 787 obstiterit
2244 753 2322 794 tibi,

1313 811 1459 850 amputa
1480 817 1557 838 eam
1577 811 1611 837 et
1630 805 1763 849 proiice
1782 806 1843 838 abs
1862 812 1907 840 te.
1958 805 2113 850 Expedit
2129 805 2224 838 enim
2243 805 2322 845 tibi,

1312 864 1351 891 ut
1374 863 1498 902 pereat
1522 868 1633 890 unum
1656 857 1902 890 membrorum
1920 863 2086 897 tuorum,
2116 869 2157 890 ac
2172 869 2247 890 non
2267 863 2322 890 to-

1312 916 1387 942 tum
1415 921 1544 953 corpus
1569 914 1669 942 tuum
1698 909 1910 942 coniiciatur
1928 909 1964 941 in
1989 907 2204 953 gehennam.
2258 908 2321 941 Di-

1312 968 1408 995 ctum
1429 967 1480 994 est
1499 967 1640 994 autem:
1673 960 1890 1006 Quicunque
1907 960 2154 1005 repudiaverit
2171 972 2320 994 uxorem

1311 1026 1412 1047 suam
1426 1040 1434 1050 ,
1463 1014 1523 1045 det
1543 1012 1593 1045 illi
1612 1012 1771 1045 libellum
1793 1012 1953 1046 divortii.
2007 1012 2054 1045 At
2073 1024 2138 1056 ego
2160 1012 2240 1045 dico
2259 1024 2321 1046 vo-

1312 1066 1384 1105 bis,
1420 1066 1517 1111 quod
1551 1064 1713 1110 quisquis
1746 1064 1995 1109 repudiaverit
2024 1076 2173 1098 uxorem
2205 1076 2321 1105 suam,

1312 1118 1381 1151 nisi
1406 1129 1510 1150 causa
1537 1117 1672 1161 stupri,
1701 1117 1826 1157 efficit,
1860 1123 1900 1150 ut
1922 1116 1982 1149 illa
2005 1116 2051 1150 sit
2074 1116 2258 1156 adultera,
2287 1122 2323 1150 et

1312 1169 1519 1215 quicunque
1545 1168 1773 1213 repudiatam
1800 1168 1960 1208 duxerit,
1986 1168 2202 1202 adulterium
2224 1180 2322 1201 com-

1312 1221 1434 1256 mittit.
1473 1220 1631 1255 Rursum
1653 1220 1813 1261 audistis,
1839 1221 1938 1266 quod
1954 1220 2089 1254 dictum
2105 1220 2214 1254 fuerit
2230 1219 2322 1253 anti-

1313 1273 1413 1320 quis:
1457 1273 1542 1308 Non
1565 1272 1765 1317 peierabis,
1803 1273 1864 1306 sed
1888 1272 2070 1317 persolves
2092 1272 2243 1306 domino
2269 1284 2324 1313 ea,

1313 1337 1405 1372 quae
1440 1325 1627 1359 iuraveris.
1698 1324 1744 1358 At
1769 1337 1833 1369 ego
1858 1325 1939 1358 dico
1965 1324 2085 1359 vobis:
2121 1324 2175 1359 Ne
2197 1323 2323 1358 iuretis

1314 1378 1486 1417 omnino,
1525 1389 1642 1423 neque
1677 1389 1740 1421 per
1767 1377 1927 1417 coelum,
1963 1376 2045 1422 quia
2073 1374 2227 1410 thronus
2254 1375 2324 1409 Dei

1313 1436 1383 1470 est,
1417 1442 1534 1475 neque
1560 1441 1623 1474 per
1648 1435 1803 1469 terram,
1841 1429 1924 1474 quia
1949 1428 2156 1462 subsellium
2183 1433 2234 1462 est
2261 1440 2323 1472 pe-

1314 1483 1400 1515 dum
1438 1481 1552 1521 illius,
1594 1493 1710 1526 neque
1742 1492 1806 1525 per
1836 1479 2113 1526 Hierosolyma,
2147 1479 2322 1526 quoniam

1314 1533 1438 1567 civitas
1467 1539 1519 1567 est
1551 1533 1672 1576 magni
1706 1532 1819 1577 regis,
1854 1544 1972 1578 neque
1996 1544 2061 1577 per
2088 1537 2197 1577 caput
2219 1537 2323 1565 tuum

1313 1586 1469 1625 iurabis,
1502 1591 1693 1629 propterea
1722 1585 1821 1631 quod
1848 1596 1923 1617 non
1947 1590 2049 1629 potes
2072 1596 2186 1618 unum
2207 1583 2322 1629 pilum

1314 1638 1435 1671 album
1461 1644 1522 1670 aut
1549 1637 1692 1681 nigrum
1714 1637 1847 1675 facere;
1881 1637 1944 1670 sed
1964 1636 2031 1670 erit
2049 1648 2169 1670 sermo
2189 1642 2321 1670 vester:

1314 1696 1365 1724 est
1384 1695 1447 1729 est,
1474 1701 1549 1722 non
1567 1701 1653 1723 non.
1691 1688 1808 1722 Porro
1827 1689 1924 1735 quod
1943 1689 2037 1722 ultra
2053 1686 2143 1722 haec
2158 1687 2324 1732 adiungi-

1313 1748 1384 1782 tur,
1412 1753 1454 1774 ex
1471 1741 1568 1774 malo
1588 1741 1836 1786 proficiscitur.
1873 1740 2047 1781 Audistis,
2072 1741 2169 1787 quod
2187 1739 2324 1774 dictum

1312 1793 1437 1828 fuerit:
1468 1794 1611 1827 oculum
1637 1805 1702 1837 pro
1728 1793 1854 1832 oculo,
1882 1799 1917 1826 et
1939 1794 2083 1826 dentem
2112 1805 2179 1837 pro
2204 1793 2324 1826 dente.

1312 1848 1360 1879 At
1378 1858 1442 1890 ego
1466 1846 1546 1879 dico
1570 1845 1689 1879 vobis:
1727 1845 1780 1879 Ne
1806 1844 1977 1879 resistatis
1998 1844 2117 1885 malo,
2144 1845 2205 1879 sed
2226 1844 2324 1890 quis-

1314 1898 1394 1945 quis
1421 1897 1611 1943 impegerit
1636 1897 1777 1942 alapam
1806 1897 1843 1929 in
1866 1897 2051 1929 dexteram
2072 1902 2172 1930 tuam
2197 1896 2324 1929 maxil-

1313 1951 1409 1991 lam,
1437 1951 1584 1983 obverte
1608 1949 1660 1982 illi
1684 1956 1718 1982 et
1744 1949 1916 1989 alteram,
1952 1955 1987 1982 et
2012 1948 2063 1988 ei,
2091 1948 2154 1994 qui
2180 1954 2214 1982 te
2237 1947 2325 1981 velit

1314 2003 1352 2036 in
1367 2003 1421 2037 ius
1439 2000 1582 2036 trahere
1594 2029 1602 2042 ,
1629 2014 1669 2034 ac
1684 2001 1844 2035 tunicam
1863 2007 1963 2035 tuam
1980 2001 2127 2041 tollere,
2155 2000 2323 2046 permitte

1315 2056 1365 2088 illi
1394 2062 1428 2088 et
1453 2055 1624 2100 pallium,
1661 2060 1695 2086 et
1720 2053 1781 2100 qui
1808 2059 1842 2086 te
1865 2053 2026 2097 adegerit
2054 2053 2099 2086 ad
2125 2052 2324 2089 miliarium

1314 2120 1448 2147 unum,
1479 2107 1575 2140 abito
1601 2118 1680 2139 cum
1706 2106 1768 2139 illo
1791 2107 1876 2139 duo.
1931 2105 2075 2139 Petenti
2092 2106 2154 2140 abs
2172 2111 2206 2138 te
2225 2106 2325 2146 dato,

1315 2167 1349 2194 et
1384 2159 1587 2204 cupientem
1624 2165 1790 2192 mutuum
1828 2157 2010 2203 accipere,
2056 2169 2102 2191 ne
2138 2156 2325 2192 averseris.

1314 2212 1495 2251 Audistis,
1537 2211 1633 2257 quod
1668 2211 1802 2244 dictum
1837 2211 1901 2244 sit:
1946 2209 2083 2254 Diliges
2115 2209 2322 2255 proximum

1315 2271 1438 2303 tuum,
1466 2270 1500 2296 et
1523 2263 1608 2295 odio
1636 2261 1785 2296 habebis
1810 2262 1996 2296 inimicum
2023 2268 2138 2296 tuum.
2192 2261 2241 2294 At
2258 2272 2323 2305 ego

1315 2316 1396 2349 dico
1424 2315 1542 2349 vobis:
1580 2314 1728 2359 Diligite
1754 2315 1920 2348 inimicos
1942 2320 2098 2356 vestros,
2131 2314 2222 2348 bene
2244 2325 2324 2358 pre-

1317 2368 1447 2402 cemini
1469 2367 1730 2401 devoventibus
1751 2380 1836 2407 vos,
1862 2366 2062 2400 benefacite
2086 2366 2148 2407 iis,
2176 2364 2239 2411 qui
2260 2377 2324 2399 vos

1317 2420 1401 2454 odio
1427 2427 1714 2466 persequuntur,
1743 2426 1844 2453 orate
1872 2431 1938 2464 pro
1956 2419 2018 2459 iis,
2046 2418 2109 2464 qui
2124 2418 2274 2451 laedunt
2290 2422 2325 2450 et

1316 2473 1539 2506 insectantur
1562 2485 1645 2511 vos,
1673 2478 1711 2506 ut
1733 2471 1810 2506 sitis
1825 2471 1888 2504 filii
1909 2470 2021 2516 patris
2040 2469 2168 2510 vestri,
2195 2468 2258 2516 qui
2273 2474 2326 2503 est

1316 2525 1353 2558 in
1390 2524 1518 2563 coelis,
1555 2524 1638 2570 quia
1675 2525 1785 2558 solem
1813 2536 1918 2558 suum
1946 2522 2080 2556 exoriri
2102 2522 2188 2556 sinit
2215 2532 2324 2566 super

1315 2577 1431 2611 malos
1460 2589 1500 2609 ac
1523 2576 1660 2617 bonos,
1697 2583 1730 2610 et
1756 2575 1915 2621 pluviam
1943 2574 2054 2608 mittit
2077 2586 2186 2620 super
2213 2573 2325 2608 iustos

1316 2636 1350 2662 et
1379 2628 1543 2663 iniustos.
1578 2629 1671 2664 Nam
1695 2629 1723 2663 si
1746 2628 1942 2662 dilexeritis
1967 2639 2049 2667 eos,
2084 2627 2147 2673 qui
2170 2626 2326 2671 diligunt

1314 2694 1398 2722 vos,
1427 2682 1523 2727 quod
1550 2681 1751 2726 praemium
1775 2678 1940 2714 habetis?
1991 2678 2124 2714 Nonne
2141 2675 2325 2724 publicani

1650 2733 1760 2767 Eritis
1787 2732 1896 2777 igitur
1919 2743 1982 2765 vos
2006 2732 2172 2776 perfecti,
2199 2741 2322 2776 quem-
