2389 3037
71 123 147 159 729
585 117 661 153 Vll.

73 215 214 249 autem,
242 208 280 241 in
305 207 435 253 quibus
459 205 575 239 finitio
591 217 671 238 cum
691 205 792 238 finito
812 205 990 250 iungitur,
1020 210 1081 237 aut
1105 241 1108 255 1
1137 205 1266 240 Omnis
1283 206 1448 250 voluptas

71 259 247 294 finitionis
264 271 368 304 pars,
397 263 458 291 aut
476 257 665 302 proprium
688 258 730 290 de
753 257 912 291 subiecto
936 256 1081 295 dicitur,

72 318 112 346 ut
134 309 246 345 homo
276 317 328 344 est
356 309 490 342 animal
518 308 779 349 intellectuale,
822 306 933 342 homo
963 313 1081 352 potest

72 363 187 409 loqui.

73 415 221 460 quando
240 426 313 447 esse
329 413 417 446 falsa
438 419 601 457 possunt.
656 412 747 446 Sunt
771 419 910 451 autem,
938 411 975 442 in
1001 410 1080 455 qui-

73 467 140 500 bus
157 466 201 499 de
220 464 428 499 substantiis
446 464 641 497 accidentia
659 464 846 503 dicuntur,
875 468 937 496 aut
961 463 1004 494 de
1023 474 1080 494 ac-

74 517 293 557 cidentibus,
321 516 517 549 accidentia
531 543 539 555 ,
567 522 606 549 ut
618 515 742 549 Cicero
761 521 812 549 est
828 510 1079 558 philosophus,

75 569 195 602 album
215 574 267 602 est
285 568 398 601 dulce.
452 567 571 613 Atque
586 565 674 600 haec
688 566 842 600 formula
864 565 1080 609 pronuntia-

74 628 194 654 torum
229 620 421 664 spectanda
456 619 646 663 diligenter
676 624 747 658 est,
794 618 831 650 in
865 617 1079 656 iudicandis,

75 684 156 705 cum
190 671 341 705 statibus
375 670 692 715 disceptationum,
737 676 812 703 tum
844 669 1106 713 argumentis,¹

77 735 169 769 quae
192 723 413 762 necessaria,
440 734 532 768 quae
557 722 799 765 contingentia
824 721 906 755 sint.
959 722 1078 766 Atque

75 773 134 808 hic
159 775 278 815 vides,
315 774 401 819 quid
433 774 594 807 conferat
620 773 714 807 ratio
743 773 902 817 generis,
936 771 1079 817 speciei,

76 825 276 866 individui,
304 832 338 858 et
354 825 507 859 aliorum
520 852 529 866 ,
558 837 650 871 quae
668 837 775 869 supra
794 824 959 858 tractavi.

717 116 1087 153 COMPENDIARIA
1114 117 1429 153 DIALECTICES
1458 117 1620 152 RATIO.

238 362 427 408 Quaedam
463 367 546 394 sunt
581 360 848 405 contingentia,
890 371 981 405 quae
1016 358 1107 390 ali-¹

179 876 254 910 Iam
276 877 313 909 in
337 875 404 910 hac
430 877 750 921 pronuntiatorum
772 877 888 910 forma
915 876 1079 915 observa,
1105 883 1107 890 ¹

76 929 174 974 quod
198 929 393 962 accidentia
419 929 586 962 bifariam
609 930 826 968 efferuntur,
856 934 917 961 aut
943 926 1080 970 simpli-

75 980 182 1021 citer,
218 993 297 1014 cum
323 981 457 1014 formas
478 987 617 1013 tantum
643 980 865 1025 significant,
905 985 943 1012 ut
968 979 1079 1018 color,

76 1032 226 1072 albedo,
254 1032 427 1076 nigredo,
456 1039 517 1065 aut
537 1045 617 1065 cum
634 1033 770 1065 formas
792 1031 839 1064 ita
865 1030 1080 1076 significant,

75 1090 115 1117 ut
131 1084 169 1115 in
186 1083 264 1117 aliis
281 1084 387 1117 rebus
407 1095 481 1117 esse
499 1090 621 1117 tamen
642 1083 849 1128 designent,
879 1089 919 1116 ut
945 1083 1080 1121 album,

74 1134 233 1179 nigrum.
286 1134 492 1168 Posteriore
514 1136 649 1179 figura,
687 1137 731 1169 de
757 1134 965 1169 substantiis
990 1134 1080 1166 acci-

76 1186 197 1219 dentia
215 1187 405 1219 commode
421 1186 603 1227 dicuntur,
627 1187 748 1232 priore
764 1199 964 1233 nunquam.
998 1185 1080 1219 Fal-

75 1237 214 1273 sissima
232 1237 326 1271 enim
347 1238 463 1271 oratio
484 1245 555 1279 est,
582 1239 730 1273 Petrum
750 1239 905 1272 colorem
926 1250 1011 1271 esse.

371 1322 433 1356 De
462 1325 779 1369 oppositione.

179 1390 219 1424 ln
247 1392 503 1425 controversiis
529 1392 718 1435 diligenter
748 1393 981 1437 spectandum
1016 1398 1080 1432 est,
1106 1385 1108 1396 ’

76 1455 185 1489 quam
204 1447 418 1476 “mennam
441 1454 498 1475 ⁶⁰¹
515 1454 698 1486 opponfls’
728 1456 792 1477 nec
810 1457 905 1478 emm
933 1456 1003 1478 una
1028 1450 1079 1477 eSt
1106 1458 1107 1497 ἶ
1134 1472 1192 1498 tur
1203 1465 1366 1506 ,subiecta
1386 1473 1419 1499 et
1438 1467 1642 1510 praedicata
1656 1495 1665 1507 ,
1702 1480 1773 1513 quo
1801 1469 1909 1501 modo
1935 1473 2138 1507 vertuntur,

76 1493 286 1539 opponendi
300 1493 455 1527 formula
469 1520 478 1534 ,
502 1500 536 1526 et
552 1506 671 1539 saepe,
700 1508 791 1541 quae
807 1508 968 1540 pugnare
986 1496 1079 1528 inter

75 1559 111 1580 se
131 1545 318 1585 videntur,
347 1557 385 1578 re
399 1545 475 1589 ipsa
494 1547 724 1582 conveniunt.
779 1548 942 1581 Primum
963 1548 999 1580 in
1017 1559 1080 1592 op-

75 1596 317 1642 positionibus
341 1597 512 1636 observa,
541 1610 584 1631 ne
609 1611 678 1644 qua
706 1599 841 1632 incidat
863 1599 1079 1643 ambiguitas
1105 1607 1106 1617 ¹

74 1650 114 1683 in
129 1661 258 1682 vocum
277 1647 610 1692 significationibus.
656 1650 749 1684 Nam
768 1658 807 1684 ut
823 1663 899 1684 non
917 1657 1079 1696 pugnant

75 1702 238 1735 diversae
257 1700 459 1741 orationes,
486 1700 625 1735 Aeneas
650 1702 729 1746 pius
755 1709 826 1743 est,
855 1702 987 1737 Caesar
1014 1703 1079 1735 irn-

76 1754 176 1798 pius,
202 1752 251 1785 ita
268 1764 333 1785 nec
353 1765 414 1793 ea,
441 1765 532 1798 quae
551 1753 694 1786 variant
711 1754 944 1798 ambiguitate
969 1754 1079 1795 vocis,

76 1812 134 1845 ut,
170 1804 330 1849 Polypus
355 1810 406 1838 est
429 1804 556 1849 piscis,
590 1805 750 1851 Polypus
776 1819 851 1840 non
877 1814 928 1841 est
954 1806 1078 1851 piscis:

76 1858 105 1891 si
122 1856 160 1889 in
179 1853 246 1889 hac
262 1856 430 1889 morbum
444 1883 453 1897 ,
482 1869 587 1902 quem
604 1857 772 1903 Polypon
798 1864 947 1899 vocant,
977 1859 1080 1892 intel-

76 1908 139 1953 ligi
162 1908 261 1942 velis.

76 1995 269 2028 Formae
305 1994 613 2038 pugnantium
659 1996 1077 2039 pronuntiatorum

461 2052 557 2079 tres
585 2055 701 2080 sunt.

181 2113 372 2148 Contraria
387 2140 396 2153 ,
441 2115 513 2147 duo
537 2114 776 2155 universalia,
808 2122 847 2149 ut
870 2118 987 2151 omnis
1014 2131 1080 2151 vo-

77 2166 195 2211 luptas
215 2172 267 2200 est
291 2166 407 2205 bona,
445 2166 541 2199 nulla
569 2168 734 2212 voluptas
759 2174 810 2201 est
835 2169 950 2209 bona,
987 2184 1078 2216 quae

76 2229 263 2264 nunquam
283 2217 390 2251 simul
408 2229 489 2250 vera
513 2226 616 2260 sunt,
651 2220 687 2252 in
707 2220 996 2264 contingentibus
1016 2224 1078 2255 ali-

76 2270 157 2303 cubi
178 2269 285 2303 simul
312 2270 396 2303 falsa
423 2276 524 2310 sunt,
568 2277 607 2304 ut
632 2271 748 2305 omnis
774 2270 884 2305 homo
910 2280 960 2308 est
986 2275 1078 2319 pius,

75 2321 195 2355 nullus
213 2318 324 2354 homo
342 2327 393 2355 est
408 2320 499 2365 pius.

180 2372 459 2413 Subcontraria,
487 2374 716 2417 particularia
737 2383 837 2417 sunt,
867 2384 905 2411 ut
929 2377 1075 2422 quidam

77 2422 187 2458 homo
206 2425 286 2470 pins
303 2431 374 2465 est,
400 2425 546 2469 quidam
565 2423 674 2459 hoino
692 2428 771 2472 pius
787 2441 860 2462 non
879 2436 948 2470 est,
985 2442 1076 2475 quae

75 2488 262 2522 nunquam
282 2476 387 2510 simul
404 2477 489 2510 falsa
508 2484 609 2518 sunt,
639 2485 674 2511 at
699 2492 781 2513 vera
807 2481 843 2513 in
868 2481 1076 2525 contingen-

76 2528 170 2561 tibus
186 2528 290 2562 simul
309 2541 381 2562 esse
400 2536 561 2573 possunt.

182 2579 470 2613 contradictoria
493 2587 657 2614 constant
675 2594 715 2614 ex
731 2582 925 2618 universali
943 2591 975 2617 et
996 2598 1076 2628 par-

77 2630 240 2671 ticulari,
269 2639 328 2665 aut
346 2633 605 2675 singularibus,
634 2646 724 2679 quae
745 2646 929 2681 nunquam
957 2637 1076 2676 simul,

76 2693 194 2727 neque
215 2696 317 2722 vera,
355 2697 471 2729 neque
496 2685 579 2717 falsa
608 2697 680 2718 esse
705 2694 872 2729 possunt,
913 2694 951 2721 ut
971 2688 1074 2721 Plato

76 2735 193 2775 sedet,
221 2735 324 2768 Plato
344 2747 417 2768 non
437 2736 544 2770 sedet.

1106 972 1107 999 ξ
1134 967 1211 1005 ptas
1230 966 1280 994 est
1296 960 1405 999 bona,

2064 120 2138 154 730

1844 205 1948 239 Nulla
1970 206 2136 250 voluptas

1545 255 1758 289 Contrariae
1893 263 1944 291 est
1961 257 2068 291 bona.

1208 264 1259 291 est
1276 258 1383 291 bona.

1403 338 1462 408 6ὲο

1459 399 1542 460 “e-‚9-
1765 436 1786 455 ι

1499 444 1539 486 „Q

1499 855 1778 888 Subcontrariae

1134 908 1322 953 Quaedam
1343 907 1444 940 volu-
1803 907 1992 953 Quaedam
2014 907 2114 939 volu-

1773 965 1854 1003 ptas
1871 971 1945 992 non
1962 965 2013 993 est
2030 960 2138 993 bona.

1428 1043 1491 1076 De
1520 1044 1842 1078 conversione.

1238 1103 1333 1138 Usus
1350 1105 1677 1137 convertendorum
1699 1105 2019 1148 pronuntiatorum
2033 1131 2041 1144 ,
2070 1103 2139 1138 nisi

1134 1156 1230 1201 apud
1249 1153 1448 1200 sophistas,
1475 1168 1550 1188 non
1567 1156 1652 1189 satis
1670 1156 1775 1189 video
1788 1183 1797 1197 ‚
1826 1168 1900 1190 esse
1919 1156 1998 1202 quis
2014 1157 2138 1200 possit.

1132 1207 1290 1247 Verum,
1317 1208 1462 1252 quando
1487 1208 1531 1240 ad
1550 1213 1718 1240 naturam
1744 1207 1928 1252 signorum
1955 1208 2140 1241 universa-

1133 1258 1235 1300 lium,
1258 1258 1558 1292 affirmativorum
1577 1265 1610 1292 et
1627 1260 1893 1303 negativorum,
1917 1272 1992 1293 non
2010 1271 2138 1304 parum

1134 1310 1321 1350 conducit,
1349 1310 1535 1344 subiiciam
1555 1323 1699 1357 quoque
1717 1312 1949 1345 convertendi
1966 1313 2105 1345 modos.

1236 1361 1503 1395 Vertendorum
1550 1364 1870 1407 pronuntiatorum
1917 1364 2009 1397 duae
2054 1368 2138 1397 sunt

1133 1414 1292 1453 formae,
1325 1413 1503 1458 Simplex,
1531 1427 1600 1460 qua
1631 1415 1755 1449 iisdem
1782 1416 1891 1460 signis
1915 1416 2138 1449 transferun-

1133 1517 1346 1551 universalis
1370 1518 1556 1562 negativa,
1600 1526 1634 1552 et
1658 1519 1884 1563 particularis
1911 1518 2138 1559 affirmativa,

1133 1575 1172 1602 ut
1190 1569 1308 1603 nullus
1326 1567 1436 1603 homo
1457 1576 1508 1603 est
1524 1571 1684 1611 brutum,
1709 1577 1790 1615 apte
1806 1571 1970 1611 verteris,
1998 1571 2136 1604 nullum

1104 1640 1107 1658 ς
1133 1621 1278 1654 brutum
1300 1627 1351 1655 est
1375 1619 1503 1655 bomo:
1539 1623 1588 1656 sic
1613 1624 1790 1668 quaedam
1816 1623 1981 1667 voluptas
2007 1629 2059 1657 est
2075 1623 2137 1655 bo-

1104 2188 1107 2353 ι

1133 1685 1200 1713 na,
1229 1679 1311 1717 apte
1333 1674 1505 1715 verteris⁷
1531 1674 1667 1707 bonum
1687 1676 1869 1720 quoddam
1890 1675 2056 1719 voluptas
2075 1681 2137 1708 est.

1133 1724 1304 1757 Formam
1325 1725 1473 1758 alteram
1493 1738 1557 1769 per
1576 1727 1759 1766 accidens,
1787 1733 1937 1766 vocant,
1965 1739 2034 1772 qua
2060 1739 2138 1759 mu-

1134 1783 1256 1809 tantur
1273 1776 1370 1820 signa
1385 1804 1394 1817 ,
1425 1783 1532 1822 atque
1551 1775 1618 1810 hac
1635 1784 1787 1812 utuntur
1803 1779 2037 1822 pronuntiata
2057 1778 2137 1811 uni-

1134 1828 1283 1862 versalia
1303 1829 1536 1869 affirmativa,
1564 1836 1604 1862 ut
1621 1830 1737 1864 omnis
1758 1830 1923 1874 voluptas
1949 1830 2044 1862 bona
2072 1836 2136 1869 est,

1135 1886 1216 1924 apte
1236 1880 1404 1920 verteris,
1432 1881 1568 1914 bonum
1587 1883 1769 1927 quoddam
1796 1888 1846 1915 est
1871 1882 2055 1925 voluptas,
2085 1888 2135 1914 at-

1134 1944 1202 1977 que
1216 1929 1274 1964 hic
1290 1932 1388 1966 vides
1399 1959 1407 1971 ,
1434 1939 1473 1965 ut
1488 1932 1540 1966 vis
1556 1933 1758 1977 negationis
1777 1933 1989 1968 universalis
2005 1933 2136 1966 diffun-

1134 1983 1302 2017 daturin
1334 1996 1459 2018 omnes
1494 1985 1718 2028 pronuntiati
1751 1991 1889 2030 partes,
1932 1984 2135 2018 affirmandi

1133 2035 1274 2079 signum
1300 2048 1372 2068 non
1403 2036 1499 2070 item.
1570 2037 1691 2082 Quare
1725 2037 1937 2071 universalis
1970 2036 2135 2081 negativa

1133 2087 1343 2132 simpliciter
1363 2088 1534 2128 vertitur,
1564 2089 1776 2122 affirmativa
1795 2101 1859 2133 per
1877 2089 2051 2122 accidens.
2095 2087 2134 2121 In

1134 2151 1254 2173 caussa
1274 2146 1325 2172 est
1344 2139 1416 2184 ipsa
1435 2141 1611 2174 sermonis
1630 2141 1742 2174 nostri
1762 2141 1977 2185 proprietas.
2017 2140 2134 2184 Vulgo

1133 2191 1307 2224 dialectici
1328 2197 1361 2223 et
1384 2192 1702 2237 aequipollentias,
1730 2199 1769 2225 ut
1787 2199 1937 2233 vocant,
1962 2192 2135 2237 praescri-

1132 2243 1240 2283 bunt,
1278 2249 1312 2275 et
1338 2243 1373 2275 in
1402 2244 1721 2287 pronuntiatorum
1748 2244 1889 2277 ratione
1917 2244 1975 2278 vix
1998 2244 2035 2277 in
2060 2244 2133 2277 ullo

1132 2295 1211 2328 loco
1242 2294 1321 2338 plus
1352 2295 1484 2338 negotii
1512 2302 1563 2329 est
1589 2296 1837 2329 Aristotelicis.
1890 2295 2023 2329 Verum
2058 2293 2134 2335 has,

1133 2359 1212 2379 cum
1229 2346 1335 2390 plane
1354 2347 1396 2379 ad
1415 2348 1668 2390 grammaticos
1683 2348 1862 2392 pertinere
1879 2347 2134 2391 intelligamus,

1133 2398 1218 2444 quid
1237 2398 1363 2431 attinet
1387 2396 1443 2431 hic
1467 2399 1653 2443 repetere?
1705 2401 1761 2431 An
1787 2399 1977 2445 quisquam
2004 2411 2132 2444 puero-

1131 2463 1211 2483 rum
1230 2456 1300 2489 est,
1330 2450 1390 2495 qui
1413 2451 1553 2493 ignoret
1568 2451 1660 2483 idem
1685 2464 1778 2491 esse,
1807 2463 1914 2483 nemo
1942 2448 2130 2484 hominum

1131 2514 1204 2534 non
1242 2508 1291 2534 est
1329 2502 1429 2545 pius,
1472 2504 1591 2547 quod,
1641 2503 1757 2536 omnis
1793 2500 1904 2535 homo
1941 2509 1992 2536 est
2028 2502 2132 2545 pius?

1132 2554 1253 2598 Quare
1272 2560 1303 2585 te
1331 2554 1443 2585 lector
1461 2555 1639 2587 admoneo
1651 2553 1718 2601 3²¹),
1756 2554 1866 2598 magis
1889 2568 1930 2587 ex
1955 2554 2027 2598 ipsa
2057 2553 2129 2585 vul-

1131 2605 1224 2648 garis
1243 2605 1417 2638 sermonis
1436 2605 1575 2639 ratione
1597 2606 1682 2639 velis·
1709 2606 2029 2651 aequipollentiuni
2061 2604 2129 2636 vim

1131 2657 1315 2700 colligere,
1343 2669 1448 2701 quam
1477 2670 1518 2690 ex
1544 2657 1693 2691 istorum
1720 2658 1861 2700 regulis.
1917 2656 2012 2696 Iam,
2039 2668 2131 2701 quae

1164 2760 1212 2788 34)
1232 2761 1330 2782 Annot.
1352 2766 1456 2791 marg:
1484 2761 1637 2785 (luminum
1661 2760 1700 2791 (iu
1724 2761 1768 2784 Ed.
1785 2761 1809 2784 2.
1831 2761 1898 2784 hacc
1917 2761 2011 2784 annot.
2027 2760 2130 2788 deest).
