2453 3037
303 128 353 164 59

302 215 348 250 D.
375 212 430 250 τώ
447 210 586 260 βότρυε

381 267 464 300 τοῖν
480 261 675 310 βοτρύοιν.

317 318 359 352 Ρ.
387 316 421 352 οἱ
438 314 596 362 βότρυες
613 310 677 347 καὶ
691 307 832 358 βότρυς

380 371 459 403 τῶν
477 361 654 412 βοτρύων

380 420 457 457 τοῖς
472 416 634 463 βότρυσι

381 467 469 508 τούς
485 464 654 514 βότρυας
669 463 734 500 καὶ
753 459 894 511 βότρυς

379 516 409 555 ὦ
427 516 587 566 βότρυες
605 515 669 552 καὶ
683 513 836 563 βότρυς.

301 572 434 617 Excipe
448 567 598 617 χλαμύς
611 564 827 614 χλαμύδος,
855 561 994 614 κροκύς
1009 561 1204 612 κροκύδος.

405 631 447 665 In
465 644 509 670 υς
525 629 715 670 adiecfiva,
733 627 911 673 genitivos
927 627 1088 660 formant
1105 637 1169 670 per
1185 637 1254 665 εος,
1270 629 1311 658 ut

319 684 355 719 S.
385 681 403 718 ὅ
420 679 514 729 ἡδύς

380 738 449 770 τοῦ
465 731 574 780 ἡδέος

379 787 435 833 τῷ
447 783 550 832 ἡδέϊ,
575 791 609 817 et
628 781 840 817 contractim
856 778 942 827 ἡδεῖ

381 837 451 873 τὸν
468 834 582 883 ἡδέα,
608 831 708 882 ἡδύν

382 886 413 924 ὦ
434 885 521 934 ἡδύ.

344 967 352 976 .
380 938 434 976 τιὸ
454 938 558 986 ἡδέε,
585 936 658 984 ἡδῆ
683 950 768 971 raro

383 994 466 1028 τοῖν
483 989 623 1037 ἡδέσιν.

351 1070 360 1079 .
389 1045 424 1079 οἱ
439 1040 562 1089 ἡδέες,
591 1047 626 1074 et
641 1038 743 1086 ἡδεῖς

383 1097 462 1130 τιῦν
481 1092 604 1139 ἡδέων

383 1148 462 1185 τοῖς
477 1143 583 1191 ἡδέσι

381 1195 471 1236 τοὺς
487 1194 616 1242 ἡδέας,
644 1200 678 1227 et
694 1191 796 1239 ἡδεῖς

384 1246 415 1284 ὦ
431 1246 554 1295 ἡδέες,
581 1253 615 1280 et
634 1243 747 1291 ἡδεῖς.

358 1301 401 1335 ln
413 1298 512 1334 hunc
530 1299 680 1332 modum
695 1297 796 1330 flecte
812 1301 846 1328 et
862 1300 1005 1334 neutra,
1025 1300 1064 1327 ut
1079 1289 1165 1339 ἡδύ,
1183 1290 1317 1342 γλυκύ.

358 1351 578 1387 Foeminina
604 1349 701 1383 enim
719 1346 827 1381 huius
847 1347 987 1380 formae
1007 1351 1047 1379 ut
1067 1343 1194 1390 ἡδεῖα,
1223 1346 1318 1394 γλυ-

306 1406 389 1441 κεῖα
406 1405 452 1437 ad
469 1403 664 1438 secundam
683 1399 964 1434 declinationem
993 1397 1213 1441 simplicium
1236 1407 1317 1441 per-

308 1458 437 1491 tinent.

783 1519 845 1557 Ος.

416 1583 457 1616 ln
487 1595 526 1621 ος
555 1593 631 1614 non
662 1579 795 1613 finiunt
825 1576 934 1611 huius
965 1575 1219 1610 declinationis
1253 1587 1319 1608 no-

309 1636 431 1676 mina,
458 1633 528 1668 nisi
545 1639 675 1667 neutra
692 1629 885 1676 participia
909 1627 1128 1674 praeterita,
1155 1633 1196 1661 ut
1213 1639 1318 1662 τετυ-

310 1687 380 1728 πός
400 1682 623 1729 τετυπότος,
662 1690 698 1717 et
722 1694 814 1729 quae
836 1682 876 1714 in
900 1681 1020 1726 prima
1046 1685 1318 1713 contractorum

312 1739 555 1774 declinatione
574 1735 878 1775 recensebuntur‚
900 1739 942 1767 ut
959 1731 1089 1779 με’λος,
1113 1730 1218 1777 χάος.

778 1810 849 1852 Ως.

417 1874 647 1911 Nominativi
665 1887 715 1914 ως
728 1872 908 1912 finientes,
927 1870 1142 1915 regulariter
1159 1870 1322 1903 formant

311 1928 490 1975 genitivos
507 1939 572 1972 per
590 1939 704 1968 ωτος,
729 1931 770 1958 ut
787 1927 870 1971 φῶς
889 1919 1028 1971 φωτός.

417 1979 574 2024 Propria
591 1985 632 2013 ut
649 1975 806 2018 Mivwg,
839 1982 874 2009 et
903 1987 994 2021 quae
1021 1974 1168 2017 longam
1194 1973 1321 2018 penul-

314 2033 443 2067 timam
470 2029 607 2065 habent
631 2028 851 2068 masculina,
894 2026 1033 2060 faciunt
1055 2025 1234 2070 genitivos
1257 2036 1321 2069 per

314 2098 407 2129 ωος,
434 2090 475 2117 ut
489 2082 607 2131 ἥρως,
632 2081 767 2130 ἥρωος.
807 2080 865 2114 Sic
883 2085 916 2113 et
934 2077 1200 2123 monosyllaba,
1229 2089 1321 2123 quae

313 2134 357 2178 δ,
377 2149 400 2170 τ
415 2136 473 2169 vel
487 2135 519 2170 θ
534 2141 617 2168 ante
635 2147 665 2170 ω
679 2132 833 2174 habent,
860 2138 901 2166 ut
919 2127 1025 2179 Τρα’ς
1044 2128 1192 2177 Τρωός,
1217 2125 1323 2175 δμώς

314 2184 445 2233 δμωός
458 2186 518 2234 5¹).

641 2262 923 2307 Paradigma
941 2260 1000 2307 52).

334 2341 370 2376 S.
398 2339 418 2376 ὃ
433 2339 550 2389 γέλως

396 2395 466 2428 τοῦ
482 2391 642 2440 γέλωτος

395 2446 451 2491 τῷ
467 2442 601 2492 γέλωτι

396 2494 465 2531 τὸν
480 2494 626 2543 γέλωτα

396 2543 428 2583 ὦ
445 2545 572 2596 γέλως.

355 2648 403 2681 51)
424 2655 494 2680 quae
513 2650 626 2680 longam
645 2661 679 2665 —
698 2646 812 2680 δμωός]
833 2647 874 2672 sic
890 2647 1144 2679 Editt 1542.sqq.;
1162 2647 1324 2672 Editt.1522

392 2685 528 2710 —154t.:
547 2684 604 2708 alia
622 2683 774 2724 quaedam,
793 2685 823 2723 ¹¹‚t
842 2680 912 2716 ἥρως
924 2683 1183 2723 ΐᾶοἰιιιιῐβεηίῑίνοε
1198 2690 1248 2714 per
1263 2691 1334 2713 ωος,’

393 2720 422 2742 ut
442 2715 511 2750 ἥρως
530 2716 633 2750 ἥρωος,
658 2726 727 2751 τρως
745 2726 846 2750 τρωος,
873 2717 948 2751 δμώς
967 2716 1068 2751 δμωος.

357 2761 406 2791 52)
427 2762 501 2787 Haec
518 2762 665 2794 inscriptio
684 2762 713 2787 in
730 2762 816 2787 Editt.
832 2762 942 2787 1522-
953 2763 1029 2789 1541.
1048 2762 1137 2788 deest.

898 119 1022 156 PHIL.
1050 118 1164 154 MEL.
1192 116 1397 154 SCRIPTA
1424 116 1768 155 PHILOLOGICA.

2320 121 2371 155 60

1361 204 1406 239 D.
1432 203 1486 240 τιὰ
1502 203 1640 254 γέλωτε

1440 258 1524 292 τοῖν
1540 254 1732 305 γελώτοιν.

1376 308 1419 342 Ρ.
1450 308 1483 344 οἱ
1502 308 1659 357 γέλωτες

1441 363 1519 395 τῶν
1534 359 1712 408 γελώτων

1440 413 1519 451 τοῖς
1535 410 1671 460 γέλωσι

1441 461 1530 502 τούς
1544 461 1709 511 γέλωτας

1441 510 1471 549 αἶ
1491 513 1658 562 γέλωτες.

1778 591 1819 625 In
1847 592 1956 627 ΑΙΣ.

1469 650 1510 684 In
1526 650 1584 691 αίς
1599 664 1664 696 per
1680 664 1743 692 τος
1759 651 1936 697 genitivos
1950 649 2105 691 faciunt,
2131 656 2172 684 ut
2188 647 2273 690 δαίς
2289 646 2373 685 δαι-

1363 700 1438 741 τός,
1490 703 1537 736 Et
1555 704 1733 738 Neutrum
1751 701 1855 743 σταίς
1872 701 2029 742 σταιτός.

1381 753 1416 788 S.
1445 752 1468 800 ἡ
1488 753 1573 795 δαίς

1440 809 1506 852 τῆς
1527 802 1656 846 δαιτός

1444 861 1491 903 τῇ
1511 856 1613 893 δαιτί

1445 908 1517 954 τὴν
1536 908 1651 945 δαῖτα

1447 956 1478 994 ὦ
1495 959 1592 1000 δαίς.

1405 1036 1413 1045 .
1443 1009 1492 1046 τὰ
1510 1010 1615 1047 δαῖτε

1446 1064 1532 1098 ταῖν
1550 1061 1708 1098 δαιτοῖν.

1381 1113 1423 1148 Ρ.
1451 1114 1490 1150 αἱ
1506 1112 1631 1154 δαῖτες

1445 1168 1524 1201 τῶν
1540 1164 1686 1200 δαιτῶν

1446 1218 1528 1256 ταῖς
1546 1215 1652 1251 δαισί

1447 1266 1515 1307 τὰς
1533 1266 1666 1307 δαῖτας

1448 1316 1479 1355 ὦ
1495 1318 1632 1358 δαῖτες.

1820 1397 1924 1430 ΕΙΣ.

1475 1455 1516 1489 In
1533 1470 1582 1497 εις
1598 1457 1732 1502 passim
1751 1456 1928 1502 genitivos
1945 1469 2010 1502 per
2026 1469 2130 1496 εντος
2151 1455 2309 1496 faciunt,
2337 1461 2379 1489 ut

1341 1496 1347 1560 ξ
1370 1507 1534 1555 λειριόεις
1549 1506 1776 1556 λειριόεντος.
1828 1508 1944 1542 Deme
1959 1506 2056 1549 κλείς
2068 1504 2233 1553 κλειδός,
2260 1505 2377 1544 ἀντί-

1372 1572 1446 1607 ρεις
1464 1559 1692 1609 ἀντήρειδος.

1387 1611 1422 1646 S.
1451 1610 1471 1648 ὅ
1484 1612 1628 1660 χαρίεις

1450 1666 1519 1699 τοῦ
1531 1663 1729 1712 χαρίεντος

1451 1719 1506 1763 τῷ
1522 1717 1694 1764 χαρίεντι

1451 1766 1520 1803 τὸν
1533 1767 1718 1817 χαρίεντα

1453 1815 1483 1854 ὦ
1496 1820 1650 1869 χαρίεν,
1677 1818 1822 1868 χαρίει,
1847 1817 2002 1868 χαρίεις.

1374 1870 1420 1905 D.
1449 1869 1503 1906 τιὸ
1515 1871 1691 1920 χαρίεντε

1451 1926 1534 1960 τοῖν
1547 1923 1775 1971 χαριέντοιν.

1459 1974 1495 2010 οἱ
1506 1974 1701 2024 χαρίεντες

1453 2031 1533 2064 τῶν
1547 2026 1759 2075 χαριέντων

1454 2081 1532 2120 τοῖς
1546 2077 1728 2127 χαρίεισι,
1753 2077 1903 2127 χαρίεσι

1453 2130 1542 2172 τοὺς
1553 2130 1755 2178 χαρίεντας

1456 2179 1487 2219 ὦ
1501 2181 1694 2231 χαρίεντες
1704 2183 1766 2231 ⁵³).
2231 2218 2234 2219 γ

1482 2244 1523 2278 In
1541 2243 1640 2279 hunc
1656 2245 1807 2279 modurn
1826 2250 1861 2279 et
1876 2251 2004 2279 neutra
2029 2242 2162 2278 horum
2189 2240 2386 2276 adiectivo-

1377 2311 1460 2332 rum
1495 2297 1710 2339 flectuntur,
1753 2303 1794 2331 ut
1819 2296 1953 2345 χάριεν
1981 2294 2180 2344 χαρίεντος
2199 2291 2384 2342 χαρίεντι.

1377 2350 1426 2385 Et
1441 2350 1632 2396 participia
1649 2349 1791 2395 passiva
1803 2377 1813 2391 ‚
1840 2356 1880 2383 ut
1898 2348 2061 2398 τυφθείς
2076 2345 2360 2396 τυφθέντοςω).

1483 2412 1704 2446 Observabis
1722 2411 1760 2445 in
1780 2425 1850 2451 οεις
1869 2411 2020 2445 nomina
2038 2407 2224 2450 contrahi,
2254 2414 2311 2458 ut'

1591 2462 1746 2508 Σιμόεις
1770 2466 1920 2510 Σιμοῦς

1590 2512 1800 2561 Σιμόεντος
1828 2518 2047 2562 Σιμοῦντος

1590 2566 1771 2613 Σιμόεντι
1797 2570 1999 2614 Σιμοῦντι.

1387 1974 1429 2010 Ρ.

1413 2677 1462 2710 53)
1483 2678 1534 2702 Hie
1552 2678 1699 2703 vocativus
1718 2679 1746 2703 in
1765 2678 1850 2703 Editt.
1869 2677 2064 2703 1522-1541.
2085 2676 2183 2702 omiss.

1413 2721 1462 2754 54)
1482 2723 1518 2782 Ett
1536 2722 1684 2754 partipria
1702 2736 1737 2742 -
1754 2723 1857 2756 τυφθ]
1883 2723 1950 2747 haec
1974 2721 2004 2747 in
2022 2721 2108 2747 Editt.
2123 2720 2314 2748 1522-1541.
2333 2721 2385 2747 tle-

1447 2764 1501 2783 sun
1517 2776 1523 2783 .
