2389 3037
32 109 105 147 421

28 196 278 234 sectabantur,
307 194 470 240 quotidie
485 196 639 235 dabant,
665 194 753 228 dicit
767 195 876 229 fuisse
893 201 1038 228 centum

29 249 260 294 quadrantes.

131 299 347 344 Quadrans,
381 299 524 332 circiter
549 296 797 332 anderhalben
822 297 936 332 heller
958 297 1039 343 My-

27 364 163 388 sorum,

131 403 282 443 Triens,
310 409 468 448 quatuor
489 403 629 436 unciae.

131 455 326 500 Quincunx
337 454 405 501 ¹¹),
434 454 594 500 quinque
615 455 754 488 unciae.

130 506 293 541 Semissis
311 520 371 540 sex
388 507 534 547 unciae,
561 507 703 540 circiter
719 507 806 551 drey
821 503 947 540 heller.

129 558 314 604 septunx,
341 566 478 603 septem
498 559 638 593 unciae.

129 610 218 650 Bes,
243 618 330 645 ocho
347 611 488 646 unciae.

128 662 319 704 Dodrans,
345 676 476 696 novem
497 662 638 697 unciae.

129 714 308 757 Dextzms,
334 716 455 748 decem
475 715 617 756 unciae,

129 766 279 807 Deunx,
307 767 475 803 undecim
492 766 636 807 unciae,

128 820 199 859 As,
227 819 418 852 duodecim
437 819 578 853 unciae.

65 913 72 917 Δ
129 870 322 909 Caeterum
341 883 475 904 nomen
493 865 580 905 assis
598 871 642 903 ad
662 869 730 903 alia
749 870 977 908 transfertur,
1004 875 1038 901 et

24 918 201 967 signififflt
226 923 267 958 in
285 923 458 959 omnibus
481 924 588 960 rebus
613 921 867 960 mensurandis
892 921 948 957 vel.
972 933 1037 953 nu-

24 975 227 1015 merandis,
256 981 386 1008 totum.

129 1026 269 1060 Usurae
286 1027 501 1060 centesimae
518 1026 700 1065 dicuntur,
730 1038 822 1071 quae
840 1025 1036 1058 centesimo

24 1091 146 1112 mense
171 1085 330 1124 aequant
349 1085 495 1112 sortem.
551 1078 746 1123 Quondam
770 1077 864 1111 enim
889 1077 1037 1121 singulis

24 1130 207 1165 mensibus
240 1131 474 1163 solvebantur
501 1143 642 1164 usurae.
704 1130 749 1163 Et
777 1136 908 1163 vocant
931 1128 1038 1162 Iuris-

25 1182 179 1217 consulti
195 1194 308 1216 assem
327 1194 518 1216 usurarum
533 1209 542 1219 ,
570 1182 813 1215 Centesimam
828 1209 837 1222 ‚
866 1179 959 1213 hanc
978 1182 1037 1213 de-

23 1235 108 1269 inde
125 1234 347 1278 partiuntur.
388 1233 427 1267 C.
445 1235 487 1266 de
508 1234 626 1267 usuris
638 1233 696 1279 ι“·’·).
733 1233 791 1266 Fit
811 1233 1037 1266 Centesimae

23 1286 161 1320 mentio
181 1286 289 1318 etiam
309 1285 497 1330 alicuhiffi)
520 1285 557 1318 in
575 1285 854 1331 Canonibusffl).

127 1337 176 1370 As
193 1344 226 1370 et
242 1338 366 1382 pondo
384 1337 489 1377 aeris,
510 1350 658 1370 aeneam
676 1338 806 1370 libram
824 1337 1037 1380 significant.

127 1387 215 1422 Inde
234 1389 442 1433 dupondius
455 1388 519 1434 ¹⁵),
548 1389 584 1421 id
602 1395 672 1429 est,
701 1390 773 1422 duo
792 1401 896 1422 asses.

129 1440 348 1485 Dupondius
365 1441 506 1473 circiter
523 1453 582 1474 sex
603 1442 776 1485 pfeuning
796 1441 996 1485 Mysorum.

127 1492 320 1526 Sestertius
339 1493 441 1538 quasi
459 1493 719 1538 sesquitertius,
748 1493 925 1537 significat
941 1493 1036 1525 enim
1064 1493 1065 1499 ¹

25 1546 115 1578 duos
141 1557 256 1583 asses,
284 1552 319 1577 et
340 1545 544 1585 semissem,
573 1558 685 1590 qnare
711 1552 746 1578 et
769 1543 823 1578 his
846 1546 941 1578 notis
960 1545 1038 1589 pin-

25 1597 121 1640 gitur
138 1595 209 1629 IlS
221 1595 276 1638 ¹⁶).
320 1596 424 1629 Duae
441 1597 557 1629 lineae
577 1598 716 1641 priores
733 1597 937 1641 significant
953 1599 1038 1637 duo,

24 1655 59 1681 et
74 1648 98 1682 S
116 1647 293 1692 significat
308 1648 504 1682 semissem.

127 1699 217 1732 Erat
236 1707 356 1733 autern
372 1700 554 1734 sestertius
573 1713 702 1744 genere
722 1701 922 1734 masculino
935 1727 943 1738 ,
972 1713 1038 1733 nu-

24 1764 105 1784 mus
138 1758 347 1796 argenteus,
385 1753 447 1797 qui
476 1752 619 1785 valebat
645 1759 773 1798 quarta
800 1753 939 1785 denarii
966 1752 1039 1784 Ro-

8 1803 124 1836 vmani
150 1810 274 1848 parte,
312 1810 470 1849 quatuor
495 1804 589 1837 enim
613 1804 767 1838 sestertii
793 1807 914 1837 decem
946 1817 1038 1838 asses

26 1855 207 1895 efficiunt,
235 1856 330 1888 valet
355 1862 474 1888 autem
488 1855 532 1902 Π)
559 1857 729 1890 denarius
746 1858 867 1889 decem
890 1857 1038 1895 assibus,

25 1907 171 1940 valebat
206 1907 326 1953 itaque
344 1907 390 1954 ¹⁸)
424 1909 606 1942 sestertius
639 1909 780 1942 circiter
810 1909 831 1942 7
865 1909 1038 1953 psenning

25 1958 237 2004 Mysorum,
264 1966 326 1993 aut
343 1961 416 1992 sere
437 1972 561 2003 grosso
584 1959 784 1994 Marcbico.

63 2060 109 2093 11)
131 2059 287 2093 Quincunx]
310 2061 394 2086 Editt-
418 2063 506 2091 1538,
527 2063 602 2087 1563.
629 2064 753 2093 Quicunx

64 2104 110 2135 12)
131 2104 201 2128 Vide
221 2105 332 2128 Codicis
353 2106 398 2129 lib.
414 2106 459 2129 lV.
480 2107 521 2130 tit.
536 2107 655 2131 xxxn.
679 2108 733 2139 leg.
750 2108 791 2132 26.

64 2147 110 2178 13)
133 2148 249 2176 alicubi]
277 2149 360 2173 Editt.
385 2149 471 2178 1563„
491 2150 566 2174 1570.
593 2151 658 2174 alibi
677 2164 702 2168 -
721 2151 944 2175 Centesimarum
961 2157 1038 2174 men-

98 2182 136 2205 tio
164 2182 194 2205 fit
223 2183 250 2205 in
277 2183 386 2207 Decreti
415 2184 489 2208 Part.
510 2185 541 2208 lt.
568 2191 654 2209 causa
680 2187 757 2212 le.
787 2189 896 2217 quaest.
917 2186 963 2211 tv.
990 2192 1038 2210 ca-

97 2223 170 2240 none
189 2218 214 2240 4.

64 2259 109 2291 14)
131 2260 279 2283 Caeterum
306 2266 405 2284 nomen
430 2261 507 2284 assis
529 2276 558 2278 --
580 2262 607 2286 in
629 2263 814 2293 Canonibus]
843 2265 910 2288 haec
937 2265 963 2287 in
989 2265 1037 2288 Ed.

100 2295 175 2318 1529.
200 2295 314 2320 verbis:
351 2297 511 2321 „semissis
537 2303 585 2319 sex
612 2299 710 2321 [niciae
733 2299 849 2322 —1nde
872 2300 1038 2328 dupondius,

97 2329 124 2352 id
144 2332 204 2359 est,
232 2330 284 2353 duo
303 2331 412 2353 asses.''
438 2338 451 2353 e
473 2338 585 2358 regione
601 2334 729 2361 apposita
749 2337 823 2358 sunt.
865 2336 1038 2364 Quapropter

98 2364 124 2387 in
145 2365 227 2389 Editt.
249 2372 326 2395 seqq.
347 2366 469 2388 diversis
491 2367 558 2389 locis
579 2368 749 2392 exhihentur.
793 2370 821 2392 ln
845 2370 927 2392 Editt.
952 2370 1038 2397 153²&>q

100 2400 195 2427 t541.,
218 2400 310 2428 1544.,
331 2401 425 2425 1555..
447 2401 537 2426 1563„
562 2402 653 2428 1570.,
673 2409 693 2425 s.
710 2409 734 2427 a.
756 2405 779 2427 Ιι,
796 2405 812 2427 1.
834 2404 943 2427 inserta
962 2406 1038 2431 sunt,

97 2433 125 2456 in
146 2434 231 2457 Editt.
255 2435 341 2463 1531„
364 2436 439 2459 1533,
461 2443 486 2458 m
508 2437 561 2459 fine
580 2442 697 2460 annexa.
718 2451 751 2455 —
784 2439 901 2462 Verbis:
929 2441 958 2462 in
980 2440 1038 2463 Ca-

98 2470 234 2492 uonibus.
262 2470 345 2494 Editt.
362 2470 450 2497 1544.‚
475 2471 541 2494 1563
556 2488 562 2497 ,
585 2471 658 2494 1570.
679 2473 781 2496 addunt
801 2474 882 2497 haec:
911 2476 939 2498 et
954 2475 1000 2498 lib.
1013 2476 1037 2498 2.

79 2512 82 2515 ·
102 2504 216 2528 Esdrue
231 2511 296 2534 cup.
311 2506 336 2529 5.
359 2504 387 2536 (i.
407 2512 430 2528 e.
452 2506 495 2528 m).
517 2507 664 2529 >ehennae
684 2514 705 2529 c.
719 2508 758 2538 5,)

67 2546 112 2578 15)
133 2547 300 2576 dupondius]
320 2548 369 2572 Ed.
394 2548 467 2572 1563.
490 2551 547 2579 typ,
570 2555 681 2573 errore:
710 2551 853 2580 dupondiis

67 2589 112 2619 16)
134 2590 215 2618 IIS]
237 2591 285 2615 Ed.
306 2590 379 2615 1541.
402 2592 442 2614 Η-
457 2594 483 2615 S.

67 2632 112 2664 17)
133 2635 240 2672 autem]
266 2634 348 2657 Eunt.
371 2635 464 2661 1538.,
486 2636 579 2663 1541„
601 2636 693 2660 1544..
717 2637 810 2664 156³..
834 2638 926 2665 1570.,
957 2646 980 2662 s.
997 2645 1038 2665 a.:

102 2674 174 2691 emm

68 2710 113 2742 18)
135 2712 249 2735 valebat
270 2712 375 2742 itaque]
402 2713 486 2737 Editt.
509 2714 600 2740 1563..
623 2714 698 2738 1570.
721 2716 884 2746 valebatque
904 2717 959 2747 ita;
988 2718 1038 2743 Ed.

100 2753 123 2769 s.
138 2751 180 2772 a.:
210 2747 376 2778 valebatque

337 107 376 142 C.
430 106 626 142 NOMINA
653 106 1004 142 MENSURARUM
1032 107 1100 142 ΕΤ
1127 107 1396 142 VOCARULA
1422 107 1505 141 REI
1532 107 1804 143 NUMARIAE.

2030 109 2104 146 422

1198 195 1303 228 Mille·
1320 196 1475 229 sestertii
1494 196 1617 230 valent
1634 193 1686 232 25
1703 195 1899 230 coronatis.

1198 247 1287 280 Cum
1314 259 1450 280 nomen
1476 260 1610 281 munus
1632 249 1748 282 solum
1774 248 1946 293 ponitur,
1972 248 2108 293 signifi·

1093 297 1207 344 cat¹⁹)
1230 300 1436 332 sesbertium
1454 312 1619 336 numum.

1143 349 1246 383 Mille
1258 351 1426 391 sestertii,

1143 402 1246 435 Mille
1263 399 1468 442 sestertifim
1487 401 1653 444 numnfim,

1143 454 1244 487 Milhe
1264 451 1431 493 numina,

1143 505 1244 540 Mille
1261 503 1480 547 sestertium,

1195 558 1250 593 Ex
1268 560 1331 593 itto
1351 559 1511 604 genitivo
1531 560 1663 604 plurali
1680 560 1830 595 facimus
1847 573 1986 595 nomen
2001 572 2107 605 gene·

1093 610 1141 645 ris
1167 612 1290 649 'neutri
1313 612 1539 651 sestertium,
1565 619 1716 657 propter
1734 614 1946 647 brevitatem
1967 614 2106 647 abiecta

1093 676 1179 697 voce
1212 665 1324 699 mille.
1385 664 1546 701 Proinde
1579 666 1785 700 sostenium
1819 678 1949 710 genere
1975 672 2106 700 neutro

1092 716 1326 763 significatffi)
1350 715 1401 753 25
1426 723 1621 751 coronatos
1631 717 1691 763 22).
1744 713 1843 751 Idem
1867 718 1981 762 igitur
1998 718 2107 762 signi-

1092 768 1201 802 ficant
1225 769 1323 803 mille
1341 765 1545 805 sestertium
1559 797 1567 810 ,
1597 776 1631 803 et
1648 771 1850 804 sestertium
1871 783 1999 811 genere
2020 783 2106 804 neu-

1092 826 1162 854 tro.
1203 820 1337 855 Decem
1363 822 1475 855 millia
1502 819 1704 856 sestertium
1733 829 1765 855 et
1790 823 1912 855 decem
1932 823 2107 857 sestertia.

1092 872 1148 905 Sic
1175 880 1208 906 et
1233 874 1276 906 de
1302 875 1480 913 similibus
1507 874 1707 918 iudicabis,
1731 875 1839 925 idque
1860 876 2051 908 observare
2068 876 2105 907 in

1093 925 1281 963 autoribus
1299 927 1408 965 valde<
1421 928 1579 970 prodest.

1196 977 1329 1011 Decem
1348 979 1532 1019 sestertia,
1557 977 1635 1014 250
1655 979 1833 1012 coronati.

1194 1028 1258 1063 Est
1277 1037 1311 1063 et
1331 1032 1398 1064 alia
1418 1033 1545 1074 figura„
1572 1031 1688 1065 decies
1706 1031 1921 1065 sestertium.
1951 1030 2105 1077 Sciasffl)

1093 1081 1220 1125 igitur,
1259 1084 1401 1128 quoties
1437 1082 1504 1116 hoc
1541 1085 1651 1116 modo
1689 1084 1854 1117 addimus
1891 1084 2103 1117 adverbium

1092 1135 1279 1167 numerale
1312 1136 1392 1169 voci
1422 1136 1649 1173 sestertium,
1687 1143 1856 1180 oportere
1884 1136 2106 1180 subintelligi

1093 1193 1249 1220 centurn.

1195 1238 1323 1272 Decies
1344 1241 1547 1274 sestertium
1561 1268 1569 1280 ,
1598 1241 1631 1273 id
1654 1246 1724 1280 est,
1753 1240 1870 1274 decies
1891 1247 2032 1274 centum
2052 1252 2106 1274 se-

1093 1290 1235 1330 stertia,
1263 1290 1311 1326 25
1329 1292 1439 1324 millia
1460 1300 1732 1326 coronatorum.

1198 1342 1324 1377 Decies
1340 1346 1556 1384 sestertium,

1196 1394 1323 1429 Decies
1350 1397 1446 1429 mille
1466 1394 1690 1438 sestertium,
1718 1398 1856 1431 eadem.
1894 1396 1985 1431 Nam
2007 1397 2105 1430 mille

1094 1447 1180 1480 alias
1199 1449 1394 1491 repetitur,
1423 1451 1511 1483 alias
1529 1451 1709 1483 omittitur
1727 1451 1802 1483 sine
1819 1449 2040 1490 discrimine,
2066 1455 2107 1483 ut

1093 1512 1200 1543 snpra
1222 1501 1409 1534 admonui.

1197 1551 1294 1585 Haec
1323 1554 1528 1587 aestimatio
1562 1555 1615 1587 rei
1646 1555 1837 1589 numariae
1867 1560 1973 1588 testes
1997 1552 2108 1587 habet

1094 1603 1312 1638 certissimos
1329 1605 1489 1640 Plinium
1518 1614 1551 1640 et
1575 1605 1834 1647 Plutarchum,
1862 1613 1901 1641 ut
1924 1608 1967 1640 de
1991 1619 2030 1640 ea
2058 1607 2107 1640 le-

1094 1662 1172 1689 ctor
1199 1657 1366 1691 dubitare
1392 1657 1538 1707 nihil²⁴)
1563 1660 1702 1694 debeat.

1199 1708 1301 1742 Mina
1329 1711 1468 1744 Graece
1480 1711 1525 1755 2⁵)
1548 1715 1650 1756 μνᾶ,
1685 1711 1814 1745 Latine
1842 1713 1969 1745 libram
1999 1713 2108 1755 signi-

1093 1760 1193 1799 ficat,
1224 1774 1315 1806 quae
1335 1765 1499 1796 continet
1520 1764 1718 1811 centnmw)
1746 1763 1948 1798 drachmas.
2002 1764 2107 1799 Valet

1093 1811 1203 1854 igitur
1229 1815 1411 1849 coronatis
1437 1817 1573 1850 decem.
1636 1816 1729 1850 Nam
1757 1818 1798 1850 de
1828 1824 1977 1862 argento
2003 1830 2105 1851 usur-

1093 1870 1211 1907 patur.

1917 403 1970 440 25
2004 415 2106 437 coro-

1728 405 1853 437 eadem
1866 431 1876 445 ,

1726 457 1822 490 natis
1835 456 1895 504 20).

1198 1917 1350 1955 Obolus,
1377 1920 1497 1953 numis
1514 1921 1700 1965 Mysorum
1719 1922 1791 1955 fere
1810 1922 1982 1968 quinque.
2011 1923 2103 1956 Nam

1094 1966 1265 2001 drachma
1288 1971 1497 2005 continebat
1513 1985 1572 2006 sex
1593 1974 1730 2007 obolos.

1198 2022 1291 2055 Octo
1323 2021 1444 2056 Chalci
1483 2026 1603 2058 valent
1640 2026 1747 2058 obolo
1780 2026 1913 2060 Attico.
1977 2025 2102 2073 Itaque

1094 2071 1247 2107 Chalcus
1265 2077 1359 2118 apud
1380 2076 1502 2121 Mysos
1522 2078 1598 2121 plus
1615 2078 1801 2123 aliquanto
1819 2085 1882 2116 est,
1908 2091 2015 2124 quam
2034 2092 2103 2125 eyn

1065 2142 1066 2148 1
1093 2122 1224 2165 heller,
1252 2126 1365 2162 λεπτὰ
1385 2136 1520 2172 septem
1544 2131 1701 2163 efficiunt
1720 2143 1831 2164 unum
1853 2128 2038 2166 Cha-lcum.

1196 2178 1407 2219 Talentum,
1437 2183 1593 2214 sexcenti
1611 2182 1798 2222 Coronati,
1826 2184 1987 2217 continet
2005 2185 2100 2219 enim

1092 2230 1208 2264 minas
1224 2244 1284 2264 sen
1301 2233 1409 2266 libras
1428 2234 1624 2277 sexaginta.

1197 2283 1316 2317 Stater
1338 2287 1479 2328 pondus
1498 2293 1547 2319 est
1565 2293 1722 2332 quatuor
1741 2286 2010 2323 drachmarum.
2056 2288 2103 2322 Et

1094 2346 1171 2366 cum
1198 2336 1241 2368 de
1267 2344 1417 2380 argento
1444 2345 1659 2383 usurpatur,
1687 2339 1863 2383 significat
1880 2353 2031 2374 numum
2051 2348 2102 2375 te-

1129 2449 1174 2478 19)
1194 2448 1352 2477 significat]
1373 2449 1422 2472 Ed.
1444 2449 1520 2472 1533.
1546 2449 1689 2477 significas

1128 2492 1176 2523 20)
1198 2493 1367 2520 coronatis]
1390 2492 1472 2516 Editt.
1496 2493 1581 2522 1544„
1604 2494 1689 2523 1563„
1710 2494 1795 2523 1570.,
1815 2501 1892 2520 5,3.ε
1918 2498 2052 2522 coronati.

1126 2535 1174 2566 21)
1195 2536 1350 2566 significat]
1373 2536 1419 2560 Ed.
1442 2536 1517 2560 1533.
1543 2537 1701 2564 significant

1126 2579 1174 2609 22)
1195 2581 1371 2608 coronatos]
1395 2580 1476 2603 Editt.
1499 2581 1584 2609 ¹538„
1611 2581 1685 2606 1541.
1703 2583 1856 2609 coronatis.

1126 2622 1174 2653 2³)
1197 2623 1293 2651 Scias]
1314 2624 1397 2646 Editt.
1417 2623 1504 2651 1538,
1527 2625 1600 2648 1555.
1630 2625 1707 2648 Scies

1126 2666 1174 2695 24)
1196 2666 1323 2690 dubitare
1344 2665 1422 2698 nihil]
1445 2667 1527 2690 Editt.
1551 2668 1636 2695 1563.,
1659 2669 1734 2694 1570.
1756 2669 1820 2693 nihil
1841 2670 1967 2694 dubitare

1125 2709 1173 2740 25)
1194 2710 1316 2738 Graece]
1339 2710 1387 2734 Ed*
1410 2711 1484 2735 1563.
1507 2712 1615 2735 Graeca

1125 2753 1173 2784 26)
1194 2752 1316 2785 centum]
1338 2754 1421 2778 Editt.
1443 2755 1530 2785 1563„
1554 2755 1628 2780 1570.
1651 2756 1745 2781 decem

1587 2791 1636 2825 27
1658 2792 1675 2805 ¹
