2421 3037
248 118 325 154 807

247 205 352 240 dario
369 204 588 248 adscriptum
606 200 775 243 babebis,
802 200 910 234 etiam
929 199 1143 235 sententiam
1167 198 1254 233 scri-

248 263 395 303 ptorum
416 255 556 301 plenius
573 254 787 300 assequeris·

353 307 450 341 Idem
476 306 546 340 dici
570 313 688 351 potest
708 307 753 340 de
777 305 914 339 ortibus
934 311 967 338 et
989 302 1173 337 occasibus
1191 302 1255 335 ali-

249 367 338 407 quot
361 359 545 393 stellarum
572 359 747 399 fixarum,
776 358 906 404 quibus
929 356 1014 401 ipsis
1032 367 1177 401 quoque
1196 366 1255 387 ve-

247 419 340 446 teres
364 412 401 444 in
424 411 666 456 descriptione
684 410 771 444 certi
790 409 964 454 temporis
980 407 1034 442 usi
1051 413 1152 446 sunt,
1180 417 1255 439 non

247 464 372 505 aliter,
406 476 515 510 quam
544 475 610 497 nos
634 462 819 497 mentione
848 461 997 495 alicuius
1014 459 1148 498 sancti,
1175 457 1255 503 ut5)

246 514 454 556 Michaelis,
479 515 630 549 Martini
657 522 718 549 aut
739 514 885 555 similis,
917 513 1011 546 diem
1033 510 1165 544 mensis
1182 521 1255 543 cer-

248 575 324 603 tum
351 568 512 601 indicare
531 568 700 602 solemus.
756 566 926 600 Proderit
944 565 1051 609 igitur
1069 563 1148 596 illos
1167 574 1256 608 quo-

248 634 318 668 que
336 627 436 654 ortus
453 626 487 654 et
507 633 652 654 occasus
671 626 820 659 veteres,
840 624 1016 664 quatenus
1032 628 1087 649 res
1108 615 1256 660 patitur,

249 679 443 707 annotatos
468 672 504 705 in
524 672 741 706 Calendario
766 669 918 709 babere,
947 675 985 703 ut
1013 675 1155 712 tempus
1174 665 1258 700 sciri

248 725 382 771 possit,
411 725 509 771 quod
535 737 599 769 per
624 730 743 758 ortum
760 724 881 758 stellae
902 728 964 755 aut
980 732 1145 753 occasum
1163 731 1181 751 a
1200 730 1258 751 ve-

248 777 453 812 tustissimis
476 776 544 810 fuit
568 777 808 821 designatum.
861 775 970 808 Cuius
988 770 1258 806 consuetudinis

248 828 338 863 haec
360 829 521 863 fortassis
546 830 666 875 aliqua
694 840 798 862 causa
816 827 903 867 suit,
936 826 1033 872 quod
1053 824 1259 868 scriptores,

250 882 313 929 qui
336 894 399 916 sua
424 888 661 915 monumenta
689 881 726 913 in
750 880 908 925 plurium
934 877 1154 923 populorum
1180 887 1260 908 ma-
1285 900 1287 912 ,

250 946 318 968 nus
334 940 550 979 perventura
573 946 647 967 esse
665 933 858 966 credebant
876 937 938 964 aut
954 929 1161 974 sperabant,
1178 939 1258 960 cum

250 987 428 1020 mensium
447 985 765 1030 appellationibus,
791 990 852 1017 aut
870 984 1043 1017 festorum
1064 979 1260 1019 mentione,

251 1050 343 1085 quae
367 1038 516 1082 singulis
538 1039 649 1071 ferme
667 1036 870 1070 civitatibus
890 1041 993 1068 eraut
1012 1031 1205 1079 peculiaria
1227 1037 1261 1064 ct

250 1091 413 1131 diversa,
457 1096 571 1124 certas
600 1090 687 1122 anni
712 1094 832 1133 partes
860 1100 1001 1132 semper
1025 1085 1184 1118 indicare
1211 1083 1259 1116 ita

252 1143 443 1177 commode
462 1154 536 1175 non
554 1148 723 1186 possent,
749 1141 960 1183 delegerunt
977 1138 1095 1173 stellas
1122 1135 1261 1181 aliquot

252 1195 430 1238 insignes,
468 1206 622 1240 quarum
648 1200 748 1226 ortus
775 1198 808 1225 et
835 1204 999 1231 occasus,
1028 1188 1126 1233 vulgi
1151 1188 1259 1220 etiam

254 1247 367 1281 oculis
393 1245 599 1290 conspicui,
628 1252 662 1279 et
689 1245 881 1279 observatu
904 1243 1045 1282 faciles,
1072 1241 1108 1273 iu
1126 1239 1261 1285 praeci-

242 1311 409 1344 puarum
435 1298 678 1332 mutationum
705 1296 791 1330 anni
819 1295 919 1328 initia
941 1297 1132 1333 caderent,
1164 1298 1202 1325 ut
1221 1291 1263 1324 iis

254 1350 466 1390 nominatis,
490 1350 610 1384 statim
629 1356 723 1383 certa
740 1360 823 1394 pars
843 1348 928 1380 anni
948 1346 1210 1390 intelligeretur
1220 1342 1263 1389 6).

358 1403 413 1436 Ad
439 1414 517 1435 eam
544 1414 619 1435 rem
649 1407 865 1436 censuerunt
889 1400 1038 1433 idoneas
1064 1410 1105 1431 ex
1123 1396 1262 1429 infinita

255 1454 486 1489 multitudine
519 1455 702 1488 stellarum
738 1454 838 1486 coelo
870 1450 1160 1489 inhaerentium,
1200 1446 1264 1481 bas

254 1508 347 1541 sere:
394 1507 578 1547 Pleiades,
615 1519 768 1553 quarum
794 1512 894 1539 ortus
921 1503 1121 1538 matutinus
1147 1506 1264 1533 aesta-

256 1566 327 1593 tem
341 1585 349 1599 ,
379 1570 525 1592 occasus
545 1559 744 1592 matutinus
762 1556 928 1603 hyemem
950 1554 1122 1589 inchoare
1145 1552 1265 1585 crede-

256 1612 381 1649 batur;
424 1609 580 1650 Canem,
615 1610 714 1644 cuius
749 1616 848 1643 ortus
878 1608 1077 1642 matutInus
1104 1603 1264 1639 medium

258 1662 423 1702 aestatis,
451 1668 485 1695 et
509 1661 791 1696 intensissimum
817 1667 954 1695 aestum
972 1658 1163 1694 afferebat;
1198 1656 1265 1689 Ar-

259 1721 419 1754 cturum,
453 1713 554 1747 cuius
578 1720 678 1748 ortus
707 1713 906 1747 matutinus
930 1710 1095 1746 autumni
1120 1707 1263 1742 initium

259 1772 294 1800 et
316 1765 521 1799 vindemiae
545 1773 687 1810 tempus
710 1764 956 1811 nuntiabat7).
1010 1763 1061 1798 Ita
1087 1761 1264 1795 maiorem

257 1824 399 1864 partem
424 1817 531 1858 anni,
560 1831 650 1864 quae
678 1818 839 1851 continet
855 1823 996 1861 tempus
1017 1815 1172 1849 maxime
1189 1812 1266 1845 ido-

258 1882 388 1911 neum,
421 1882 497 1903 non
530 1876 670 1903 tantum
703 1870 809 1904 rebus
837 1869 1066 1904 nascentibus
1093 1880 1133 1900 ex
1157 1873 1266 1904 terra,

260 1923 321 1969 sed
341 1922 695 1967 peregrinationibus
720 1922 850 1962 etiam,
879 1919 1168 1966 expeditionibus
1193 1917 1267 1951 bel-

259 1974 356 2013 licis,
395 1980 429 2007 et
453 1974 532 2008 aliis
556 1975 662 2008 rebus
686 1974 872 2019 gerendis,
900 1973 1153 2007 discernebant
1175 1970 1266 2003 anti-

260 2026 425 2072 quissimi
460 2023 590 2060 harum
628 2027 741 2060 ferme
769 2026 952 2060 stellarum
984 2026 1122 2059 ortibus
1148 2029 1181 2057 et
1209 2035 1267 2056 oc-

261 2078 401 2112 casibus
427 2078 684 2122 apparentibus
707 2091 814 2112 mane
840 2084 903 2111 aut
931 2077 1083 2122 vesperi.
1137 2075 1266 2109 Postea

260 2129 405 2175 sequuti
426 2130 486 2162 alii
514 2130 733 2164 addiderunt
758 2130 917 2176 plurium
937 2130 1121 2164 stellarum
1144 2128 1268 2162 obser-

261 2181 444 2221 vationes,
482 2182 624 2228 aliaque
655 2195 785 2227 genera
819 2188 985 2222 ortuum,
1021 2194 1095 2215 non
1124 2187 1264 2214 tantum

261 2239 302 2266 ut
319 2232 389 2267 illis
406 2239 568 2278 tempora
591 2234 873 2278 distinguerent,
902 2235 961 2268 sed
987 2234 1093 2267 etiam
1119 2239 1159 2267 ut
1179 2239 1266 2266 tem—

262 2291 440 2329 pestatum
468 2297 592 2320 causas
615 2287 888 2331 quodammodo
919 2292 1267 2330 praemonstrarent,

263 2343 303 2370 ut
321 2343 459 2371 constat
478 2350 519 2371 ex
537 2338 646 2371 Plinii
669 2339 727 2373 18.
745 2339 838 2373 libro
856 2345 890 2372 et
906 2338 1082 2373 Columel.
1100 2339 1158 2373 11.
1176 2344 1208 2371 et
1225 2350 1267 2372 ex

263 2388 387 2422 Ovidii
404 2402 462 2422 sex
480 2390 656 2424 fastorum
673 2390 785 2426 libris.

369 2440 437 2473 Sed
461 2448 634 2485 poterunt
655 2443 806 2478 studiosi
833 2443 1076 2478 adolescentes
1091 2440 1186 2477 hanc
1204 2455 1267 2476 an-

263 2491 441 2538 tiquitatis
462 2493 685 2537 diligentiam
703 2495 907 2536 imitantes,
935 2502 969 2529 et
987 2496 1056 2529 iam
1073 2495 1266 2537 dictarum,

264 2550 299 2577 et
323 2544 475 2577 aliarum
500 2545 656 2590 plurium
683 2548 888 2589 stellarum,
931 2560 1023 2594 quae
1049 2547 1206 2593 insignes
1229 2548 1266 2581 iu

298 2644 329 2678 5)
350 2647 395 2675 ut]
415 2646 456 2670 sic
474 2647 525 2671 Ed.
540 2647 584 2679 2.;
608 2649 641 2672 ab
661 2649 709 2673 Ed.
726 2650 749 2675 ¹.
770 2651 859 2676 abest.

298 2689 331 2718 6)
349 2688 581 2722 intelligeretur]
601 2691 642 2716 sic
660 2692 764 2723 Ed.2.;
790 2693 839 2717 Ed.
857 2693 879 2716 1.
900 2695 1124 2723 cognosceretur.

299 2732 331 2761 7)
352 2733 419 2757 nuic
442 2734 503 2758 loco
528 2734 556 2758 in
581 2735 709 2766 margine
732 2736 875 2767 adscripta
900 2738 981 2761 sunt:

334 2768 434 2793 octavo
454 2768 488 2793 de
505 2769 616 2801 legibus
636 2771 771 2802 pag.589.

887 110 1250 147 ADDITAMENTA
1276 111 1343 146 AD
1371 109 1514 145 VOLL.
1542 109 1668 146 I—-X,

1018 2738 1052 2761 Ut
1072 2737 1151 2761 Plato
1171 2736 1267 2761 scribit
1292 2732 1295 2793 Ι

2237 113 2313 148 808

1307 207 1388 233 aere
1413 197 1571 232 efficiunt
1596 197 1849 239 alterationes,
1891 203 1991 232 ottus
2015 204 2050 231 et
2073 209 2217 234 occasus
2244 199 2313 234 Co-

1306 250 1436 284 smicos
1461 255 1496 283 et
1512 246 1749 295 Acronyclios
1763 248 1816 297 8),
1852 256 1892 283 ut
1916 256 2113 291 vocantur,
2148 257 2313 285 accurate

1307 308 1537 342 numeratos,
1568 314 1632 335 suo
1651 300 1868 335 Calendario
1892 301 2070 343 inserere,
2099 302 2147 336 ita
2172 309 2213 337 ut
2230 315 2314 336 con-

1308 360 1440 399 gruant
1466 359 1500 387 et
1524 366 1605 387 cum
1630 353 1720 394 situ,
1748 366 1854 399 quem
1876 351 2011 387 habent
2027 354 2149 388 stellae
2166 352 2234 388 bac
2250 366 2315 388 no-

1308 412 1380 440 stra
1408 412 1544 446 aetate,
1575 412 1609 439 et
1635 418 1715 439 cum
1740 405 1809 438 loci
1836 405 1912 440 eius
1935 404 2148 448 horizonte,
2181 406 2219 440 in
2243 417 2315 453 quo

1309 458 1389 504 quis
1407 470 1443 492 se
1463 469 1675 492 mansurum
1695 457 1919 503 aliquamdiu
1936 464 2069 502 sperat.

1415 509 1565 553 Cuius9)
1591 510 1643 543 rei
1670 516 1710 542 ut
1732 510 1936 554 exemplum
1963 509 2166 545 iunioribus
2183 521 2318 556 propo-

1310 574 1448 602 nerem,
1465 562 1670 608 aliquarum
1689 561 1883 595 Stellarum
1904 568 2004 596 ortus
2023 568 2057 595 et
2075 574 2220 596 occasus
2236 574 2317 596 cum

1310 614 1412 653 Sole,
1451 620 1690 658 congruentes
1716 615 1760 647 ad
1788 614 2028 647 elevationem
2054 614 2130 659 poli
2154 613 2320 647 Viteher-

1311 677 1476 710 gensem,
1517 678 1609 711 quae
1637 666 1671 700 8.
1698 666 1772 699 fere
1804 666 1952 700 minutis
1983 666 2082 700 abest
2103 666 2149 700 ab
2170 665 2320 710 integris

1312 717 1482 763 gradibus
1507 717 1770 763 quinquaginta
1795 718 1957 759 duobus,
1985 718 2090 752 certis
2116 718 2241 752 diebus
2259 718 2321 751 ad-

1311 770 1460 814 scripsi,
1489 782 1574 803 usus
1591 769 1783 803 Stellarum
1802 770 1888 804 locis
1911 769 2110 805 emendatis
2135 770 2232 804 iuxta
2252 768 2321 803 Co-

1312 821 1450 867 pernici
1475 822 1766 862 observationes,
1803 835 1872 868 qua
1901 822 1937 855 in
1961 834 2000 855 re
2027 822 2170 857 adiutus
2196 834 2275 856 sum
2301 833 2319 854 a

1315 874 1392 907 viro
1426 873 1635 907 doctissimo
1671 873 1722 907 M.
1749 873 1903 907 Erasmo
1937 872 2145 908 Beinholdo
2187 873 2322 908 Salvel—

1314 925 1436 966 densi,
1478 923 1743 959 Mathematum
1775 926 1983 960 Professore
2014 927 2158 971 publico
2189 926 2226 959 in
2254 923 2322 958 hac

1313 978 1529 1018 Academia,
1557 979 1600 1011 de
1618 978 1717 1012 cuius
1736 978 1886 1012 eruditis
1904 978 2216 1012 lucubrationibus
2238 989 2323 1022 pro-

1316 1030 1457 1075 pediem
1488 1030 1524 1062 in
1558 1031 1671 1063 lucem
1706 1030 1816 1064 exibit
1846 1030 1932 1064 utile
1966 1037 2001 1064 et
2033 1030 2157 1076 magni
2187 1029 2323 1063 laboris

1316 1095 1426 1127 opus,
1455 1082 1644 1116 continens
1662 1088 1762 1116 ortus
1779 1089 1812 1116 et
1833 1095 1991 1124 occasus,
2020 1083 2104 1116 item
2125 1081 2323 1128 apparitio-

1316 1147 1377 1168 nes
1395 1140 1428 1167 et
1444 1134 1702 1168 occultationes
1722 1135 1834 1168 multo
1854 1135 2012 1178 plurium
2030 1134 2221 1169 Stellarum
2236 1162 2246 1176 ,
2278 1135 2323 1167 ad

1316 1185 1434 1219 varias
1450 1186 1524 1230 poli
1544 1186 1763 1220 elevationes
1783 1193 1817 1220 et
1835 1187 1977 1220 climata
1996 1194 2245 1232 congruentes.

1421 1237 1489 1271 Sed
1514 1236 1571 1272 hic
1594 1250 1743 1272 monere
1765 1239 2008 1274 adolescentes
2027 1239 2147 1281 volui,
2174 1252 2254 1274 cum
2270 1239 2324 1273 le—

1318 1296 1401 1335 gent
1421 1289 1458 1322 in
1479 1288 1546 1324 boc
1564 1291 1684 1324 libello
1704 1298 1804 1325 ortus
1822 1297 1856 1324 et
1873 1304 2017 1326 occasus
2039 1291 2238 1326 matutinos
2263 1297 2326 1325 aut

1318 1342 1555 1386 vespertinos,
1583 1349 1622 1376 ut
1639 1343 1718 1377 illos
1736 1349 1876 1377 tautum
1898 1343 2112 1388 intelligant,
2139 1356 2230 1390 quos
2248 1344 2326 1377 vul-

1318 1407 1362 1439 go
1380 1394 1415 1427 in
1433 1393 1563 1428 scholis
1582 1401 1713 1428 vocant
1729 1395 1914 1429 Cosmicos
1931 1402 1966 1429 et
1980 1394 2229 1442 Acronychos,
2249 1407 2325 1429 non

1320 1446 1497 1480 Heliacos.
1562 1446 1692 1480 Ortum
1729 1447 1825 1480 enim
1862 1447 2081 1481 matutinum
2115 1447 2325 1482 vocabimus

1319 1498 1449 1532 Stellae
1487 1510 1671 1532 ascensum
1711 1511 1818 1543 supra
1849 1499 2085 1533 Horizontem
2120 1512 2199 1533 cum
2230 1499 2325 1540 Sole,

1319 1563 1424 1596 quem
1452 1550 1681 1584 Ptolemaeus
1713 1548 1976 1596 συνανατολὴν
2007 1550 2107 1586 amictv
2137 1548 2326 1598 ἀληθινὴν

1320 1602 1494 1647 appellat;
1532 1609 1651 1635 ortum
1671 1614 1756 1636 vero
1777 1603 2037 1647 vespertinum,
2056 1603 2187 1637 Stellae
2205 1615 2326 1638 ascen-

1319 1666 1397 1688 sum
1423 1666 1531 1698 supra
1556 1654 1816 1695 Horizontem,
1857 1655 1918 1700 qui
1951 1656 1991 1689 fit
2013 1655 2096 1690 Sole
2126 1655 2324 1696 occidente,

1320 1706 1382 1751 qui
1416 1718 1435 1738 a
1469 1706 1680 1740 Ptolemaeo
1717 1707 1850 1741 dicitur
1891 1705 2129 1754 συνανατολὴ
2173 1704 2326 1755 ἑσπερία

1320 1757 1495 1804 ἀληθινή.

1425 1810 1563 1845 Rursus
1588 1823 1652 1856 per
1676 1823 1841 1846 occasum
1860 1812 2079 1846 matutinum
2094 1812 2248 1857 intelligi
2264 1824 2328 1845 vo-

1321 1863 1438 1896 lumus
1458 1863 1588 1896 Stellae
1612 1864 1822 1898 descensum
1849 1864 1942 1898 infra
1966 1864 2202 1898 Horizontem
2229 1871 2328 1906 tunc,

1321 1928 1401 1948 cum
1417 1915 1478 1949 Sol
1504 1916 1638 1957 oritur,
1667 1930 1772 1963 quem
1791 1917 2021 1951 Ptolemaeus
2046 1916 2214 1951 nominat
2236 1927 2328 1966 συγ-

1320 1963 1531 2004 κατάδυσιν
1566 1965 1666 2004 ἑώαν
1700 1966 1907 2015 ἀληθινήν;
1951 1982 2015 2014 per
2048 1981 2213 2004 occasum
2239 1981 2326 2003 vero

1322 2021 1588 2064 vespertinum,
1631 2022 1761 2055 Stellae
1785 2023 1993 2056 descensum
2025 2022 2117 2055 infra
2146 2021 2327 2055 Horizon-

1323 2079 1411 2112 tem,
1440 2086 1519 2106 cum
1543 2073 1625 2107 Sole
1650 2074 1853 2114 occidente,
1883 2074 1944 2120 qui
1963 2074 2059 2119 apud
2075 2074 2325 2108 Ptolemaeum

1322 2130 1373 2158 est
1396 2123 1675 2174 συγκατάδυσις
1699 2124 1851 2173 ἑσπερία
1873 2123 2048 2173 ἀληθινή.
2102 2125 2178 2161 Hos
2201 2132 2323 2159 autem

1322 2183 1422 2212 ortus
1458 2185 1492 2212 et
1529 2191 1672 2213 occasus
1710 2179 1790 2212 ideo
1828 2179 2055 2224 potissimum
2094 2177 2327 2223 sumpsimUS‚

1322 2231 1419 2276 quod
1436 2231 1655 2276 experientia
1673 2237 1832 2271 constat,
1859 2232 1987 2265 Stellas
2005 2231 2113 2265 simul
2126 2231 2183 2264 vel
2202 2242 2329 2264 ascen-

1321 2284 1445 2318 dentes
1461 2283 1517 2316 vel
1533 2284 1789 2319 descendentes
1805 2296 1885 2317 cum
1903 2283 1985 2318 Sole
2006 2289 2069 2317 aut
2090 2295 2132 2317 ex
2155 2281 2324 2328 opposito

1320 2337 1487 2370 miranda
1513 2342 1547 2369 et
1571 2337 1708 2371 occulta
1729 2336 1764 2370 vi
1783 2342 1934 2370 naturae
1954 2335 2122 2377 excitari,
2149 2341 2183 2369 et
2199 2335 2325 2369 stimu—

1320 2389 1388 2422 lari
1403 2387 1518 2435 quasi,
1537 2395 1575 2422 ut
1592 2389 1768 2423 efficacius
1786 2395 2016 2434 tempestates
2029 2393 2179 2422 mutent.
2207 2386 2326 2420 Prod-

1321 2441 1389 2475 erit
1418 2440 1529 2485 igitur
1558 2440 1727 2475 nonnihil
1753 2439 1842 2475 baec
1875 2448 2020 2475 ortuum
2054 2439 2243 2473 annotatio
2278 2440 2324 2472 ad

1321 2493 1492 2529 iudicium
1517 2493 1561 2527 de
1586 2493 1878 2539 tempestatibus,
1919 2490 2008 2539 quas
2036 2499 2156 2526 tamen
2180 2503 2256 2525 non
2279 2492 2323 2525 ab

1320 2545 1386 2580 hac
1404 2546 1478 2580 sola
1497 2558 1599 2580 causa
1620 2548 1776 2591 pendere
1795 2546 1927 2580 eruditi
1948 2557 2072 2579 omnes
2089 2542 2260 2590 sciunt9).

1354 2657 1385 2686 8)
1408 2657 1435 2680 et
1446 2654 1642 2713 Agronychos]
1663 2656 1730 2680 haec
1748 2655 1775 2680 iu
1795 2656 1845 2680 Ed.
1859 2655 1884 2681 2.
1897 2654 1993 2679 addita
2011 2654 2091 2685 sunt,
2115 2651 2144 2677 in
2163 2651 2212 2677 Ed.
2230 2650 2254 2675 1.
2267 2655 2323 2675 non

1388 2693 1470 2722 legun
1487 2696 1528 2714 ur.

1353 2737 1385 2766 9)
1406 2734 1491 2761 cuius
1511 2734 1551 2758 rei
1571 2747 1603 2752 —
1623 2739 1718 2758 omnes
1740 2732 1854 2766 sciunt]
1876 2733 1958 2766 haec,
1980 2739 2050 2764 quae
2070 2731 2097 2757 in
2115 2731 2166 2756 Ed.
2181 2729 2325 2762 2.leg11n-

1389 2772 1453 2801 tur,
1477 2769 1512 2793 ab
1531 2769 1579 2793 Ed.
1598 2770 1619 2794 1.
1639 2770 1750 2794 absunt.

2404 880 2421 2119 *⁸qu
2407 614 2421 719 ,.-
2408 509 2421 540 .-
2416 395 2421 404 -
