2389 3037
90 111 165 148 497
364 108 424 145 ΙΙΙ.

88 199 274 243 eligimus,
302 196 385 243 quia
412 202 511 230 tenet
536 196 710 242 quasdam
735 196 892 230 ditiones
915 197 961 230 ad
984 194 1100 241 Impe-

87 251 181 285 rium
203 248 450 295 pertinentes?

190 327 320 361 Valeat
343 327 438 360 idem
467 325 505 358 in
525 325 651 366 Gallo,
681 325 744 371 qui
763 325 1035 364 Mediolanum,
1065 330 1100 357 et

86 381 254 426 Regnum
272 379 482 413 Arelatense
494 405 503 419 ‚
535 385 691 411 veterem
712 384 921 411 nostrorum
939 375 1098 421 Impera-

87 440 208 467 torum
233 433 375 472 sedem,
403 432 442 463 in
465 437 643 476 potestate
666 443 728 465 sua
755 428 875 463 habet.
928 428 1098 474 Denique

85 497 236 530 prorsus
262 484 312 517 ita
339 482 476 524 sentio,
514 484 612 529 quod
637 484 682 516 ad
711 482 921 515 electionem
957 481 1098 521 attinet,

85 549 163 570 non
186 536 307 570 minus
330 535 464 570 accersi
488 535 720 580 peregrinum
744 533 1005 578 Imperatorem
1029 533 1098 566 ele-

87 595 144 623 cto
166 588 384 633 Hispanico,
416 600 524 634 quam
545 588 685 622 Gallico
714 586 829 630 Rege:
868 585 1009 619 etiamsi
1034 585 1098 618 ali-

87 654 158 688 qua
177 641 301 675 subtili
318 640 618 685 interpretatione
633 639 705 672 iam
722 638 894 672 inseritur
914 637 1098 682 Hispanus

86 693 326 734 Germaniae,
371 705 523 738 eamque
566 697 681 725 totam
724 690 1023 724 deliberationem
1060 689 1098 722 in

86 752 280 792 utramque
298 752 437 790 partem
458 743 635 788 disputari
652 756 755 788 posse
773 742 914 782 iudico,
938 749 972 775 et
988 754 1098 787 penes

86 810 154 832 nos
172 798 453 832 declarationem
473 796 559 840 legis
575 808 648 830 esse
668 796 796 829 sentio.
836 795 1096 840 Quaerendum

86 851 197 894 igitur
222 856 294 889 est,
321 856 442 882 utrum
466 848 511 882 sit
528 848 664 882 utilius.
718 847 794 892 Ego
815 859 895 881 cum
917 846 1035 891 cogito
1057 847 1098 879 il-

86 902 158 935 lam
187 913 333 935 auream
360 907 514 933 aetatem
539 900 653 934 nostri
680 898 848 944 Imperii,
878 912 957 932 cum
981 905 1098 932 essent

88 954 302 988 coniunctae
324 953 552 986 Francorum
582 953 808 997 temporibus
837 951 1033 985 Germania
1064 957 1099 984 et

88 1006 226 1045 Gallia;
269 1018 309 1039 ac
345 1012 494 1050 reputo,
531 1011 707 1050 quantum
746 1017 784 1037 ea
817 1003 1024 1037 coniunctio
1052 1003 1097 1036 ad

87 1058 391 1104 tranquillitatem
436 1057 625 1090 universae
668 1056 839 1100 Europae
885 1056 1096 1089 contulerit:

87 1110 305 1145 mirabiliter
335 1109 492 1149 afficior,
529 1121 667 1155 nosque
693 1109 818 1142 beatos
845 1109 1034 1147 ducerem,
1069 1108 1098 1141 si

88 1176 170 1198 eum
187 1169 319 1197 statum
339 1162 528 1196 restituere
547 1174 744 1206 possemus.

192 1240 378 1274 Divinitus
401 1246 520 1274 autem
541 1252 637 1273 nunc
656 1240 776 1272 oblata
795 1246 847 1273 est
864 1239 1002 1272 occasio
1024 1239 1099 1272 eius

89 1294 143 1328 rei
168 1292 388 1326 efficiendae.
459 1292 582 1337 Quare
608 1289 700 1325 nihil
726 1292 851 1325 dubito
879 1304 942 1325 vos
966 1289 1099 1325 adhor-

89 1346 180 1386 tari,
210 1345 311 1378 omni
327 1344 446 1378 studio
464 1350 504 1378 ut
525 1345 713 1378 occasione
738 1344 905 1377 utamini.
958 1343 1033 1377 ‘Nec
1055 1343 1099 1376 ab

88 1396 160 1431 hoc
192 1409 275 1430 meo
310 1396 445 1430 iudicio
470 1396 650 1440 discrepat
672 1394 785 1429 Italia.
848 1394 945 1429 Idem
972 1402 1099 1440 optare

89 1450 163 1484 scio
178 1448 387 1482 Romanum
406 1448 628 1492 pontificem,
653 1447 810 1482 Venetos
823 1475 831 1488 ,
859 1446 982 1481 Italiae
1000 1448 1101 1492 prin-

91 1502 206 1547 cipes,
235 1513 275 1534 ac
301 1500 462 1534 civitates
486 1512 623 1534 omnes.
679 1500 768 1534 Cum
792 1507 846 1533 tot
865 1500 997 1533 iudicia
1016 1512 1101 1533 con-

91 1565 220 1599 gruere
243 1553 395 1586 videatis
414 1550 610 1587 ‘hominum
634 1553 1007 1597 sapientissimorum,
1035 1564 1101 1585 no-

91 1606 153 1641 lite
178 1604 382 1639 existimare
405 1604 502 1638 leves
525 1617 648 1640 causas
671 1618 764 1645 esse,
798 1617 861 1639 cur
884 1605 979 1638 idem
997 1611 1099 1638 tanto

93 1670 269 1692 consensu
302 1657 479 1701 probent,
527 1663 562 1690 et
597 1657 765 1691 omnibus
802 1657 895 1690 votis
931 1663 1101 1701 expetant

93 1722 232 1743 omnes.
286 1709 423 1743 Gallica
447 1721 533 1753 gens
550 1716 589 1742 ut
607 1715 658 1742 est
676 1721 758 1742 vere
777 1715 928 1753 cognata
950 1709 1101 1742 Germa-

93 1762 169 1803 nis,
195 1761 244 1795 ita
262 1761 495 1806 opinionibus
513 1774 553 1794 ac
573 1761 748 1802 moribus,
775 1761 1004 1801 liberalitate,
1033 1762 1102 1794 cle-

92 1814 252 1854 mentia,
290 1813 443 1858 pietate,
487 1814 675 1847 literarum
709 1814 872 1855 cultura,
908 1813 1101 1847 Germanis

93 1866 277 1902 simillima
307 1872 371 1900 est.
426 1865 472 1899 Et
498 1867 594 1912 quod
615 1872 773 1905 constat,
807 1877 877 1899 una
897 1872 949 1899 est
965 1872 1102 1899 extera-

94 1931 176 1953 rum
199 1918 389 1952 nationum
415 1918 572 1951 maxime
597 1931 723 1953 amans
748 1925 957 1952 nostrorum
983 1915 1102 1951 homi-

93 1984 203 2011 num,
248 1977 289 2004 ut
320 1970 470 2015 vestigia
499 1971 675 2017 quaedam
710 1971 936 2015 cognationis
968 1971 1004 2003 in
1035 1969 1102 2004 hac

95 2023 172 2069 ipsa
198 2023 449 2056 benevolentia
476 2023 621 2067 agnosci
644 2024 794 2067 possint.
848 2022 990 2056 Vicinia
1014 2035 1100 2057 vero

97 2087 206 2122 quam
242 2082 293 2109 est
327 2081 533 2120 opportuna
566 2077 610 2109 ad
637 2075 880 2110 defensionem
912 2076 1101 2121 utriusque

95 2127 274 2172 regionis,
301 2127 330 2161 si
350 2127 429 2173 quis
449 2127 586 2161 subitus
605 2129 779 2162 tumultus
800 2128 982 2161 inciderit!
1028 2128 1102 2173 Nec

98 2181 143 2214 ad
163 2178 287 2213 Italiae
312 2191 436 2224 pacem
463 2181 635 2213 tuendam
662 2181 815 2225 reperiri
839 2181 962 2215 utilius
987 2181 1102 2215 consi-

95 2232 186 2266 lium
223 2238 342 2276 potest
376 2231 629 2265 coniunctione
664 2231 793 2267 barum
829 2234 982 2267 duarum
1020 2246 1104 2278 gen-

97 2284 210 2324 tium,
246 2296 402 2330 quarum
430 2290 583 2330 utraque
615 2286 789 2319 exercitus
815 2285 977 2330 ingentes
1005 2286 1104 2331 equi-

97 2343 174 2370 tum
202 2348 242 2369 ac
268 2336 429 2381 peditum
458 2338 651 2377 conficere,
679 2344 714 2370 et
733 2338 850 2371 Gallia
870 2339 1104 2384 suppeditare

96 2388 182 2422 belli
213 2401 366 2429 nervos,
402 2388 568 2422 videlicet
600 2389 782 2434 ingentem
817 2391 889 2423 vim
919 2392 1105 2436 pecuniae,

99 2447 229 2485 potest.
283 2440 329 2474 Et
356 2441 440 2487 quia
466 2453 540 2474 non
558 2441 673 2475 solum
693 2443 932 2484 Germaniae,
960 2445 1019 2477 sed
1039 2443 1105 2476 toti

99 2492 242 2525 nomini
271 2491 498 2533 Christiano,
535 2493 571 2526 in
605 2491 672 2527 hac
708 2495 882 2528 electione
918 2496 1106 2530 consulere

101 2544 289 2579 dehemus:
330 2547 578 2592 quaerendum
607 2553 658 2580 est
686 2547 905 2591 praesidium
937 2551 1107 2583 adversus

101 2596 257 2630 Turcica
283 2609 396 2632 arma.
451 2598 540 2632 Cum
567 2599 661 2632 enim
682 2606 830 2633 teneant
846 2600 918 2633 iam
937 2607 1105 2645 pacatam

102 2648 246 2689 Asiam,
280 2647 371 2682 nihil
397 2651 545 2684 dubium
574 2657 625 2684 est
652 2664 775 2685 rursus
803 2652 840 2685 in
863 2651 1010 2698 Europa
1035 2653 1108 2686 bel-

102 2701 177 2734 lum
195 2701 386 2736 molituros
405 2715 490 2737 esse.
546 2703 720 2737 Invadent
737 2704 967 2738 Pannoniam
990 2711 1023 2739 et
1039 2704 1108 2738 Ita-

103 2752 201 2787 liam.
263 2751 302 2786 In
339 2755 402 2787 tali
439 2756 668 2796 discrimine,
711 2756 797 2802 quid
835 2757 902 2790 erit
938 2758 1109 2803 optatius,

159 2811 342 2843 MELANTH.
365 2812 471 2845 Orza.
519 2815 604 2846 Voii.
622 2815 695 2847 XX.

477 107 544 143 DE
569 106 852 145 ELECTIONE
882 108 949 143 ΕΤ
977 107 1334 143 CORONATIONE
1363 106 1543 142 CAROLI
1571 107 1616 143 V.
1645 105 1886 142 CAESARIS.

2088 106 2166 143 498

1156 208 1264 242 quam
1292 194 1553 240 Imperatorem
1584 193 1718 229 habere
1742 195 1958 230 instructum
1988 194 2101 240 copiis
2125 207 2168 229 ac

1155 248 1292 281 viribus
1311 247 1532 281 Germaniae
1551 254 1584 281 et
1602 247 1768 281 Galliae?

1261 326 1309 358 At
1335 332 1481 365 contra,
1510 332 1549 359 ut
1575 326 1618 358 de
1644 325 1798 370 ingeniis
1825 338 1865 359 ac
1890 332 2021 359 natura
2048 326 2165 370 gentis

1154 376 1371 421 Hispanicae
1403 375 1495 410 nihil
1525 377 1663 417 dicam,
1700 390 1793 423 quae
1819 378 1963 412 etiamsi
1987 384 2039 411 est
2062 378 2165 411 belli-

1154 442 1235 463 cosa
1250 456 1258 469 ,
1288 435 1410 462 tamen
1429 442 1503 462 non
1521 436 1594 462 tam
1613 429 1750 463 viribus
1767 437 1917 475 pugnat,
1945 443 2055 476 quam
2076 437 2164 465 arte.

1152 480 1276 527 Itaque
1302 481 1401 514 nulla
1433 494 1564 525 magna
1585 494 1641 515 res
1664 482 1708 515 ab
1729 481 1778 516 eis
1796 482 1833 515 in
1851 481 1952 515 Italia
1970 482 2045 516 sine
2065 483 2165 516 auxi-

1153 534 1209 567 liis
1235 532 1464 568 Germanicis
1493 540 1589 578 gesta
1626 540 1688 567 est.
1752 534 1819 568 Sed
1846 535 2019 579 cogitate,
2053 548 2164 580 quam

1153 586 1280 630 procul
1305 585 1427 619 dissita
1449 586 1511 620 sit:
1549 592 1642 618 certe
1660 586 1696 618 in
1715 586 1841 620 subitis
1857 586 2071 620 tumultibus
2089 599 2165 620 non

1153 638 1290 683 poterit
1314 637 1418 672 nobis
1433 665 1440 677 ‚
1471 638 1526 671 vel
1550 636 1695 677 Italiae,
1730 638 1785 671 rel
1803 638 2018 672 Pannoniae
2045 639 2165 683 opitu-

1152 690 1233 724 lari.
1286 689 1412 723 Patria
1433 697 1484 724 est
1502 689 1626 724 Caroli
1643 690 1809 727 Austria3
1839 704 1883 724 ne
1900 689 1994 724 hanc
2015 691 2161 737 quidem

1152 742 1307 788 Hispani
1325 743 1544 783 tuebuntur,
1573 749 1625 782 et,
1655 748 1694 775 ut
1712 742 1855 783 volent,
1884 755 1958 775 uon
1979 750 2162 787 poterunt.

1152 795 1236 830 Non
1254 795 1349 828 enim
1367 795 1435 828 nisi
1453 795 1598 840 exiguas
1617 795 1739 838 copias
1755 795 1865 827 domo
1884 796 2044 835 mittunt,
2072 797 2164 829 eius-

1153 860 1222 893 que
1250 847 1301 880 rei
1328 859 1433 881 causa
1452 854 1522 887 est,
1559 848 1655 893 quod
1675 847 1968 891 navigationibus
1987 847 2163 892 Hispania

1153 897 1409 939 exhauriatur,
1452 912 1517 932 nec
1551 899 1641 932 coeli
1678 899 1792 932 nostri
1826 899 2039 943 gravitatem
2079 899 2164 933 satis

1151 952 1244 984 serre
1282 958 1443 995 possunt.
1504 950 1569 985 Est
1605 958 1639 984 et
1666 951 1754 984 illud
1785 951 1990 992 commodi,
2025 952 2054 985 si
2083 964 2166 985 cum

1153 1003 1267 1037 Gallis
1293 1003 1506 1037 militemus:
1551 1010 1669 1037 vestro
1696 1005 1806 1037 ductu
1834 1004 1955 1037 omnia
1982 1010 2166 1049 gerentur,

1153 1069 1217 1089 vos
1235 1056 1271 1088 in
1290 1055 1426 1099 gloriae
1444 1057 1652 1089 societatem
1674 1056 1866 1089 admittent
1886 1056 1994 1095 Galli,
2024 1056 2166 1089 etiamsi

1153 1115 1237 1142 sunt
1262 1108 1422 1152 gloriosi.
1487 1108 1535 1140 At
1558 1108 1619 1141 ubi
1646 1121 1725 1141 cum
1752 1108 1923 1153 Hispanis
1952 1108 2166 1149 militabitis,

1153 1161 1205 1193 illi
1227 1173 1289 1194 vos
1306 1167 1481 1205 tanquam
1504 1160 1684 1205 mancipia
1705 1167 1845 1205 regent:
1884 1161 1951 1205 ipsi
1978 1161 2165 1194 laboribus

1154 1225 1194 1246 ac
1211 1212 1371 1246 victoriis
1389 1212 1515 1246 vestris
1536 1214 1722 1253 fruentur,
1750 1213 1976 1258 praeripient
1993 1210 2166 1253 honores,

1154 1271 1350 1309 praeerunt
1373 1265 1581 1309 provinciis.
1635 1264 1710 1299 Vos
1734 1272 1810 1299 tum
1830 1278 1910 1299 sero
1931 1265 2167 1310 deplorabitis

1154 1317 1363 1351 servitutem
1403 1323 1572 1351 vestram.
1638 1317 1707 1350 Sed
1743 1317 1904 1361 gentium
1934 1317 2165 1351 collationem

1155 1369 1304 1403 omitto:
1333 1370 1376 1402 de
1396 1369 1470 1414 ipsa
1491 1370 1665 1402 electione
1684 1369 1813 1403 dicam.
1855 1369 1974 1403 Tenet
1991 1367 2060 1403 lioc
2078 1376 2167 1402 tem-

1154 1434 1242 1466 pore
1261 1422 1387 1456 Gallus
1408 1421 1680 1462 Mediolanum,
1717 1421 1779 1467 qui
1802 1421 1830 1455 si
1856 1422 1923 1455 erit
1949 1421 2166 1467 Imperator,

1155 1486 1200 1507 ne
1225 1486 1329 1508 causa
1356 1474 1502 1519 quidem
1530 1474 1615 1507 belli
1635 1474 1672 1507 in
1693 1472 1796 1507 Italia
1814 1474 1936 1508 sutura
1954 1481 2016 1508 est.
2070 1474 2165 1508 Nam

1156 1527 1255 1572 quod
1274 1526 1400 1560 Gallus
1420 1526 1645 1560 existimatur
1663 1525 1856 1570 Neapolim
1879 1527 2076 1571 petiturus,
2107 1539 2166 1560 ve-

1155 1585 1227 1612 stra
1263 1591 1344 1611 eum
1383 1578 1559 1612 autoritas
1595 1578 1698 1611 facile
1728 1580 1773 1611 ad
1803 1578 1890 1612 alias
1918 1592 1974 1613 res
2003 1578 2166 1613 utiliores

1156 1636 1315 1670 avertet,
1350 1630 1378 1664 si
1403 1628 1581 1664 babebitis
1608 1630 1805 1675 obligatum
1831 1631 2006 1664 beneficio
2035 1638 2166 1666 vestro.

1155 1684 1187 1716 A
1206 1682 1328 1727 Belgis
1353 1683 1460 1715 etiam
1487 1682 1702 1723 abstinebit,
1738 1683 1767 1716 si
1793 1683 1979 1729 quiescant
2005 1683 2092 1728 ipsi,
2128 1691 2168 1718 ut

1155 1735 1287 1767 facient
1327 1741 1441 1775 certe,
1491 1735 1679 1768 conterriti
1715 1734 1934 1768 Germaniae
1978 1747 2167 1777 consenso,

1156 1787 1369 1831 praesertim
1398 1787 1427 1820 si
1452 1799 1526 1820 non
1549 1787 1685 1820 fuerint
1710 1786 1854 1821 irritati.
1915 1787 1990 1822 Nec
2018 1800 2082 1832 ego
2108 1801 2167 1821 ve-

1155 1839 1218 1872 lim
1242 1839 1322 1873 illos
1349 1838 1499 1873 irritari.
1553 1838 1701 1872 Vicinos
1717 1839 1813 1872 enim
1830 1837 2024 1874 habuimus
2038 1840 2168 1885 Belgas

1155 1892 1265 1936 longo
1286 1898 1471 1936 tempore,
1498 1904 1573 1925 non
1593 1892 1708 1925 socios
1727 1890 1886 1936 Imperii.
1942 1892 2075 1926 Nostra
2094 1893 2169 1927 edi-

1157 1950 1211 1977 cta
1243 1941 1335 1977 nihil
1365 1950 1578 1988 morantur,
1617 1943 1750 1978 nostris
1780 1944 1949 1989 periculis
1975 1942 2067 1978 nihil
2093 1946 2168 1978 affi-

1157 1996 1314 2030 ciuntur.
1361 1996 1473 2030 Suum
1493 1997 1676 2042 quoddam
1694 2008 1845 2040 regnum
1863 1996 1912 2029 ibi
1929 1994 2083 2037 habent,
2113 1998 2168 2030 ni-

1156 2047 1232 2082 hilo
1252 2049 1366 2094 magis
1387 2048 1620 2082 coniunctum
1642 2062 1721 2082 cum
1745 2048 1921 2093 Imperio,
1951 2061 2058 2094 quam
2083 2056 2167 2084 sunt

1156 2101 1265 2146 Angli
1283 2107 1345 2135 aut
1363 2100 1472 2135 Scoti.

1263 2180 1388 2226 Quare
1425 2181 1522 2226 quod
1562 2186 1733 2213 verentur
1769 2180 1882 2226 aliqui
1908 2180 2092 2221 futurum,
2128 2187 2168 2215 ut

1159 2233 1357 2267 Germania
1375 2233 1470 2266 bello
1491 2232 1716 2277 implicetur,
1744 2233 1773 2266 si
1789 2232 1922 2276 Belgae
1938 2245 2013 2265 non
2030 2233 2167 2266 obtem-

1158 2291 1349 2330 perarent,
1382 2285 1445 2332 qui
1470 2285 1622 2329 imperia
1647 2291 1769 2318 nostra
1794 2285 1918 2318 multis
1944 2285 2014 2317 iam
2040 2285 2168 2320 seculis

1160 2344 1416 2373 contemnunt:
1454 2335 1546 2370 nihil
1569 2337 1720 2381 periculi
1745 2344 1815 2377 est,
1848 2337 1987 2371 nullum
2012 2337 2088 2371 sine
2108 2350 2168 2371 ve-

1160 2398 1234 2426 stro
1268 2390 1419 2423 consilio
1454 2389 1589 2422 bellum
1617 2388 1744 2424 Gallus
1775 2389 1947 2423 movebit.
2011 2389 2058 2423 Et
2083 2390 2168 2435 quia

1160 2443 1362 2477 Insubriam
1383 2448 1480 2475 tenet
1497 2448 1685 2486 pacatam,
1714 2448 1748 2474 et
1764 2439 1832 2475 hoc
1849 2448 2012 2486 tempore
2033 2443 2167 2487 optime

1162 2496 1356 2529 instructus
1381 2501 1433 2528 est
1457 2494 1626 2528 omnibus
1649 2495 1757 2528 rebus
1781 2495 1826 2527 ad
1852 2494 1984 2528 bellum
2009 2506 2167 2528 necessa-

1162 2548 1241 2582 riis:
1277 2559 1387 2581 unam
1417 2544 1510 2579 hanc
1529 2546 1693 2587 laudem,
1721 2559 1833 2580 unum
1853 2544 1922 2580 hoc
1942 2547 2048 2580 decus
2068 2546 2168 2590 petit,

1162 2606 1202 2634 ut
1225 2612 1242 2632 a
1267 2599 1399 2633 nostris
1423 2599 1622 2632 cervicibus
1645 2599 1802 2643 depellat
1826 2599 1982 2637 Turcas,
2010 2604 2050 2631 ut
2070 2597 2170 2643 Sely-

1162 2665 1262 2686 mum
1289 2651 1494 2695 ingentibus
1520 2651 1760 2691 successibus,
1789 2663 1829 2684 ac
1852 2650 2079 2683 minitantem
2099 2648 2168 2682 lta-

1162 2705 1230 2738 liae
1249 2704 1417 2743 exitium‚
1447 2704 1635 2738 adoriatur
1655 2703 1822 2737 omnibus
1846 2702 1993 2735 viribus.
2045 2701 2170 2747 Quare

1163 2755 1255 2791 nihil
1272 2756 1398 2790 dubito
1415 2756 1596 2801 polliceri,
1633 2755 1844 2789 electionem
1862 2753 1957 2788 Galli
1977 2753 2172 2788 allaturam

1597 2807 1646 2843 32
