2421 3037
275 111 349 147 735

274 200 341 234 lius
361 196 670 231 administrantur,
689 203 779 236 quae
797 190 945 225 consilio
964 195 1148 234 geruntur,
1165 200 1273 233 quam
1300 215 1303 222 .

277 263 367 297 quae
384 250 458 283 sine
476 245 624 279 consilio
644 243 953 276 amministramus.
1001 241 1102 273 Hanc
1119 240 1272 284 primam

275 308 412 347 partem
442 302 654 334 numerant,
693 308 770 327 eam
799 295 964 337 deinceps
989 293 1189 325 rationibus
1215 304 1275 323 va-

274 353 355 391 riis,
385 358 418 383 et
436 362 542 394 quam
569 345 823 390 copiosissimis
851 345 966 378 verbis
990 343 1185 388 approbari
1212 356 1274 387 pu-

276 409 352 437 tant
372 407 560 445 oportere,
588 396 656 431 hoc
676 399 803 430 modo:
838 396 977 429 Domus
1006 407 1066 435 ea,
1103 407 1194 440 quae
1218 406 1275 426 ra—

275 456 372 488 tione
396 452 552 496 regitur,
582 449 748 482 omnibus
773 448 981 481 instructior
1010 453 1061 480 est
1083 448 1207 485 rebus,
1243 451 1277 478 et

276 504 503 550 apparatior,
533 514 639 547 qnam
667 513 727 537 ea,
756 512 848 545 quae
874 506 1007 532 temere
1026 505 1059 531 et
1075 498 1174 531 nullo
1193 509 1275 530 con-

275 558 355 591 silio
376 554 660 588 administratur.
699 551 883 585 Exercitus
901 551 948 591 is,
978 550 1034 583 cui
1052 548 1276 593 praepositus

276 615 327 643 est
345 607 486 652 sapiens
505 612 537 638 et
558 605 705 637 callidus
725 604 944 647 imperator,
974 602 1141 634 omnibus
1166 600 1277 644 parti-

275 662 341 694 bus
360 657 584 692 commodius
600 655 756 699 regitur,
786 668 893 700 quam
913 654 962 692 is,
991 654 1051 698 qui
1070 652 1219 686 stultitia
1244 658 1278 684 et

276 710 477 746 temeritate
501 708 649 741 alicuius
675 706 960 740 administratur.

277 763 325 808 gii
340 762 432 796 ratio
455 767 517 794 est.

277 827 338 855 ea,
367 826 458 859 quae
481 811 715 846 scientissimo
744 811 984 853 gubernatore
1010 809 1134 841 utitur.
1189 806 1278 841 Cum

277 865 479 912 propositio
505 863 549 897 sit
575 861 643 896 hoc
669 868 773 906 pacto
799 862 999 905 approbata
1011 859 1079 902 ⁶¹⁵),
1126 865 1159 892 et
1187 860 1279 892 duae

278 924 397 963 partes
415 914 623 950 transierint
642 912 948 952 ratiocinationis,
984 912 1088 944 tertia
1116 911 1152 943 in
1179 916 1280 954 parte

279 970 401 1009 aiunt,
426 968 522 1013 quod
545 967 732 1000 ostendere
751 964 857 1003 velis,
892 964 927 996 id
951 976 992 996 ex
1009 963 1042 994 vi
1063 962 1281 1007 propositio-

278 1022 334 1054 nis
359 1025 525 1064 oportere
552 1029 751 1056 assumere,
780 1014 847 1049 hoc
869 1022 992 1060 pacto:
1035 1012 1134 1048 Nihil
1161 1021 1278 1047 autem

281 1071 443 1105 omnium
462 1082 582 1102 rerum
602 1069 747 1107 melius,
774 1081 880 1113 quam
909 1067 1026 1100 omnis
1046 1068 1201 1099 mundus
1221 1066 1280 1098 ad-

279 1123 516 1157 ministratur.
572 1120 686 1152 Huius
705 1119 959 1162 assumptionis
981 1124 1110 1163 quarto
1132 1118 1169 1150 in
1188 1118 1281 1157 loco,

280 1176 387 1209 aliam
424 1185 534 1218 porro
572 1172 747 1204 inducunt
783 1169 1082 1214 approbationem
1101 1169 1170 1215 4⁶),
1213 1167 1281 1201 hoc

279 1228 408 1260 modo:
443 1225 535 1259 Nam
564 1230 597 1256 et
621 1223 805 1266 signorum
835 1228 934 1255 ortus
961 1227 994 1253 et
1017 1220 1135 1253 obitus
1158 1219 1282 1252 defini-

279 1286 354 1313 tum
374 1277 553 1323 quendam
575 1276 737 1308 ordinem
757 1281 921 1313 servant,
958 1280 992 1305 et
1017 1284 1158 1305 annuae
1186 1284 1282 1304 com-

280 1329 499 1364 mutationes
540 1339 614 1360 non
656 1327 765 1358 modo
807 1326 962 1371 quadam
1000 1337 1043 1357 ex
1072 1323 1282 1357 necessitate

280 1393 421 1426 semper
448 1381 574 1413 eodem
602 1380 710 1411 modo
736 1379 845 1417 fiunt,
890 1389 1015 1409 verum
1042 1377 1085 1408 ad
1112 1376 1282 1409 utilitates

280 1444 424 1480 quoque
451 1444 571 1465 rerum
597 1430 758 1463 omnium
785 1435 868 1463 sunt
893 1429 1206 1467 accommodatae,
1250 1433 1284 1459 et

280 1486 432 1519 diurnae
463 1489 733 1527 nocturnaeque
767 1480 1028 1514 vicissitudines
1057 1479 1154 1513 nulla
1179 1479 1217 1511 in
1245 1490 1282 1511 re

279 1549 440 1582 unquam
473 1541 649 1574 mutatae,
694 1532 886 1578 quicquam
927 1537 1149 1570 nocuerunt,
1191 1542 1282 1576 quae

280 1589 382 1633 signo
400 1593 483 1621 sunt
501 1586 642 1625 omnia,
671 1597 745 1617 non
766 1583 939 1617 mediocri
956 1584 1112 1628 quodam
1133 1582 1282 1616 consilio

280 1647 448 1673 naturam
474 1638 600 1671 mundi
626 1635 883 1670 administrari.
945 1635 1082 1680 Quinto
1109 1634 1283 1667 inducunt

280 1693 359 1725 loco
384 1690 670 1734 complexionem
689 1688 737 1732 4⁷)
774 1700 873 1727 eam,
911 1699 1002 1732 quae
1029 1693 1090 1719 aut
1116 1686 1150 1718 id
1177 1685 1284 1718 infert

280 1744 418 1782 solum,
453 1742 550 1787 quod
575 1753 616 1774 ex
642 1740 809 1773 omnibus
833 1739 994 1782 partibus
1019 1737 1178 1782 cogitur,
1215 1734 1284 1769 hoc

280 1795 407 1828 modo:
437 1792 597 1827 Consilio
615 1792 724 1836 igitur
741 1792 895 1824 mundus
914 1790 1200 1829 administratur,
1223 1795 1285 1822 aut

280 1859 393 1881 unum
412 1845 449 1879 in
468 1846 587 1878 locum
613 1857 691 1877 cum
713 1843 923 1876 conduxerit
940 1842 1097 1875 breviter
1120 1841 1284 1886 proposi-

280 1899 417 1932 tionem
443 1904 476 1930 et
502 1896 805 1941 assumptionem,
841 1895 877 1927 id
905 1894 1086 1938 adiungit,
1121 1894 1217 1938 quod
1243 1905 1284 1926 ex

279 1949 335 1984 his
360 1949 590 1989 conficiatur,
626 1948 671 1981 ad
696 1945 792 1980 bunc
816 1947 976 1979 modum:
1019 1946 1129 1991 Quod
1154 1945 1183 1979 si
1212 1957 1284 1978 me-

279 2002 348 2036 lius
366 2007 540 2045 geruntur
558 2012 596 2033 ea
611 2027 619 2040 ,
648 2012 739 2045 quae
758 1998 928 2038 consilio,
956 2009 1063 2043 quam
1091 2010 1182 2043 quae
1207 1997 1283 2031 sine

281 2053 430 2087 consilio
447 2052 766 2092 administrantur,
794 2048 886 2083 nihil
904 2056 1022 2083 autern
1047 2050 1209 2083 omnium
1230 2061 1284 2082 re·

281 2118 361 2139 rum
381 2105 526 2144 melius,
555 2116 662 2150 quam
684 2102 801 2136 omnis
820 2102 976 2135 mundus
996 2101 1284 2142 administratur,

282 2157 431 2190 consilio
453 2156 562 2200 igitur
587 2156 742 2189 mundus
759 2154 1042 2187 administratur.
1097 2153 1283 2199 Quinque-

282 2209 452 2253 partitam
474 2208 582 2252 igitur
604 2206 671 2240 hoc
689 2213 793 2251 pacto
812 2212 940 2250 putant
958 2218 1031 2239 esse
1054 2211 1283 2249 argumenta-

282 2260 430 2293 tionem.
499 2259 571 2304 Qui
594 2266 713 2293 autem
740 2258 957 2303 tripartitam
984 2270 1056 2291 esse
1080 2257 1222 2297 dicunt,
1258 2257 1283 2290 ii

282 2324 357 2344 non
374 2311 475 2345 aliter
493 2318 621 2356 putant
644 2310 789 2344 tractari
809 2316 976 2354 oportere
1001 2309 1283 2353 argumentatio-

282 2375 363 2396 nem
377 2390 386 2404 ,
414 2364 473 2396 sed
493 2363 723 2408 partitionem
740 2360 869 2395 horum
890 2359 1171 2405 reprehendunt.
1213 2361 1284 2395 Ne-

284 2421 368 2459 gant
388 2414 501 2454 enim,
534 2427 651 2460 neque
675 2427 692 2447 a
713 2413 984 2458 propositione,
1019 2426 1136 2460 neque
1159 2413 1203 2446 ab
1230 2425 1284 2447 as-

282 2465 508 2511 sumptione,
536 2467 816 2511 approbationes
842 2478 965 2499 earum
992 2465 1153 2510 separari
1177 2477 1284 2509 opor-

283 2524 378 2558 tere,
402 2530 517 2563 neque
534 2518 820 2562 propositionem
846 2517 1067 2557 absolutam,
1095 2529 1210 2563 neque
1230 2530 1283 2550 as-

320 2636 367 2663 45)
388 2638 489 2661 Annot.
511 2640 613 2665 marg:
634 2634 790 2663 Propositio
810 2634 897 2657 maior
917 2636 1121 2664 comprobatur.

320 2688 367 2716 46)
387 2689 488 2712 Annot.
508 2693 612 2717 marg.:
640 2686 801 2716 Adsumptio
824 2686 911 2710 minor
931 2687 1108 2716 adprobatur.

320 2740 367 2771 47)
387 2741 487 2764 Annot.
506 2746 614 2770 marg.:
635 2739 812 2770 complexio,
840 2738 998 2763 Conclusio.

793 104 917 139 PHlL.
953 103 1066 138 MEL.
1102 100 1306 136 SCRIPTA
1341 100 1474 135 VARH
1507 99 1813 135 ARGUMENTI.

1021 704 1156 737 Eadem
1178 703 1278 736 navi·
1303 739 1305 744 Ι

569 759 660 794 Nam
682 758 784 791 navis
811 758 944 801 optime
968 768 1109 789 cursum
1136 754 1278 788 conficit
1304 779 1306 784 ,

2256 105 2331 140 736

1328 187 1569 230 sumptionem
1596 186 1660 219 sibi
1687 187 1878 230 perfectam
1908 187 2040 227 videri,
2083 202 2173 234 quae
2198 203 2331 234 appro-

1328 238 1474 271 batione
1505 239 1716 271 confirmata
1747 251 1821 271 non
1849 239 1904 272 sit.
1969 238 2111 283 Quare,
2155 254 2243 286 quas
2276 242 2330 274 illi

1329 291 1416 323 duas
1436 296 1554 334 partes
1580 296 1795 330 numerant,
1831 290 2116 334 propositionem
2143 298 2177 324 et
2200 305 2331 336 appro-

1328 342 1532 381 bationem,
1574 341 1641 374 sibi
1667 353 1776 373 unam
1811 349 1947 385 partem
1975 342 2088 375 videri
2113 344 2331 387 propositio-

1328 405 1433 433 nem,
1462 405 1552 438 quae
1570 393 1599 426 si
1618 393 1816 436 approbata
1839 405 1911 426 non
1935 393 2001 433 sit,
2028 394 2230 438 propositio
2256 407 2332 428 non

1329 445 1374 478 sit
1390 444 1724 488 argumentationis.
1778 442 1886 485 Item,
1916 457 2006 490 quae
2032 447 2075 478 ab
2100 446 2169 479 illis
2197 459 2332 480 assum-

1330 496 1427 540 ptio,
1473 503 1506 529 et
1533 496 1788 539 assumptionis
1814 496 2030 540 approbatio
2058 497 2210 537 dicitur,
2249 510 2332 530 ean-

1330 549 1410 580 dem
1430 547 1495 581 sibi
1517 548 1799 592 assumptionem
1826 548 1940 581 solam
1964 548 2089 584 videri.
2136 547 2187 582 lta
2208 549 2268 590 fit,
2293 555 2334 582 ut

1331 601 1455 632 eadem
1482 600 1621 632 ratione
1649 600 1914 643 argumentatio
1946 605 2117 640 tractata,
2160 600 2238 634 aliis
2270 601 2334 633 tri-

1332 651 1476 694 partita,
1505 651 1582 684 aliis
1598 651 1891 696 quinquepartita
1910 651 2091 684 videatur:
2121 658 2227 697 atque
2245 650 2334 685 haec

1333 702 1457 736 Cicero
1475 703 1585 735 ferme
1610 703 1733 736 iisdem
1763 703 1898 741 verbis;
1934 704 2058 735 eadem
2083 709 2166 737 sunt
2188 703 2333 748 prodita

1333 767 1351 786 a
1366 754 1592 799 Quintiliano
1611 755 1653 786 de
1669 752 1941 798 Epicheremate
1953 780 1962 794 ,
1990 761 2094 787 vocat
2110 755 2205 788 enim
2219 755 2334 800 Quin-

1333 806 1479 839 tilianus
1506 804 1763 850 Epicherema,
1807 807 1902 851 qnod
1930 806 2053 840 Cicero
2087 806 2334 839 ratiocinatio-

1333 871 1428 892 nem.
1482 857 1609 903 Neque
1630 858 1726 890 aliud
1743 863 1794 890 est
1809 870 1846 890 re
1864 858 1959 902 ipsa,
1997 858 2070 891 sive
2096 856 2334 903 epicherema,

1333 910 1406 943 sive
1432 909 1682 949 ratiocinatio,
1711 921 1817 955 quam
1845 909 2082 954 syllogismus.
2141 910 2255 943 Finiit
2277 909 2335 943 Ci-

1334 974 1415 994 cero
1449 962 1556 1005 paulo
1588 962 1771 994 obscurius
1803 961 2061 1006 syllogismum.
2128 961 2268 995 Deinde
2296 962 2335 993 in

1335 1013 1494 1058 quinque
1514 1019 1632 1057 partes
1654 1013 1837 1046 dissecuit:
1872 1013 2176 1057 propositionem,
2204 1024 2335 1058 appro-

1333 1065 1517 1097 bationem
1542 1064 1822 1109 propositionis,
1859 1065 2164 1108 assumptionem,
2200 1077 2335 1099 assum-

1334 1116 1468 1160 ptionis
1487 1117 1785 1161 approbationem
1800 1142 1808 1156 ,
1837 1122 1870 1148 et
1887 1116 2186 1160 complexionem.
2235 1116 2334 1161 Quas

1334 1175 1454 1212 partes
1484 1175 1608 1202 nostro
1633 1180 1733 1201 more
1760 1167 1881 1200 licebit
1906 1180 2009 1201 voces
2030 1168 2226 1208 maiorem,
2259 1180 2335 1200 ma-

1336 1219 1422 1251 ioris
1441 1220 1766 1259 confirmationem,
1795 1219 1987 1260 minorem,
2011 1219 2234 1265 minorisque
2252 1232 2336 1264 pro-

1335 1271 1541 1310 bationem,
1577 1279 1611 1304 et
1633 1271 1912 1305 conclusionem.
1977 1270 2092 1310 Nam,
2130 1272 2227 1316 quod
2252 1283 2336 1316 pro-

1336 1322 1585 1355 nuntiatorum
1606 1324 1838 1366 probationes
1861 1323 1898 1355 in
1925 1322 2122 1368 syllogismi
2145 1329 2247 1368 parte
2270 1335 2336 1356 nu-

1338 1380 1472 1414 merat,
1519 1374 1632 1417 magis
1662 1375 1834 1406 materiae
1869 1381 2186 1418 argumentorum,
2226 1387 2335 1420 quam

1336 1427 1475 1458 formae
1493 1425 1670 1458 rationem
1691 1423 1828 1458 habuit.
1870 1423 2005 1457 Verum
2028 1424 2087 1457 hic
2110 1438 2186 1458 non
2207 1427 2337 1470 agitur,

1337 1489 1419 1510 vera
1440 1477 1512 1510 sint
1532 1476 1731 1516 axiomata,
1758 1488 1824 1508 nec
1847 1488 1913 1516 ne,
1941 1477 2002 1509 sed
2032 1477 2218 1522 quomodo
2244 1477 2338 1510 inter

1336 1542 1372 1562 se
1392 1526 1627 1568 cohaereant,
1656 1540 1800 1573 quoque
1820 1527 1946 1560 ordine
1972 1528 2162 1561 coniuncta
2187 1528 2278 1569 sint,
2304 1535 2339 1561 et

1338 1587 1427 1626 quot
1448 1592 1572 1619 voces,
1609 1586 1767 1625 quotque
1792 1578 2025 1623 pronuntiata
2051 1579 2234 1624 compingi
2256 1592 2339 1624 pos-

1336 1633 1407 1665 sint
1425 1632 1462 1664 in
1479 1631 1745 1677 syllogismum,
1775 1630 1932 1676 alioqui,
1959 1631 1989 1664 si
2013 1631 2123 1665 addas
2148 1631 2339 1665 axiomatis

1337 1684 1591 1728 probationes,
1625 1683 1696 1715 iam
1724 1694 1839 1716 novus
1863 1682 2090 1727 syllogismus
2118 1683 2338 1722 contexitur3

1338 1736 1467 1769 deinde
1500 1735 1663 1780 plerique
1703 1734 1901 1780 syllogismi
1938 1734 2114 1768 eiusmodi
2154 1741 2256 1777 sunt,
2297 1741 2338 1768 ut

1338 1788 1393 1820 vel
1410 1788 1496 1820 citra
1519 1786 1810 1820 confirmationes
1827 1786 1911 1821 satis
1933 1786 2117 1820 declarent
2140 1787 2339 1821 conclusio-

1337 1852 1439 1880 nem,
1470 1839 1592 1884 quales
1618 1851 1659 1872 ex
1681 1836 1944 1873 Mathematicis
1972 1839 2043 1883 peti
2069 1845 2239 1884 possunt,
2275 1839 2339 1884 qui

1338 1904 1412 1924 rem
1441 1890 1552 1924 oculis
1578 1891 1782 1924 subiiciunt.
1859 1891 1927 1924 Sed
1953 1891 1995 1923 de
2028 1889 2226 1931 rhetorica,
2269 1887 2339 1923 hoc

1339 1950 1410 1983 est,
1439 1942 1617 1988 probabili
1636 1943 1948 1987 argumentatione
1965 1943 2181 1988 loquebatur
2201 1942 2339 1984 Cicero,

1338 2007 1428 2042 qnae
1458 1995 1579 2039 figuris
1609 2001 1643 2027 et
1665 1992 1905 2028 schematibus
1933 1995 2102 2029 oratoriis
2127 1995 2339 2030 illustratur.

1337 2048 1411 2082 Nos
1427 2047 1728 2092 simplicissimam
1748 2053 1781 2079 et
1803 2046 2036 2080 certissimam
2061 2048 2340 2090 argumentandi

1337 2099 1515 2132 rationem
1544 2098 1830 2143 praescribimus.
1886 2098 1959 2132 Nec
1984 2097 2082 2132 aliud
2100 2105 2151 2132 est
2167 2099 2223 2131 vel
2241 2098 2339 2132 Cice—

1337 2151 1420 2184 roni
1452 2150 1701 2190 ratiocinatio,
1743 2150 1799 2183 vel
1834 2149 2062 2195 Quintiliano
2088 2148 2339 2195 Epicherema,

1338 2215 1445 2249 quam
1481 2203 1577 2248 qnod
1609 2202 1802 2236 dialecticis
1832 2201 2070 2247 syllogismus.
2139 2202 2196 2235 Sic
2223 2202 2339 2236 Marci

1338 2255 1520 2289 Ciceronis
1546 2253 1861 2287 ratiocinationem
1895 2253 2034 2288 omissis
2063 2254 2339 2298 probationibus

1338 2307 1376 2339 in
1402 2305 1648 2350 syllogismum
1677 2305 1902 2339 dialecticum
1930 2306 2088 2349 rediges:
2118 2305 2227 2350 Quod
2246 2306 2339 2350 opti-

1338 2370 1393 2391 me
1419 2357 1714 2398 administratur,
1751 2357 1900 2391 consilio
1923 2357 2208 2391 administratur.
2262 2357 2339 2390 Ma-

1338 2411 1413 2450 ior,
1440 2409 1660 2454 Propositio.
1715 2409 1873 2443 Mundus
1892 2409 2027 2453 optime
2053 2409 2339 2443 administratur.

1338 2462 1480 2502 Minor,
1507 2461 1736 2505 Adsumptio.
1795 2460 1891 2505 Ergo
1919 2461 2074 2494 mundus
2099 2460 2251 2494 consilio
2277 2461 2339 2493 ad-

1339 2513 1576 2547 ministratur.
1612 2513 1825 2553 Conclusio,
1853 2511 2075 2556 Complexio.
2108 2514 2227 2557 Atque
2242 2510 2340 2546 hunc

1338 2565 1584 2611 syllogismum
1603 2565 1720 2606 vides,
1749 2577 1857 2611 quam
1878 2564 2043 2608 copiose,
2071 2576 2179 2610 quam
2198 2565 2339 2608 elegan-

1339 2625 1393 2651 ter
1416 2618 1546 2650 dixerit
1563 2617 1699 2651 Cicero.
1753 2616 1826 2651 Nec
1852 2616 1977 2649 inutile
1999 2616 2126 2656 fuerit,
2155 2615 2338 2649 Ciceronis

1340 2670 1540 2714 exemplum
1568 2669 1669 2714 sequi
1694 2669 1729 2701 in
1755 2667 1976 2712 expoliendis
2001 2667 2245 2713 ornandisque
2269 2667 2339 2712 syl-

1340 2721 1518 2766 logismis,
1552 2721 1649 2755 iuxta
1673 2718 1858 2754 rhetorum
1886 2725 2089 2764 praecepta.
2150 2719 2264 2759 Nam,
2299 2723 2340 2752 ut
