2389 3037
80 122 155 158 ⁷45
580 119 654 154 Vll.

80 208 354 252 oratoribusque
377 207 566 250 diligenter
593 206 802 244 observare,
836 215 994 249 quarum
1021 214 1078 234 co-

80 260 211 304 gnitio,
249 271 326 291 mea
356 258 499 304 quidem
533 258 729 296 sententia,
765 255 886 289 iudicii
923 254 1108 300 acrium-f

1133 307 1230 340 ribus
1265 313 1473 348 occurrent,

81 311 177 344 niam
205 316 353 343 exercet.

386 390 449 424 De
483 391 765 424 inductione.

186 459 431 493 Inductionem
450 460 578 493 Graeci
595 470 776 503 epagogen
796 463 922 489 vocant
936 483 945 495 ,
975 468 1079 499 argu-

83 511 266 544 mentandi
299 511 474 543 rationem
507 517 658 543 naturae
691 509 914 554 proximam,
960 519 1028 552 qua
1061 519 1079 540 e

83 562 322 606 singularibus
344 563 544 595 universale
571 561 769 605 colligitur,
797 571 868 604 quo
894 560 1001 591 modo
1020 571 1079 591 ve-

84 613 232 647 risimile
257 619 309 647 est
333 625 456 646 omnes
482 620 576 646 artes
599 617 757 656 repertas
785 623 868 644 esse.
924 610 1079 653 Compa-

85 664 170 698 ratis
184 665 277 697 enim
296 665 434 703 multis,
463 676 554 709 quae
573 664 741 696 adsiduus
757 674 877 694 rerum
897 674 979 695 usus
997 673 1079 706 sup·

84 716 288 759 peditabat‚
315 716 496 759 exemplis,
524 715 760 747 universalem
779 713 959 759 quandam
978 724 1080 756 regu-

85 768 155 799 lam
180 767 389 806 statuimus,
422 773 460 799 ut
482 778 561 799 cum
587 765 747 798 viderent
771 765 921 804 medici,
954 765 1078 797 vinum

85 816 228 858 Chium,
256 819 339 852 item
360 818 611 862 Smyrnaeum,
637 817 720 850 item
743 816 934 850 Falernum
953 816 1080 849 calefa-

85 869 200 902 ciendi
232 869 302 901 vim
335 867 485 908 babere,
518 869 738 913 collegerunt
760 868 966 902 inductione
993 879 1080 912 qua-

85 921 166 954 dam
193 933 255 954 seu
278 932 434 964 epagoga
457 920 637 963 regulam,
666 920 787 953 vinum
807 926 933 952 natura
954 919 1079 952 calefa-

85 984 175 1005 cere.
227 971 411 1010 Breviter,
447 971 622 1017 quidquid
646 984 711 1005 usu
735 969 1014 1015 deprehensum,
1043 970 1079 1002 in

86 1029 199 1055 artem
231 1030 392 1056 coactum
430 1029 500 1062 est,
539 1023 574 1055 id
605 1023 811 1056 inductione
838 1035 897 1056 seu
921 1033 1077 1067 epagoga

85 1074 228 1117 collegit
244 1075 348 1107 ratio.
396 1073 536 1107 Certior
553 1074 759 1107 inductione
776 1074 1001 1119 syllogismus
1017 1080 1079 1113 est,

85 1131 274 1169 propterea
300 1125 335 1157 in
362 1126 607 1168 probabilibus
632 1127 791 1158 crebrior
807 1138 890 1159 usus
908 1132 959 1159 est
977 1125 1080 1158 indu-

85 1176 233 1216 ctionis,
268 1177 445 1220 planeque
472 1177 508 1209 in
535 1178 748 1211 coniecturis
780 1184 926 1221 regnat,
960 1184 1016 1216 ut,
1051 1176 1078 1210 si

85 1226 238 1261 Catilina
266 1229 370 1261 toties
396 1228 545 1261 violavit
574 1229 851 1273 rempublicam,
888 1228 1079 1261 verisimile

85 1285 136 1313 est
154 1291 233 1312 eum
253 1291 393 1324 semper
413 1279 540 1313 infesto
559 1280 679 1312 animo
699 1281 803 1314 fuisse
824 1281 859 1312 in
886 1280 1079 1324 rempubli-

85 1343 174 1364 cam.
234 1330 348 1364 Anxie
379 1330 543 1364 laborant
569 1330 708 1364 scholae
738 1332 772 1364 in
799 1332 998 1364 reducenda
1026 1332 1079 1363 in-

85 1382 252 1416 ductione
269 1383 312 1415 ad
328 1382 586 1427 syllogismum,
616 1396 678 1416 ceu
698 1385 738 1415 ad
759 1384 941 1423 aiuussim,
963 1395 1078 1428 neque

85 1433 180 1466 enim
209 1433 277 1466 alia
303 1434 578 1477 argumentandi
603 1436 716 1467 forma
745 1435 875 1467 certior
898 1442 949 1468 est
973 1435 1079 1479 syllo-

84 1484 211 1528 gismo.
265 1484 332 1518 Sed
359 1485 446 1518 illud
469 1498 576 1531 quarn
601 1486 719 1530 inepte
744 1487 894 1527 saciant,
930 1499 1002 1519 non
1029 1493 1080 1519 est

85 1534 191 1569 huius
212 1536 279 1569 loci
303 1543 469 1570 tractare.
531 1537 641 1570 Plane
666 1539 871 1583 syllogismo
898 1538 1077 1570 contraria

85 1588 199 1620 forma
226 1588 521 1631 argumentandi,
557 1589 715 1622 inductio
741 1597 791 1623 est
806 1589 865 1635 ⁶⁷).
919 1591 973 1622 Ab
1002 1589 1080 1621 uni-

86 1638 281 1673 versalibus
308 1640 350 1672 ad
377 1640 570 1683 singularia
597 1641 822 1685 syllogismus
839 1641 1080 1685 progreditur,

87 1690 245 1724 inductio
269 1703 288 1723 a
306 1691 545 1735 singularibus
566 1693 607 1723 ad
629 1692 857 1728 universalia.
911 1691 1080 1725 lmmuta-

87 1742 179 1776 veris
205 1755 350 1786 prorsus
374 1743 621 1776 inductionum
649 1750 832 1783 naturam,
861 1744 887 1776 si
915 1745 949 1776 in
974 1744 1080 1788 syllo-

87 1794 190 1838 gismi
216 1795 369 1827 formam
395 1795 561 1839 coegeris.
615 1794 687 1827 lam
707 1803 739 1828 et
758 1795 973 1829 inductionis
990 1797 1080 1827 duae

86 1851 169 1879 sunt
194 1852 331 1879 tantum
365 1853 502 1890 partes,
537 1848 767 1886 antecedens,
804 1848 898 1892 quod
925 1847 1080 1891 singula-

87 1896 179 1932 rium
205 1898 474 1932 coacervatione
498 1904 655 1938 constat,
685 1905 717 1931 et
735 1911 973 1944 consequens,
1003 1898 1080 1931 uni-

87 1952 240 1995 versale,
272 1952 456 1986 collectum
483 1965 500 1986 e
525 1951 773 1995 singularibus.
843 1953 886 1984 At
913 1951 948 1983 in
975 1950 1080 1995 syllo-

86 2005 200 2048 gismo
229 2011 298 2037 tres
323 2011 441 2048 partes
466 2011 566 2044 sunt,
602 2004 735 2043 maior,
773 2003 911 2037 minor,
948 2009 981 2035 et
1010 2015 1080 2034 me-

87 2056 199 2089 dium.
270 2055 367 2099 Ergo
397 2057 486 2089 sicut
513 2054 769 2100 eutbymemati
796 2067 876 2098 pars
903 2055 1077 2099 quaedam

87 2107 281 2152 syllogismi
315 2109 429 2146 deest,
468 2108 514 2139 ita
545 2114 577 2140 et
602 2107 814 2141 inductioni.

90 2159 215 2192 vandis
254 2159 494 2201 singularibus
537 2160 788 2202 praestandum
833 2165 901 2198 est,
944 2165 979 2190 ut
1022 2164 1082 2190 aut

89 2210 208 2243 onmia
243 2216 566 2249 connumerentur,
602 2218 659 2242 aut
696 2210 873 2241 diversum
910 2210 1079 2254 quiddam

89 2274 162 2295 non
195 2269 384 2307 appareat,
417 2269 454 2295 ut
477 2262 502 2295 si
526 2261 573 2295 sic
599 2261 875 2305 argumenteris:
912 2260 1082 2305 Virgilius

877 2105 913 2138 ln
941 2118 1080 2138 (Oitft's·

709 115 1084 153 COMPENDIARIA
1111 116 1423 153 DlALECTICES
1451 117 1614 153 RATIO.

2049 122 2124 158 746

1103 233 1108 244 ,
1134 204 1358 249 persequitur
1377 204 1411 236 in
1427 204 1527 238 libris
1544 207 1587 239 de
1605 205 1810 238 inventione
1829 206 1878 240 M.
1895 207 2031 241 Cicero.
2068 208 2127 243 Tu

1134 257 1176 287 ad
1204 268 1313 288 unum
1341 257 1540 299 exemplum
1570 264 1602 289 et
1629 258 1785 302 reliqua,
1813 270 1904 303 quae
1924 259 1959 290 in
1977 259 2127 303 scripto-

1517 309 1625 351 exige.
1691 308 1822 341 Vinum
1848 307 1998 349 Chium,
2042 310 2126 343 item

1132 357 1394 402 Smyrnaeum,
1423 358 1505 390 item
1528 359 1772 403 Campanum,
1800 361 2029 394 calefaciendi
2053 362 2126 394 vim

1104 428 1105 445 3
1133 406 1255 451 babet,
1288 420 1353 440 nec
1376 417 1597 453 compertum
1623 417 1673 443 est
1700 411 1802 443 aliter
1825 413 1867 444 de
1885 412 1958 445 ullo
1979 412 2051 445 vini
2070 425 2127 457 ge-

1133 472 1229 494 nere.
1270 458 1308 492 In
1332 461 1429 492 omni
1450 461 1557 504 igitur
1576 463 1659 494 vino
1676 463 1727 495 vis
1746 463 1972 496 calefaciendi
1992 470 2053 498 est.

1485 546 1540 579 De
1570 548 1787 591 exemplo.

1236 611 1467 655 Exemplum,
1496 614 1591 657 quod
1614 613 1741 646 Graeci
1762 614 1968 657 paradigma
1987 622 2128 657 vocant,

1133 669 1182 696 est
1201 670 1262 696 aut
1280 663 1450 697 similium
1464 690 1472 702 ,
1501 672 1562 696 aut
1581 664 1804 698 dissimilium
1827 666 2061 709 comparatiO.
2097 667 2130 700 Α

1132 715 1239 748 simili
1263 715 1415 758 petitur,
1450 722 1488 748 ut
1511 714 1725 749 Timotheus
1750 718 1843 760 apud
1869 717 2044 759 Graecos,
2078 718 2127 750 ita

1133 766 1226 811 Sylla
1253 765 1392 799 Romae
1418 767 1655 807 fortunatior,
1690 780 1796 812 quam
1818 769 2031 811 prudentior
2050 768 2128 803 suit.

1132 817 1177 850 Et
1194 817 1228 850 iu
1248 818 1517 862 comparatione
1535 819 1720 859 similium,
1748 831 1853 863 saepe
1871 821 1999 860 maius,
2023 832 2127 864 saepe

1134 870 1216 902 item
1252 869 1370 902 minus
1394 870 1545 913 petitur,
1581 877 1640 911 ut,
1675 870 1703 903 si
1727 869 1932 915 philosophi
1960 878 2127 904 autorum

1133 933 1280 954 suorum
1302 921 1433 965 singuli
1448 922 1575 966 placita
1594 928 1735 963 tenent,
1764 929 1899 966 quanto
1918 923 2029 966 magis
2046 934 2129 955 con-

1134 973 1232 1005 venit
1248 970 1472 1006 Christianos
1500 974 1666 1016 dogmata
1693 974 1885 1007 servatoris
1910 974 1963 1007 sui
1990 974 2126 1006 tenere!

1104 1055 1105 1065 ἶ
1133 1023 1177 1056 Et
1203 1022 1267 1056 hac
1293 1025 1567 1067 argumentandi
1594 1025 1727 1068 figura,
1755 1025 1874 1058 nescio
1900 1038 1944 1057 an
1969 1025 2036 1057 alia
2061 1026 2130 1058 fre-

1106 2141 1109 2172 Ι

1134 1076 1300 1120 quentius
1325 1083 1527 1120 usurpetur.
1589 1076 1620 1108 A
1644 1076 1826 1117 dissimili,
1861 1078 2022 1122 adeoque
2046 1088 2130 1109 con-

1134 1127 1246 1159 trario
1274 1127 1426 1160 libenter
1452 1134 1765 1171 argumentantium
1802 1128 1895 1161 valet
1919 1128 2012 1160 enim
2033 1140 2130 1160 com-

1134 1178 1272 1222 paratio
1293 1180 1557 1212 contrariorum
1579 1182 1620 1211 ad
1642 1179 1872 1221 evidentiam,
1901 1180 2128 1224 energiamve

1134 1242 1294 1269 caussae,
1323 1237 1361 1263 ut
1388 1232 1481 1274 apud
1505 1230 1648 1263 Lixium
1668 1231 1838 1264 Camillus
1860 1231 2039 1264 dissuadet
2063 1231 2129 1263 mi-

1133 1294 1235 1325 grare
1252 1280 1378 1322 Veios,
1413 1280 1668 1328 hortaturque,
1703 1295 1746 1314 ne
1774 1282 1858 1315 velit
1882 1282 2033 1326 populus
2056 1282 2129 1315 Ro-

1132 1345 1260 1366 manus
1283 1346 1379 1366 sacra
1409 1346 1470 1367 sua
1496 1335 1656 1366 deserere
1673 1333 1732 1379 ⁶⁸).
1795 1333 1867 1367 Hos
1894 1346 2017 1368 omnes
2043 1335 2129 1368 deos

1132 1385 1294 1429 publicos
1322 1385 1571 1430 privatosque,
1605 1385 1785 1428 Quirites,
1821 1385 1996 1419 deserturi
2023 1384 2130 1418 estis?

1133 1437 1250 1481 Quam
1276 1449 1338 1480 par
1357 1443 1511 1470 vestrum
1530 1438 1658 1470 sactum
1678 1443 1745 1477 est,
1773 1438 1868 1482 quod
1888 1438 1924 1469 in
1942 1437 2128 1470 obsidione

1133 1501 1248 1532 nuper
1272 1489 1307 1520 in
1333 1489 1474 1533 egregio
1495 1489 1716 1521 adolescente
1730 1488 1862 1529 Fabio,
1896 1501 1969 1520 nou
1987 1489 2128 1521 minore

1133 1538 1288 1573 bostium
1317 1540 1574 1581 admiratione,
1603 1552 1710 1585 quam
1737 1547 1871 1581 vestra,
1899 1546 2126 1583 conspectum

1133 1598 1205 1628 est,
1247 1604 1353 1636 quom
1390 1592 1483 1624 inter
1507 1591 1642 1624 Gallica
1676 1592 1741 1623 tela
1769 1592 1945 1635 digressus
1972 1603 2012 1624 ex
2038 1603 2130 1633 arce,

1133 1643 1292 1676 sollenne.
1321 1642 1452 1675 Fabiae
1486 1643 1599 1686 gentis
1634 1643 1669 1674 in
1704 1644 1791 1675 colle
1819 1643 1999 1688 Quirinali
2029 1643 2128 1676 obiit.

1132 1696 1188 1728 An
1224 1695 1366 1737 gentilia
1404 1708 1500 1728 sacra
1541 1707 1584 1727 ne
1631 1694 1666 1726 iu
1706 1695 1797 1726 bello
1838 1695 1981 1739 quidem
2022 1694 2129 1726 inter-

1133 1746 1245 1785 mitti,
1285 1746 1421 1789 publica
1448 1758 1546 1778 sacra
1573 1751 1605 1777 et
1631 1745 1818 1777 Romanos
1843 1747 1927 1778 deos
1956 1746 2062 1777 etiam
2093 1746 2128 1777 in

1134 1810 1218 1841 pace
1245 1798 1356 1830 deseri
1386 1798 1499 1841 placet
1512 1797 1525 1829 ἶ.)
1580 1796 1748 1829 Formam
1777 1795 1881 1830 huius
1907 1796 2044 1840 generis
2067 1808 2128 1839 per

1134 1861 1206 1882 sese
1232 1849 1528 1892 simplicissimam
1551 1848 1667 1881 licebit
1685 1846 1872 1881 rhetoricis
1890 1845 2128 1881 schematibus

1135 1912 1320 1933 exornare.
1375 1900 1468 1945 Quid
1499 1900 1591 1932 enim
1620 1899 1814 1943 simplicius
1831 1900 1944 1940 dicas,
1973 1899 2127 1944 eoquod

1134 1953 1228 1996 apud
1249 1958 1389 1995 poetam
1411 1951 1484 1985 est?

1185 2004 1229 2035 At
1249 2016 1320 2035 non
1338 2004 1393 2035 ille
1412 2010 1547 2045 satum,
1576 2017 1646 2048 quo
1672 2010 1703 2036 te
1723 2002 1902 2043 mentiris,
1930 2000 2078 2039 Achille,

1185 2055 1284 2088 Talis
1304 2055 1339 2087 in
1361 2053 1461 2088 hoste
1477 2056 1541 2088 suit
1558 2055 1704 2088 Priamo
1716 2053 1774 2097 69).

1134 2106 1348 2139 Observabit
1373 2107 1552 2140 studiosus
1578 2107 1687 2138 lector
1717 2106 1749 2136 in
1781 2105 1893 2148 poetis
1908 2103 1977 2148 70),
2011 2111 2129 2136 orato-

1135 2159 1252 2199 ribus,
1284 2156 1480 2197 historicis,
1516 2171 1620 2203 quam
1659 2159 1724 2189 late
1759 2163 1877 2199 pateat
1908 2154 1994 2187 baec
2027 2167 2129 2197 argu-

1136 2210 1318 2242 mentandi
1345 2210 1447 2242 ratio.
1495 2209 1537 2241 Et
1565 2209 1806 2252 exemplorum
1829 2207 1974 2252 quidam
1997 2207 2130 2250 praeci-

1137 2275 1226 2305 puus
1259 2267 1307 2294 est
1340 2262 1372 2293 in
1401 2261 1720 2294 consultationitms
1746 2271 1844 2298 usus,
1880 2259 1938 2291 nbi
1963 2265 2128 2290 eventum

89 2320 140 2348 est
167 2314 286 2353 albus,
321 2314 443 2347 Cicero
469 2320 518 2347 est
544 2314 661 2350 albus,
691 2314 807 2358 inepte
833 2319 1083 2358 consequetur,
1107 2304 1111 2353 l
1137 2320 1279 2346 nostrae
1296 2325 1438 2345 caussae
1455 2313 1714 2356 praesumimus
1735 2322 1774 2342 ex
1795 2310 1854 2349 iis,
1883 2321 1974 2354 quae
1993 2309 2036 2340 ab
2054 2309 2131 2342 aliis

90 2379 232 2400 omnem
261 2364 443 2399 homiuem
472 2378 544 2399 esse
566 2367 705 2406 album,
734 2366 877 2411 quando
903 2365 1081 2397 diversum

91 2425 242 2463 apparet
264 2417 299 2450 in
322 2415 571 2461 Aethiopibus.

91 2481 175 2502 nere
211 2482 317 2502 nemo
350 2469 570 2514 frequentius
597 2468 741 2501 Socrate
776 2469 867 2511 apud
896 2468 1082 2500 Platonem

92 2533 174 2554 usus
202 2527 270 2561 est,
298 2523 422 2561 credo,
452 2522 545 2565 quod
574 2521 714 2551 videbat
736 2519 895 2562 proxime
921 2520 962 2550 ad
984 2525 1085 2550 natu-

92 2573 202 2605 ralem
223 2584 363 2605 sensum
383 2574 572 2617 quadrare.
622 2571 789 2604 Pluribus
806 2571 992 2603 artiticium
1012 2569 1086 2602 eius

627 2417 700 2448 Hoc
727 2416 1000 2459 argumentandi
1028 2428 1083 2457 ge-

127 2707 176 2733 67)
197 2708 296 2730 Annut.
319 2713 423 2735 marg:
453 2705 592 2735 Quomodo
614 2703 758 2727 conveniat
778 2703 925 2727 inductioni
946 2710 1004 2727 cuni
1024 2705 1087 2734 syl-

165 2741 288 2769 logismo.

1111 2625 1115 2715 i

1112 2718 1115 2744 Ι

1138 2367 1261 2397 eodem
1284 2364 1392 2396 ferme
1413 2364 1561 2397 consilio
1580 2371 1673 2406 gesta
1694 2368 1791 2401 sunl,
1821 2367 1858 2393 ut
1875 2362 1969 2404 apud
1987 2360 2130 2391 Livium

1138 2416 1294 2460 Scipioni
1323 2415 1501 2447 llannibal
1530 2415 1595 2447 ait:
1641 2414 1746 2458 Quod
1776 2419 1811 2444 tu
1840 2424 1933 2444 nunc
1953 2424 2008 2451 es,
2038 2411 2129 2442 idem

1139 2481 1202 2510 ego
1229 2480 1324 2499 eram
1350 2467 1391 2498 ad
1417 2466 1606 2506 Trebiam,
1636 2463 1947 2508 'I‘llrasymeuuin‚
1977 2462 2129 2495 Cannas.

1141 2518 1211 2551 lam
1231 2520 1272 2550 ad
1293 2518 1535 2561 exemplorum
1557 2518 1731 2549 rationem
1750 2516 1929 2560 pertinent
1942 2520 2128 2558 poetarum

1174 2654 1220 2680 (b)
1244 2655 1340 2674 lxnuot.
1364 2657 1461 2677 :uvirgst

1175 2696 1220 2725 (3⁹)
1247 2694 1342 2723 x'11··,;it.
1366 2695 1433 2717 Aen.
1450 2694 1479 2719 tt,
1494 2694 1544 2715 51¹)
1559 2700 1602 2722 sq.

1179 2738 1225 2767 70)
1247 2739 1332 2759 ,annot
1364 2742 1466 2760 marest:
1495 2735 1639 2758 Ιίίαμίηιὶῐὶῑι

1492 2651 1631 2672 niv-annm
1653 2651 1813 2678 exemplum.
