2389 3037
79 99 157 136 469

81 188 121 221 in
135 184 301 219 curribus
320 190 355 217 et
373 183 409 216 in
431 183 553 230 equis,
578 195 645 217 nos
664 189 785 217 autem
803 183 840 216 in
857 182 1006 216 nomine
1025 181 1095 215 Dei

80 237 201 273 nostri
217 236 340 269 omnia
358 248 534 280 geremus.

189 289 389 334 Postquam
421 288 608 333 peroravit
640 285 864 332 Imperator,
908 285 1095 330 Principes

76 341 366 388 aliquantisper,
401 346 441 374 ut
464 340 521 380 fit,
558 339 727 373 collocuti
750 345 850 377 sunt;
886 345 920 372 et
942 338 1026 384 quia
1054 349 1096 370 ex

83 392 318 439 Imperatoris
363 391 529 425 oratione
570 391 822 425 intellexerant
855 402 930 424 non
964 390 1095 429 solum,

81 458 196 493 quam
222 444 463 479 necessarium
491 450 581 478 esset
610 441 679 477 hoc
703 443 859 482 bellum,
895 443 956 476 sed
985 441 1094 475 etiam

81 510 178 545 quae
204 498 325 531 futura
355 502 474 530 essent
502 496 655 536 auxilia,
698 508 778 529 cum
807 494 941 528 scirent
966 506 1002 528 se
1030 505 1096 526 nec

84 548 273 584 communi
295 548 423 588 saluti,
452 560 517 582 nec
537 548 664 583 studiis
681 547 833 580 aliarum
855 546 1016 591 gentium
1034 547 1096 579 de-

85 614 160 636 esse
196 602 346 635 debere:
389 602 477 634 dant
509 600 696 645 negotium
726 598 876 632 Alberto
906 596 1095 643 Archiepi-

85 666 195 699 scopo
213 653 454 698 Moguntino,
481 651 645 696 Principi
666 650 846 691 Electori,
881 658 920 685 ut
937 652 980 684 de
999 651 1094 684 bello

84 706 311 739 voluntatem
336 705 497 750 ipsorum
521 703 667 738 Caesari
693 710 908 748 exponeret:
953 716 989 738 se
1014 702 1093 736 Deo

83 810 141 843 ’015
159 809 274 854 Reges
299 809 514 849 constituta,
551 809 698 841 tandem
723 805 793 841 hoc
808 808 943 842 bellum
963 806 1095 852 suscipi

83 868 227 907 posset,
253 873 293 893 30
313 860 468 894 libenter
492 873 528 894 se
545 866 718 894 venturos
737 872 810 894 esse
829 859 866 892 in
884 859 1094 894 societatem

84 920 160 947 tam
193 912 342 958 gloriosi
373 919 407 946 et
431 912 483 958 pii
510 912 612 953 belli,
649 924 847 957 omnesque
874 924 959 957 opes
984 917 1019 944 et
1044 911 1095 943 vi-

83 977 141 999 res
172 977 253 999 suas
284 965 330 998 ad
355 977 585 998 communem
615 964 862 998 defensionem
887 964 1095 998 collaturos.
1121 962 1123 969 ⁴

85 1017 208 1063 Quare
233 1017 354 1050 statim
380 1017 472 1050 velle
496 1029 532 1051 se
558 1016 856 1050 deliberationem
878 1018 921 1049 de
937 1015 1095 1049 formula

83 1069 294 1109 instituere,
332 1076 366 1102 et
401 1068 489 1114 quid
523 1068 609 1113 ipsis
639 1069 844 1108 videretur,
878 1067 1097 1113 Imperatori

83 1121 268 1161 indicare,
308 1127 350 1154 ut
393 1133 502 1166 quam
539 1120 700 1165 primum
734 1121 929 1154 convenire
964 1126 1096 1164 posset.

83 1173 258 1207 Formula
291 1173 620 1217 complectebatur,
659 1179 835 1218 quantum
870 1171 1032 1218 equitum
1063 1178 1097 1204 et

84 1225 249 1271 peditum
278 1224 410 1269 singuli
426 1224 615 1269 Principes
637 1232 671 1258 et
689 1224 815 1269 populi
832 1225 974 1258 mittere
992 1224 1098 1257 debe-

85 1283 180 1311 rent.
233 1275 275 1309 In
292 1274 359 1309 hac
375 1283 479 1321 parte
495 1274 587 1309 nihil
605 1283 785 1310 mutatum
804 1283 867 1310 est.
919 1276 1013 1311 Nam
1031 1275 1098 1309 mi-

85 1329 203 1362 litiam
235 1340 346 1361 nemo
374 1329 614 1367 detrectabat;
653 1329 807 1362 libenter
837 1328 932 1362 enim
965 1327 1098 1372 singuli

86 1380 159 1416 suis
184 1379 363 1424 stipendia
389 1380 511 1413 daturi
534 1387 649 1414 erant.
704 1380 774 1414 Sed
793 1387 937 1425 praeter
954 1378 1042 1413 haec
1058 1379 1097 1412 in

85 1432 243 1467 formula
275 1439 353 1465 erat
380 1444 518 1466 novum
545 1432 672 1466 tributi
697 1444 828 1476 genus,
863 1439 902 1465 ut
926 1431 1098 1477 Episcopi

87 1491 124 1519 et
140 1484 352 1519 Sacerdotes
369 1484 578 1518 deciderent
594 1485 638 1517 de
656 1484 729 1518 suis
747 1484 922 1518 reditibus
940 1484 1098 1518 decimas

87 1537 327 1571 conferendas
363 1537 401 1569 in
435 1536 521 1570 belli
555 1543 715 1577 sumtus,
751 1536 884 1583 reliqui
911 1536 1099 1581 Principes

87 1599 289 1623 Vicesimas.

193 1638 248 1673 De
266 1638 333 1673 hac
350 1651 445 1672 nova
462 1640 590 1673 tributi
605 1640 761 1674 formula
778 1641 977 1675 sententiae
993 1640 1099 1674 Prin-

89 1693 209 1737 cipum
236 1691 440 1725 variabant.
493 1691 609 1725 Erant
633 1692 749 1733 enim,
778 1693 841 1738 qui
865 1692 1022 1726 libertati
1041 1705 1099 1725 ve-

88 1744 159 1778 teri
176 1743 418 1789 periculosam
437 1756 510 1777 esse
532 1744 724 1777 ducebant.
776 1744 846 1778 Sed
865 1757 904 1777 ea
922 1751 999 1778 erat
1014 1751 1100 1778 tunc

90 1796 238 1842 quidem
266 1796 425 1840 gravitas
451 1802 485 1828 et
510 1795 722 1841 Principum
748 1796 882 1836 virtus,
925 1803 965 1830 ut
987 1796 1100 1841 impe·
1125 1802 1127 1814 ³

90 1848 168 1882 dire
197 1847 332 1881 bellum
361 1847 512 1891 privatis
540 1848 633 1881 curis
659 1854 721 1881 aut
747 1848 932 1882 affectibus
964 1861 1100 1894 nequa-

91 1912 201 1947 quam
227 1899 423 1934 voluerint.
477 1898 602 1945 Itaque
629 1899 692 1933 etsi
720 1900 763 1932 de
790 1898 858 1933 hac
880 1900 1006 1934 tributi
1028 1901 1101 1934 for-

90 1952 189 1986 mula
208 1952 472 1993 dissenserant,
500 1958 623 1984 tamen
638 1951 757 1985 statim
776 1952 945 1986 convenit
963 1953 1033 1993 ita,
1061 1959 1102 1986 ut

89 2010 229 2038 certum
247 2016 441 2038 numerum
458 2004 619 2049 equitum
638 2010 673 2037 et
690 2004 852 2049 peditum
869 2004 1002 2050 singuli
1019 2004 1102 2038 mit-

91 2062 231 2096 terent,
259 2062 294 2089 et
316 2054 371 2090 his
387 2056 565 2100 stipendia
585 2056 767 2090 solverent
785 2057 865 2101 ipsi.

197 2106 339 2141 Deinde
364 2115 405 2141 ut
431 2107 565 2142 tributa
590 2108 721 2153 singuli
746 2109 946 2143 indicerent
969 2109 1005 2142 in
1029 2108 1102 2143 suis

92 2223 171 2244 rem
197 2211 411 2245 retulerunt.
467 2212 539 2257 Qui
569 2212 780 2248 collaudatis
804 2213 1016 2258 Principum
1042 2225 1104 2246 vo-

94 2262 310 2303 luntatibus,
339 2265 485 2296 tandem
503 2265 546 2297 de
564 2264 700 2297 tributo
719 2265 889 2306 decrevit,
917 2272 956 2299 ut
973 2265 1105 2310 singuli

97 2373 133 2401 et
148 2367 373 2400 voluntatem
395 2367 558 2402 Caesaris
574 2377 841 2413 proponerent,
870 2376 903 2403 et
920 2382 957 2403 re
973 2370 1106 2403 delibe-

98 2425 177 2452 rata
191 2446 200 2459 ,
228 2425 350 2452 tantae
376 2420 541 2464 publicae
560 2420 724 2454 utilitatis
741 2433 844 2456 causa
857 2449 865 2462 ‚
897 2422 1032 2455 tributa
1054 2422 1106 2455 in-

99 2470 275 2505 dicerent.
319 2470 365 2504 Et
383 2472 467 2518 quia
486 2478 599 2505 totam
615 2472 914 2508 deliberationem
931 2475 973 2507 de
996 2486 1106 2518 appa-

100 2527 186 2555 ratu
208 2522 292 2555 belli
318 2530 400 2557 ante
426 2524 633 2569 proximum
659 2537 723 2557 ver
742 2526 864 2570 perfici
882 2526 1017 2566 voluit,
1045 2527 1107 2559 ad-

100 2573 196 2607 didit
220 2575 423 2617 decretum,
451 2589 487 2611 se
507 2576 671 2621 proxima
692 2574 820 2622 hyeme
837 2578 874 2611 in
892 2575 1108 2623 Epiphaniis

103 2625 236 2659 iterum
275 2633 439 2662 acturum
475 2641 548 2663 esse
581 2635 819 2671 conventum,
859 2631 905 2663 ad
934 2642 1040 2676 quem
1070 2637 1110 2664 ut

104 2677 293 2722 Principes
320 2679 491 2714 afferrent
508 2681 703 2714 formulam
731 2688 765 2714 et
789 2683 938 2715 modum
957 2682 1109 2715 tributo-

106 2741 187 2763 rum
207 2731 406 2773 mandavit,
435 2745 480 2766 ne
497 2733 533 2766 in
550 2745 651 2767 mora
672 2740 787 2767 055001
803 2734 933 2768 bellum
951 2740 1109 2768 10011110.

295 94 338 132 Π.
392 94 718 130 EXHORTATIO
746 93 1059 130 MAXIMILIANI
1086 95 1151 128 AD
1180 94 1382 129 BELLUM
1412 92 1588 128 TURCIS
1615 90 1954 128 INFERENDUM.

2082 92 2155 126 470

1254 181 1318 216 His
1345 180 1431 215 actis
1455 179 1658 225 Imperator
1685 186 1903 213 conventum
1924 178 2074 212 dimittit
2092 180 2158 212 cir-

1151 234 1238 267 citer
1254 234 1383 267 festum
1399 232 1484 266 Divi
1499 230 1791 266 Bartholomaei:
1816 231 1900 265 inde
1918 231 1956 264 in
1972 231 2156 265 Austriam

1148 285 1400 330 proficiscitur.
1453 283 1625 329 Egregios
1652 291 1772 319 autem
1796 290 1946 318 conatus
1965 290 1999 317 et
2019 283 2156 328 optima

1149 338 1225 371 eius
1249 337 1397 371 consilia
1423 336 1708 371 luctuosissimus
1734 336 1802 370 toti
1820 336 2040 381 reipublicae
2060 348 2159 370 casus

1149 387 1354 423 antevertit.
1416 386 1494 433 Ipse
1523 388 1617 422 enim
1649 388 1824 423 extinctus
1853 395 1905 422 est
1932 388 2049 433 pridie
2076 387 2159 422 Idus

1149 440 1456 475 1311031135Αοοο
1478 440 1710 482 M.D.XIX.,
1745 453 1825 474 00111
1852 440 1997 487 quidem
2024 452 2158 485 paucos

1149 494 1226 528 dies
1246 492 1420 527 febricula
1449 499 1483 526 et
1507 493 1575 526 cita
1601 494 1682 526 alvo
1710 493 1920 527 laborasset.
1973 491 2079 526 Extat
2098 504 2156 536 ge-

1121 558 1122 587 ]
1149 546 1242 581 110515
1261 544 1525 586 Maximiliani,
1562 557 1672 591 quam
1697 543 1782 579 huic
1806 543 1979 579 historiae
2000 544 2159 578 inseren-

1150 600 1232 631 dam
1252 597 1356 632 duxi:
1387 599 1485 643 quod
1503 597 1649 643 quidem
1668 610 1743 631 non
1759 597 1851 630 facio
1868 609 1964 630 novo
1984 596 2159 640 exemplo.

1121 679 1122 685 ,
1149 650 1242 685 Nam
1278 656 1313 683 et
1336 647 1553 684 Plutarchus
1581 649 1731 683 Romuli
1766 649 1911 694 genesin
1945 648 2156 695 inquisitam

1120 730 1121 738 1
1149 715 1222 737 esse
1246 701 1389 742 scribit,
1418 707 1452 734 et
1468 701 1662 735 Suetonius
1688 703 1867 748 quaedam
1895 708 2158 734 commemorat

85 758 219 803 gratias
243 769 368 802 agere,
398 757 496 802 quod
523 768 610 801 pace
636 755 731 789 inter
756 753 952 789 Christiani
976 754 1095 788 nomi·
1120 751 1122 756 ⁸

1149 757 1192 789 de
1214 754 1335 799 genesi
1352 753 1517 798 Augusti.

1254 806 1323 840 Sed
1355 807 1453 852 quod
1485 805 1625 839 rariora
1656 811 1779 838 extant
1803 805 1841 838 in
1868 803 2027 839 historiis
2052 803 2159 838 huius

1149 858 1201 892 rei
1227 858 1410 903 exempla,
1438 858 1571 902 partim
1595 857 1814 902 scriptorum
1836 857 1978 891 inscitia
1998 857 2034 889 111
2053 869 2157 890 causa

1150 918 1218 949 est;
1252 911 1384 956 partim
1414 922 1456 943 00
1484 909 1634 949 accidit,
1671 910 1755 956 quia
1783 909 1839 942 vel
1863 921 1939 942 non
1965 909 2159 942 extiterunt

1150 963 1350 1008 descriptae
1374 974 1520 1006 geneses
1542 963 1724 995 clarorum
1752 961 1937 1002 virorum,
1970 961 2027 994 vel
2053 961 2159 995 amis-

1150 1028 1208 1049 sae
1237 1016 1384 1049 suerunt
1411 1021 1515 1054 tunc,
1552 1027 1631 1047 cum
1659 1026 1715 1048 res
1737 1026 1862 1047 eorum
1896 1014 2159 1047 mandarentur

1149 1067 1276 1101 literis.
1331 1066 1439 1111 Quod
1464 1066 1492 1100 si
1520 1066 1686 1111 prodigia
1707 1073 1741 1099 et
1757 1072 1897 1099 caetera
1917 1065 2038 1111 signa,
2067 1078 2159 1111 quae

1123 1139 1125 1146 ¹
1150 1119 1380 1153 nascentibus
1412 1118 1555 1162 regibus
1587 1125 1649 1152 aut
1679 1118 1946 1163 praestantibus
1970 1118 2056 1152 viris
2080 1131 2158 1150 ma—

1151 1184 1239 1216 gnas
1270 1170 1476 1211 felicitates,
1521 1177 1583 1204 aut
1614 1171 1734 1204 varios
1762 1182 1862 1204 casus
1885 1171 2159 1209 denuntiarunt,

1124 1247 1125 1256 1
1151 1223 1239 1257 boni
1271 1223 1463 1268 scriptores
1496 1222 1680 1256 recitanda
1706 1235 1781 1257 esse
1807 1223 2007 1263 duxerunt,
2044 1223 2157 1255 multo

1151 1275 1266 1321 magis
1297 1275 1466 1309 coelestes
1502 1275 1780 1320 significationes
1816 1276 2159 1309 commemorandae

1151 1335 1255 1368 sunt,
1283 1339 1375 1373 quae
1393 1327 1512 1361 minus
1527 1334 1610 1361 sunt
1627 1328 1800 1361 obscurae
1815 1327 2003 1372 prodigiis.

1255 1379 1330 1414 Nee
1355 1392 1441 1412 vero
1468 1379 1615 1419 dubito,
1655 1379 1744 1426 quin
1773 1379 1870 1412 docti
1899 1386 1933 1413 et
1962 1381 2158 1424 prudentes

1152 1444 1272 1465 meum
1299 1431 1489 1465 consilium
1515 1444 1736 1477 magnopere
1752 1431 1940 1476 probaturi
1957 1431 2047 1472 sint,
2075 1444 2159 1476 pro-

1152 1491 1276 1529 pterea
1309 1485 1427 1530 quod,
1472 1496 1564 1530 quae
1596 1483 1648 1518 vis
1677 1484 1722 1518 sit
1749 1483 2054 1528 significationum
2079 1496 2158 1517 coe-

1152 1535 1315 1577 lestium,
1351 1542 1386 1569 et
1417 1547 1508 1582 quae
1540 1536 1628 1570 fides
1660 1535 1706 1570 sit
1736 1535 1824 1570 artis
1847 1535 1961 1577 illius,
1999 1548 2092 1583 quae
2116 1538 2158 1569 de

1154 1588 1338 1622 effectibus
1369 1587 1527 1622 siderum
1551 1587 1749 1633 praecipit,
1777 1588 1935 1622 maxime
1960 1588 1997 1622 in
2028 1589 2159 1622 talibus

1153 1640 1326 1685 exemplis
1350 1640 1505 1685 perspici
1524 1647 1653 1685 potest.
1707 1640 1827 1686 Quam
1846 1642 1892 1674 ob
1913 1653 2054 1675 causam
2075 1641 2160 1675 Pto-

1152 1693 1312 1726 lemaeus
1342 1692 1440 1727 testis
1469 1699 1541 1734 est,
1581 1693 1778 1738 Aegyptios
1803 1690 1969 1727 habuisse
1994 1694 2160 1727 vetustis—

1153 1745 1242 1779 sima
1263 1744 1451 1777 volumina
1464 1771 1473 1785 ,
1500 1744 1538 1777 in
1559 1745 1689 1791 quibus
1706 1744 1948 1790 plurimorum
1967 1745 2108 1790 Regum
2127 1753 2160 1779 et

1154 1797 1309 1829 aliorum
1328 1796 1590 1840 praestantium
1608 1797 1771 1830 virorum
1787 1809 1861 1830 non
1878 1798 1994 1831 solum
2016 1810 2161 1841 geneses

1154 1848 1354 1892 descriptae
1380 1849 1545 1889 fuerunt,
1581 1850 1643 1883 sed
1665 1849 1772 1882 etiam
1799 1849 1936 1882 adiecta
1966 1849 2097 1883 iudicia
2128 1857 2161 1883 et

1154 1899 1327 1934 historiae
1343 1907 1551 1940 eventuum,
1580 1907 1619 1935 ut
1636 1901 1827 1945 posteritas
1844 1908 1981 1935 teneret
1999 1903 2161 1947 exempla

1156 1952 1452 1987 observationum
1479 1953 1698 1988 coelestium.
1750 1954 1802 1986 Ac
1819 1953 1849 1987 si
1870 1953 1924 1986 vir
1943 1954 2162 1999 sapientissi—

1156 2018 1234 2039 mus
1269 2004 1496 2050 Pomponius
1523 2005 1663 2039 Atticus
1698 2018 1716 2038 a
1745 2003 1943 2040 Plutarcho
1980 2006 2161 2045 laudatur,

1156 2058 1253 2104 quod
1271 2057 1464 2102 Astrologo
1481 2057 1634 2091 Tarutio
1654 2058 1865 2091 mandatum
1885 2058 2025 2091 dederit
2044 2058 2162 2105 inqui-

91 2159 158 2193 d‘f
215 2159 250 2192 Ἰ)
398 2160 415 2192 f
481 2160 507 2193 lt
534 2166 544 2192 ¹
693 2162 713 2194 d
931 2163 954 2195 d
975 2160 1002 2194 C
1128 2142 1129 2165 ἶ
1155 2109 1261 2143 rendi
1278 2110 1423 2154 genesin
1439 2109 1609 2151 Romuli,
1636 2122 1742 2155 spero
1759 2122 1877 2143 meam
1895 2110 1933 2143 in
1947 2108 2015 2144 hoc
2033 2123 2163 2155 genere

121 2172 131 2192 1
150 2171 226 2192 1001
254 2172 294 2193 05
313 2171 380 2204 pro
414 2172 477 2193 acu
511 2172 528 2192 a
549 2173 609 2194 um
629 2173 689 2194 mo
719 2174 752 2201 o,
775 2174 889 2208 eaque
908 2174 942 2194 a‘
1006 2173 1103 2195 aesa-

1158 2161 1382 2206 diligentiam
1401 2162 1507 2195 etiam
1527 2163 1571 2195 ad
1591 2162 1838 2207 posteritatem
1859 2169 1999 2207 gratam
2021 2163 2110 2197 fore.

1261 2213 1452 2248 Postremo
1478 2214 1589 2259 ipsius
1608 2214 1849 2248 Maximiliani
1873 2212 2006 2248 honori
2025 2213 2093 2248 hoc
2112 2221 2163 2247 ot-

1131 2306 1132 2310 *
1158 2266 1277 2299 ficium
1304 2266 1525 2307 tribuamus,
1561 2279 1667 2312 quem
1695 2266 1825 2301 scimus
1843 2264 1908 2301 has
1927 2267 2163 2311 pulcerrimas

96 2327 179 2349 cum
196 2314 234 2347 in
252 2327 334 2349 suas
352 2315 507 2349 ditiones
523 2316 716 2357 redissent,
744 2317 896 2352 subditis
913 2318 1103 2351 consilium
1131 2314 1132 2320 ¹

1159 2326 1253 2352 artes
1277 2330 1352 2351 non
1377 2318 1493 2352 solum
1514 2330 1672 2359 amasse,
1700 2320 1762 2353 sed
1780 2319 1888 2352 etiam
1910 2319 2093 2363 praeclare
2110 2319 2162 2352 in-

1159 2370 1354 2411 tellexisse,
1384 2382 1423 2402 ac
1450 2370 1623 2405 iudicasse
1648 2383 1772 2404 earum
1790 2371 2033 2415 cognitionem
2051 2373 2163 2416 inpri-

1160 2422 1227 2456 mis
1245 2423 1390 2467 dignam
1407 2422 1630 2467 principibus
1649 2423 1747 2463 viris,
1774 2429 1808 2456 et
1825 2424 1870 2456 ad
1887 2423 2019 2457 multos
2035 2423 2072 2457 in
2091 2424 2163 2456 vita

1161 2487 1262 2508 casus
1281 2475 1535 2518 gubernandos
1552 2475 1676 2508 utilem
1695 2486 1780 2509 esse.

1265 2526 1379 2560 Natus
1398 2533 1448 2559 est
1464 2526 1735 2560 Maximilianus
1752 2526 1789 2559 in
1807 2526 1909 2561 Nova
1931 2526 2074 2559 civitate
2091 2527 2163 2559 Au-

1162 2578 1269 2612 striae
1286 2577 1343 2612 XI.
1365 2577 1439 2612 Cal.
1455 2580 1543 2623 Apr.
1569 2577 1657 2612 hora
1684 2578 1788 2612 tertia
1811 2591 1829 2611 a
1858 2579 2027 2618 meridie,
2054 2580 2161 2611 Anno

1163 2628 1461 2670 M.CCCC.LIX.,
1496 2631 1635 2677 fuitque
1655 2630 1691 2663 10
1710 2628 1913 2675 11010500110
1926 2657 1934 2670 ,
1963 2642 2023 2664 seu
2043 2641 2163 2664 ascen-

1164 2684 1250 2716 dens
1262 2709 1270 2722 ,
1303 2689 1452 2728 quartus
1471 2684 1602 2728 gradus
1620 2683 1799 2727 Virginis,
1829 2683 1923 2715 unde
1949 2681 2067 2726 colligi
2083 2683 2166 2716 reli-

1165 2747 1318 2780 quarum
1336 2735 1531 2769 domorum
1552 2735 1761 2769 constitutio
1778 2734 1878 2767 facile
1896 2740 2022 2779 potest.

1664 2784 1747 2820 30*
