2389 3037
80 134 133 173 29

456 220 706 254 Articulus.

180 285 343 333 Ἄρθρον
377 287 507 320 Graeci
544 287 588 320 ab
625 283 754 334 ἅρτάω
792 287 979 326 derivant,
1023 298 1085 320 au-

81 345 160 372 tore
188 338 357 372 Manuele
383 337 645 383 Moschopulo,
687 340 783 384 quod
811 337 879 372 hoc
909 338 1085 372 orationis

80 391 243 424 membra
268 388 504 431 cohaereant,
540 391 731 424 nominum
758 403 859 425 casus
890 402 930 423 ac
952 402 1083 435 genera

80 442 385 476 internoscantur.
440 442 583 476 Minuta
602 443 778 476 sermonis
798 442 994 487 particula,
1023 442 1085 475 sed

81 505 190 540 quam
207 493 237 527 si
256 493 374 533 tollas,
392 491 484 526 nihil
504 500 640 539 aptum,
663 492 754 527 nihil
770 494 964 538 integrum,
992 491 1084 526 1111111

79 545 225 580 sonabis
253 545 392 579 decens.
471 545 521 578 Ut
552 546 647 579 enim
679 546 838 579 articulis
878 552 1084 589 vegetamus

82 596 246 642 corporis
279 597 436 637 molem,
487 597 537 630 ita
569 597 727 631 articulis
757 597 933 631 orationis
964 603 1084 642 partes

79 648 347 683 discriminatas
379 648 653 693 compingimus.
718 648 865 693 Ignorat
891 649 1084 682 articulum

79 700 231 734 omnino
261 699 412 734 Latinus
441 712 580 741 sermo,
624 712 735 746 quare
765 701 905 735 Latinis
935 701 1084 734 vocibus

81 752 186 786 reddi
205 758 268 786 aut
285 752 418 797 exponi
433 753 571 798 nequit.
625 752 717 787 Nam
738 754 835 799 quod
855 759 1084 797 grammatici

78 804 270 838 nominum
287 804 586 838 declinandorum
603 805 742 839 casibus
759 805 990 845 addiderunt,
1012 802 1083 844 hic,

77 853 186 896 haec,
227 853 316 896 hoc,
360 857 513 890 docendi
548 857 664 901 gratia
697 858 832 898 fecere,
877 869 952 890 non
985 857 1083 903 quod

79 919 198 942 sermo
215 905 367 941 Latinus
388 905 454 942 hos
478 906 628 942 haberet
656 909 837 943 articulos.
892 909 1084 943 Germani-

79 971 140 993 cus
164 970 284 993 sermo
308 956 417 993 habet
440 960 652 1001 articulum,
689 974 754 995 nec
784 960 914 995 Graeci
942 960 1084 994 articuli

78 1011 152 1044 vim
168 1016 298 1055 ,exacte
323 1012 557 1056 cognoveris,
585 1013 655 1047 nisi
681 1026 721 1046 ex
745 1013 965 1047 Germanico
992 1012 1083 1046 idio-

78 1068 187 1096 mate.
213 1061 269 1095 De
289 1075 359 1108 qua
378 1076 416 1097 re
432 1064 537 1108 plura
554 1064 768 1099 disseremus
787 1066 824 1098 in
837 1064 1084 1099 Constructio-

77 1114 203 1154 nibus,
243 1114 306 1147 ubi
331 1115 374 1148 de
399 1116 551 1149 articulo
577 1117 757 1161 copiosius
783 1129 948 1161 agemus,
986 1117 1084 1162 quod

78 1165 139 1199 vix
172 1177 190 1198 a
226 1177 411 1212 quoquam
441 1167 583 1200 videam
617 1165 711 1202 hanc
736 1168 913 1202 sermonis
941 1174 1084 1212 partem

79 1217 185 1262 digne
204 1222 408 1252 tractatam.

182 1268 362 1303 Accidunt
378 1269 530 1303 articulo
548 1282 691 1314 genera,
717 1270 973 1311 Masculinum,
994 1271 1085 1304 Foe-

80 1319 282 1360 mininum,
312 1320 503 1355 Neutrum.

181 1370 335 1405 Numeri
358 1378 450 1412 tres,
483 1372 701 1417 Singularis,
734 1373 881 1413 Dualis,
916 1373 1084 1408 Pluralis.

78 1419 202 1455 Vincit
231 1422 328 1455 enim
351 1422 523 1457 Latinum
559 1437 764 1458 sermonem
788 1424 898 1458 Duali
930 1436 1084 1458 numero

78 1472 217 1507 Graeca
236 1474 352 1519 copia.

183 1524 294 1560 Casus
312 1533 489 1572 quatuor,
517 1526 853 1573 Nominativusffi),
881 1529 1084 1570 Genstivus,

78 1575 253 1617 Dativus,
280 1578 525 1614 Accusativus.
580 1579 673 1613 lN'arn
694 1579 860 1613 Vocativi
884 1581 1004 1615 nullus
1034 1588 1085 1615 est

79 1627 269 1669 articulus,
296 1631 358 1663 sed
377 1630 452 1664 eius
468 1631 545 1664 vice
572 1631 710 1666 utimur
732 1633 905 1665 adverbio
930 1633 1085 1666 vocandi

79 1675 122 1713 α’.
172 1679 343 1714 Ablativo
362 1681 513 1716 Graecia
533 1683 571 1715 in
589 1683 799 1717 universum
818 1691 926 1718 caret.

183 1730 324 1765 Accidit
341 1739 375 1766 et
390 1734 517 1777 figura.
578 1734 670 1768 Sunt
688 1735 783 1768 enim
801 1736 980 1780 simplices
998 1735 1084 1768 arti-

81 1780 172 1822 culi,
202 1780 222 1816 ὖ
250 1780 272 1828 ἡ
300 1781 364 1828 τὸ,
398 1783 437 1823 ὂς
464 1784 486 1830 ἠ
515 1783 547 1821 ὃ.

186 1832 389 1878 Compositi
407 1833 492 1880 ὅδε,
516 1837 613 1897 quod
629 1835 739 1870 habet
757 1838 828 1869 tim
857 1839 1084 1872 demonstra-

80 1883 147 1916 tivi
160 1896 391 1928 pronomlnis
407 1887 492 1928 iste
522 1886 629 1935 iis-7159
645 1886 737 1934 ἤπερ
763 1887 873 1935 ὅπερ,
903 1890 964 1934 qui
992 1901 1083 1935 quae

81 1937 201 1980 quod,
229 1936 325 1971 idem
352 1938 467 1979 valet,
497 1942 592 1985 quod
618 1940 799 1984 simplex
790 1939 830 1980 ὃς
852 1955 874 1986 η
901 1939 941 1985 ὃ,
975 1939 1083 1985 όςτις,

81 1986 308 2034 quicunque,
356 2002 577 2036 quamquam
615 1998 649 2025 et
683 2004 788 2037 saepe
825 2005 892 2037 pro
928 1993 1083 2037 simplici

79 2046 286 2084 usurpetur.

388 2125 770 2162 Declinationem

290 2186 403 2220 oculis
421 2184 488 2220 hac
506 2188 625 2221 tabula
645 2189 873 2224 subiecimus.

579 2254 598 2291 ὁ
626 2260 695 2292 τοῦ
723 2260 778 2305 τῷ
804 2257 873 2293 τὸν
927 2258 992 2291 Hie

394 2305 503 2341 Masc.
564 2266 631 2391 ξτώ
659 2311 741 2344 τοῖν

569 2359 613 2401 ,οἱ
640 2362 719 2396 τῶν
745 2362 823 2400 τοῖς
850 2358 939 2400 τούς

75 2429 228 2465 Articuli
257 2444 360 2477 prae-
392 2458 420 2493 F
575 2409 760 2472 v‘yxrrysjfi
787 2410 857 2457 τὴν
910 2412 1008 2446 Haec

77 2482 236 2527 positivi.
424 2472 515 2494 θεῶ·
563 2428 621 2543 {U}
646 2476 733 2524 “⁰2⁶'‘
795 2515 813 2523 Ν
889 2513 896 2523 ,

567 2527 615 2552 ,αι
642 2527 719 2549 των
747 2527 828 2554 ταις
854 2528 922 2555 τας

574 2563 616 2599 τὸ
643 2568 712 2600 τοῦ
739 2568 795 2612 τῷ
823 2565 865 2600 τὸ
921 2566 998 2600 Ηο6

391 2615 518 2650 Neutr.
560 2576 626 2702 {w}
654 2617 736 2652 τοῖν

564 2666 619 2711 1’τοὶ
646 2671 724 2703 τῶν
750 2670 827 2708 τοῖς
853 2668 901 2704 τὰ

110 2759 157 2791 62)
176 2760 383 2790 Nominativns]
402 2762 452 2786 Ed.
472 2761 546 2787 1538.
566 2762 652 2786 male:
678 2761 852 2787 Nominatus.

613 131 736 168 XCIV.
792 131 1122 167 GRAMMATICA
1156 133 1353 169 GRAECA
1387 133 1618 171 INTEGRA.

1109 233 1115 306 1

1109 1884 1113 1932 1

1109 1939 1112 1971 1

1107 2161 1111 2241 1

1103 2706 1106 2763 1

1103 2780 1105 2793 Ι

2097 144 2146 178 30

1618 224 1728 364 {3³
1701 221 1746 260 οὗ
1775 239 1805 261 (υ
1835 226 1879 262 ὃν
1933 228 2061 276 Quiffl)

1448 273 1506 306 Ma
1517 287 1562 308 sc.
1633 289 1688 311 ων
1715 275 1775 312 οἷν

1634 341 1668 363 οι
1698 323 1753 364 (ὗν
1781 327 1837 369 οἷς
1864 329 1929 370 οὓς

1623 379 1658 449 ⁸⁷)
1686 380 1728 425 ᾖς
1757 381 1777 426 ἡ
1770 380 1853 427 ]ἢν
1832 381 1911 427 11⁶²)
1967 383 2070 428 Quae

1449 427 1572 461 Foem.
1635 444 1683 466 αν
1710 429 1775 467 αἷν

1621 450 1674 522 iai)
1702 496 1757 517 ων
1785 481 1844 523 αἷς
1872 484 1916 525 ἃς

1137 400 1289 433 Articuli
1325 409 1421 446 post-

1139 452 1296 497 positivi.

1635 548 1654 568 ο
1683 529 1729 569 οὗ
1757 535 1788 568 (ὑ
1815 535 1834 570 ὃ

1450 583 1576 618 Neutr.
1621 532 1666 661 {ci
1695 582 1756 621 οἷν

1636 636 1660 671 ἃ
1688 632 1743 672 (ὗν
1771 634 1826 678 οἷς
1854 637 1947 684 (32⁸⁵).

1242 694 1395 727 Articuli
1437 696 1629 739 compositi
1659 694 1722 731 ὅδε
1749 704 1783 730 et
1812 696 1919 745 ὅςπερ
1950 698 2144 733 flectuntur

1137 745 1228 779 sicut
1248 746 1448 790 simplicizm
1475 760 1551 780 non
1567 748 1714 782 mut-itis
1734 747 1776 784 δε
1794 757 1827 783 et
1843 763 1930 798 περ,
1960 758 1999 784 ut

1189 795 1253 832 ὅδε
1281 795 1394 833 τοῦδε
1421 797 1543 850 τῷδε,
1579 806 1613 833 et
1638 800 1687 833 sic

1190 846 1299 897 ὄςπερ
1326 844 1441 897 οὗπερ
1471 863 1571 899 ῳπερ
1601 857 1665 885 etc.

1190 898 1383 942 o'grchero
1401 908 1595 949 utramque
1620 904 1893 948 compositionis
1919 912 2059 950 partem
2084 907 2144 940 de-

1139 951 1259 987 clinat.
1323 953 1446 999 Quare
1476 952 1534 988 hic
1564 956 1680 989 obiter
1706 954 1763 996 τίς
1783 957 2064 998 decIInabimus,
2101 971 2142 991 eo

1139 1005 1238 1050 quod
1256 1006 1301 1039 ad
1324 1007 1517 1040 nominum
1542 1008 1697 1041 formam
1725 1020 1800 1041 non
1828 1010 2024 1043 admodum
2055 1022 2142 1056 qua-

1139 1057 1229 1090 dret.
1312 1057 1412 1091 Sicut
1446 1070 1513 1092 nec
1549 1061 1764 1094 vocabulum
1801 1061 1899 1106 quis,
1943 1062 2040 1106 apud
2073 1061 2144 1095 La-

1138 1114 1246 1142 tinos.

1247 1157 1312 1200 Τίς
1337 1173 1416 1194 curn
1444 1169 1549 1196 acuto
1574 1176 1644 1197 vox
1671 1170 1723 1198 est
1740 1164 2009 1209 interrogandi,
2038 1163 2143 1210 quis?

1139 1218 1174 1244 et
1196 1211 1398 1246 declinatur
1421 1213 1459 1246 in
1485 1212 1582 1248 hunc
1608 1217 1778 1257 modum,
1820 1228 1966 1251 servans
1997 1223 2142 1251 acutum

1139 1263 1175 1296 in
1193 1263 1315 1307 priore
1334 1264 1483 1309 syllaba.

1917 536 2025 582 Quod

1191 1323 1328 1368 Singul.
1344 1324 1533 1360 Nominat.
1640 1326 1696 1369 τίς

1349 1376 1469 1411 Genit.
1639 1379 1741 1418 τίνος

1347 1427 1432 1461 Dat.
1640 1431 1716 1467 τίνι

1350 1481 1514 1514 Accusat.
1639 1482 1739 1518 τίνα.

1215 1530 1322 1565 Dual.
1345 1530 1532 1565 Nomissat.
1640 1533 1718 1569 τίνε

1348 1582 1469 1617 Genit.
1640 1584 1762 1621 τίνοιν

1347 1634 1432 1668 Dat.
1640 1636 1762 1673 τίνοιν

1347 1687 1512 1721 Accusat.
1642 1688 1732 1724 τίνε.

1189 1738 1325 1772 Plural.
1347 1737 1534 1772 Nominat.
1641 1738 1737 1779 τίνες

1348 1790 1468 1823 Genit.
1641 1790 1757 1826 τίνων

1347 1840 1431 1875 Dat.
1638 1841 1714 1877 Τίσι

1346 1893 1511 1926 Accusat.
1639 1892 1755 1933 τίνας.

1245 1959 1310 2002 Τὶς
1326 1974 1404 1995 cum
1424 1961 1537 2006 gravi,
1563 1962 1799 2007 postpositiva
1820 1962 2009 2006 particula,
2031 1962 2138 2006 signi-

1136 2014 1217 2047 ficat
1247 2015 1415 2060 quidam,
1446 2020 1636 2060 servatque
1662 2014 1876 2047 declinando
1902 2020 2028 2048 tonum
2057 2026 2136 2058 gra-

1137 2078 1216 2098 vem
1247 2066 1285 2098 in
1312 2066 1394 2099 fine.
1450 2065 1641 2100 Caeterum
1670 2066 1786 2099 forma
1815 2065 1981 2099 flectendi
2011 2067 2135 2099 eadem

1137 2124 1206 2158 est,
1236 2130 1326 2163 quae
1343 2117 1411 2150 fuit
1428 2130 1548 2162 supra.

1188 2178 1323 2222 Singul.
1341 2177 1529 2223 Nominat.
1637 2178 1692 2219 τὶς

1345 2229 1466 2263 Genit.
1637 2229 1738 2268 τινὸς

1343 2280 1427 2314 Dat.
1636 2280 1711 2317 τινὶ

1343 2334 1508 2366 Accusat.
1635 2330 1733 2368 τινά.

1210 2384 1317 2419 Dual.
1338 2384 1524 2419 Nominat.
1633 2382 1709 2420 ῃῃὲ

1340 2436 1460 2469 Gellii.
1633 2436 1755 2471 τινοῖν

1341 2487 1425 2521 Dat.
1630 2488 1751 2522 τινοῖν

1340 2539 1504 2573 Accusat.
1632 2535 1720 2574 τινὲ.

1165 2657 1211 2689 6³)
1233 2659 1299 2689 Qui]
1319 2659 1360 2682 sie
1378 2658 1465 2683 Editt.
1486 2658 1694 2687 1522-1541.;

1164 2709 1212 2742 64)
1232 2707 1280 2740 ἣν]
1299 2711 1349 2735 Ed.
1370 2710 1445 2734 15³8.
1465 2711 1551 2734 male:
1576 2709 1614 2736 ἳν,

1165 2761 1210 2792 65)
1230 2758 1263 2791 ἃ]
1282 2762 1331 2786 Ed.
1348 2762 1423 2786 1542.
1443 2763 1531 2787 male:
1558 2758 1599 2789 ἃς.

1721 2656 1803 2681 Editt.
1823 2656 1900 2682 1542.
1921 2662 1977 2686 sqq.
2000 2654 2075 2684 Quis.
