2421 3037
278 122 355 158 327
877 118 1002 153 PHIL.

728 203 938 238 humanitus
980 210 1014 237 et
1060 201 1281 238 humaniter.

279 260 468 307 Quaedam
493 259 587 293 enim
613 257 710 290 varie
737 257 947 290 efferuntur.
1017 255 1130 300 Saepe
1160 262 1280 289 autem

280 320 315 347 et
334 312 480 345 nomina
501 321 629 355 genere
648 315 778 342 neutro
802 310 892 342 fiunt
912 308 1081 341 adverbia
1095 334 1103 348 ,
1132 313 1190 348 ut,
1227 308 1282 340 in—

279 366 357 398 fans
374 374 496 396 recens
519 367 645 401 natus,
674 367 708 394 et
725 361 879 394 Graece:
918 367 1061 393 torvum
1083 358 1282 407 clamat33).

382 413 662 459 significationis
680 413 790 447 multa
810 413 927 457 capita
952 418 1055 452 sunt,
1084 411 1184 445 cuius
1208 411 1282 444 vim

279 467 326 500 ita
345 472 440 500 recte
457 466 591 511 poterit
608 465 796 510 pervidere
814 477 916 509 puer,
943 464 972 499 si
991 463 1163 509 cogitabit
1182 463 1281 496 illam

280 518 490 552 varietatem
509 517 781 562 significationis
798 529 840 550 ex
857 516 1032 550 varietate
1048 516 1284 549 circumstan-

279 571 413 605 tiarum
429 570 467 603 in
486 569 688 603 actionibus
705 569 816 603 nasci.
871 568 964 603 Nam
981 575 1122 613 tempus
1134 595 1143 608 ,
1172 568 1284 607 locus,

280 622 483 670 quantitas,
511 621 666 667 qualitas
682 628 748 655 etc.
764 618 855 654 nihil
874 627 976 661 sunt,
1005 620 1074 654 nisi
1098 619 1282 653 actionum

280 209 351 242 rice
396 209 440 241 ab
484 208 672 246 Homero,

280 674 580 709 circumstantiae.
635 672 681 706 Et
705 673 788 719 quia
809 672 974 706 Donatus
999 672 1113 717 probe
1136 682 1284 716 percen-

279 727 350 762 suit
375 726 491 770 capita
519 725 812 770 significationis,
857 737 875 758 a
907 724 1011 759 nobis
1036 722 1127 757 nihil
1156 723 1285 757 attinet

279 778 392 823 repeti
402 777 462 822 ³⁴).

384 829 543 863 Tantum
562 826 631 862 hoc
650 829 851 862 monendos
867 827 1039 873 putabam
1059 838 1211 871 pueros,
1244 832 1286 859 ut

279 882 471 926 diligenter
487 882 679 915 observent
700 886 868 913 naturam
895 879 1063 912 localium
1094 878 1285 911 adverbio-

280 947 381 976 rum,
426 945 518 979 quae
545 933 583 965 in
610 933 711 972 loco,
755 944 848 977 quae
873 932 917 964 ad
942 931 1084 971 locum,
1125 942 1217 976 quae
1240 930 1284 963 de

280 987 359 1019 loco
378 985 589 1029 significent.
638 983 732 1018 Nam
752 996 791 1016 ea
811 984 847 1016 in
862 995 900 1017 re
918 994 1183 1028 nonnunquam
1204 994 1284 1027 pec-

281 1045 394 1072 catur.

384 1088 424 1121 In
443 1089 522 1121 loco
539 1087 760 1132 significant,
789 1085 858 1127 hic,
887 1087 972 1127 illic,
1001 1085 1091 1126 istic,
1119 1085 1181 1125 ibi,
1210 1085 1286 1126 ubi,

279 1141 503 1186 ubicunque,
530 1140 686 1185 ubique,
721 1139 858 1179 ubivis,
893 1139 1000 1179 alibi,
1034 1138 1148 1177 intus,
1183 1137 1285 1177 foris,

280 1205 409 1238 supra,
434 1192 594 1232 droben,
622 1191 738 1231 infra,
765 1191 944 1225 drunden.
997 1189 1163 1224 Tibullus
1181 1189 1242 1223 lib.
1258 1187 1284 1223 l.

281 1246 368 1289 eleg.
391 1244 449 1278 10.
479 1242 567 1291 [vss.
585 1241 634 1277 35
652 1240 745 1289 sq.]:

350 1305 410 1328 Non
430 1309 513 1334 seges
534 1305 578 1327 est
595 1303 686 1333 iufra,
713 1308 767 1326 nou
786 1302 869 1326 vinea
887 1302 980 1329 culta,
1005 1301 1055 1325 sed
1075 1301 1164 1324 audax

352 1346 511 1377 Cerberus,
539 1346 565 1369 et
585 1345 704 1376 stygiae
725 1344 821 1368 navita
840 1344 939 1374 puppis
959 1350 1055 1375 aquae.

384 1390 440 1423 Ad
455 1389 596 1429 locum,
624 1386 713 1429 huc,
740 1388 844 1429 illuc,
871 1389 982 1429 istuc,
1011 1400 1074 1428 eo,
1101 1399 1194 1433 quo,
1223 1387 1286 1420 ali-

281 1455 374 1489 quo,
411 1453 552 1487 nequo,
586 1440 712 1486 siqu0‚
748 1452 988 1486 quocunque,
1024 1440 1142 1480 intro,
1177 1439 1285 1473 foras.

280 1494 359 1528 Huc
378 1492 581 1538 pertinent,
610 1504 702 1538 quae
721 1498 755 1524 et
775 1504 898 1526 versus
922 1492 1041 1525 locum
1071 1490 1285 1535 significant,

280 1553 339 1587 ut,
382 1545 601 1584 introrsum,
644 1550 863 1584 retrorsum,
900 1556 1061 1584 sursum,
1103 1544 1287 1583 deorsum,

282 1610 477 1644 quorsum,
506 1597 731 1636 laevorsum,
759 1596 999 1629 dextrorsum.
1051 1595 1143 1629 Sunt
1165 1601 1284 1628 autem

281 1649 481 1694 composita
499 1660 516 1681 a
536 1660 679 1688 versus,
707 1649 804 1694 quod
831 1647 974 1681 videtur
999 1645 1133 1681 habere
1159 1647 1285 1680 adver-

281 1702 331 1736 bii
349 1700 660 1746 significationem.
688 1699 781 1734 Nam
799 1707 833 1733 et
850 1700 1157 1744 praepositionem
1177 1698 1284 1731 aliam

281 1753 457 1800 permittit
476 1752 617 1786 nomini
637 1751 796 1796 adiungi,
810 1758 848 1785 ut
859 1752 999 1786 Plinius
1016 1752 1077 1786 lib.
1089 1751 1123 1786 6,
1137 1751 1285 1795 cap-⁶32.

281 1806 336 1840 Ad
363 1817 525 1839 occasum
554 1816 689 1838 versus.
755 1803 801 1837 Et
827 1803 960 1838 Caesar
991 1804 1066 1838 sine
1102 1802 1286 1849 praeposi-

281 1859 398 1892 tione:
427 1857 625 1891 Massiliam
644 1868 778 1890 versus.

384 1909 438 1942 De
454 1910 554 1949 loco,
582 1906 685 1949 hinc,
716 1907 836 1948 illinc,
874 1907 1000 1949 istinc,
1039 1908 1142 1948 inde,
1178 1907 1287 1947 unde,

282 1962 467 2002 alicunde,
496 1960 663 2001 coelitus,
691 1959 870 2001 funditus,
904 1959 1099 2000 radicitus,
1133 1959 1287 1999 inferne,

281 2026 454 2059 superne,
491 2013 590 2059 quod
618 2013 745 2056 vulgus
775 2012 863 2045 dicit
894 2013 1059 2057 desuper.
1129 2011 1286 2045 Plinius:

280 2068 479 2111 Argentum
507 2065 648 2098 innatat
671 2076 847 2108 superne,
889 2064 980 2097 sicut
1012 2064 1131 2097 oleum
1157 2075 1287 2109 aquae,

281 2118 317 2152 id
341 2125 412 2159 est,
440 2118 605 2162 desuper.

386 2170 456 2204 Per
473 2170 613 2210 locum,
641 2166 727 2208 hac,
755 2167 857 2207 illac,
880 2166 988 2208 istac,
1013 2179 1146 2213 nequa,
1172 2166 1288 2212 siqua.

387 2221 484 2255 Inter
517 2221 645 2254 localia
682 2224 878 2254 numerant
915 2219 1023 2253 etiam
1066 2216 1133 2252 hos
1168 2230 1287 2252 casus:

283 2274 404 2315 domi,
432 2274 602 2315 militiae,
626 2271 748 2313 humi,
775 2271 864 2305 ruri.

388 2325 495 2367 Item,
541 2325 691 2371 propria
723 2324 872 2357 nomina
907 2324 1092 2363 locorum,
1134 2321 1288 2362 Romae,

284 2376 462 2419 Romam,
489 2378 628 2418 Roma,
650 2389 716 2411 nos
738 2377 832 2409 inter
857 2376 1006 2409 nomina
1035 2374 1288 2421 relinquimus,

285 2430 400 2475 deque
436 2429 702 2464 constructione
737 2441 862 2462 eorum
899 2440 964 2462 suo
998 2428 1078 2461 loco
1116 2427 1288 2460 dicemus.

285 2480 540 2516 Observabunt
567 2489 684 2516 autem
709 2481 831 2526 pueri,
871 2491 1136 2526 nonnunquam
1159 2477 1288 2512 localia

321 2607 369 2641 33)
389 2609 416 2631 et
436 2608 556 2632 Graece:
578 2607 690 2629 torvum
709 2605 835 2634 clamat]
856 2605 1056 2633 Editt.-1546.,
1075 2611 1097 2628 s.
1111 2609 1152 2628 a.:
1178 2605 1205 2627 et
1224 2605 1288 2627 tor-

357 2650 418 2666 vum
438 2642 527 2671 videt,
555 2647 604 2671 pro
619 2641 719 2667 torve,
745 2641 795 2664 hoc
814 2640 893 2664 modo
917 2641 1018 2664 Graeci
1043 2646 1129 2669 saepe
1147 2639 1289 2663 adiectiva

355 2680 456 2702 neutra.
474 2678 581 2701 mutant
599 2676 626 2699 in
645 2675 788 2699 adverbia.

321 2730 371 2758 ³4)
390 2736 407 2754 a
425 2729 505 2754 nobis
520 2741 547 2746 -
563 2727 676 2758 repett]
691 2726 777 2752 Editt.
794 2726 887 2757 1546„
907 2734 931 2750 s.
947 2732 987 2750 a.:
1013 2732 1068 2750 non
1089 2727 1133 2750 est
1154 2732 1223 2756 opus
1243 2725 1288 2748 hic

357 2771 391 2789 ea
409 2766 547 2795 repetere.

1031 117 1142 152 MEL.
1172 116 1379 151 SCRIPTA
1403 114 1745 152 PHLLOLOGICA.

2266 120 2342 157 328

1336 209 1479 247 tempus
1504 202 1724 247 significare,
1752 210 1811 246 ut,
1846 203 1896 238 ibi
1923 216 1990 249 pro
2018 211 2094 238 tum
2119 217 2225 251 saepe
2254 206 2343 240 acci—

1336 255 1447 300 pitur-

1440 305 1564 352 Usque
1583 312 1617 339 et
1635 307 1861 351 temporibus
1879 314 1912 341 et
1931 307 2017 341 locis
2035 309 2343 350 accommodatur,

1338 365 1372 392 et
1391 359 1538 392 additur
1558 358 1705 392 vocibus
1723 359 1810 392 alias
1837 360 1881 392 de
1905 359 2006 399 loco,
2040 359 2129 394 alias
2152 361 2197 393 ad
2222 360 2343 394 locum

1337 410 1640 455 significantibus,
1669 417 1709 443 ut
1728 410 1870 444 Cicero:
1901 410 2024 457 Usque
2045 412 2091 444 ad
2106 410 2343 446 Numantiam

1338 462 1446 497 misit.
1515 461 1563 495 Et
1586 462 1797 496 Terentius:
1842 462 1895 496 Ex
1924 461 2118 508 Aethiopia
2150 476 2264 510 usque
2294 469 2347 498 est

1338 512 1438 549 haec.
1492 513 1539 548 Et
1554 526 1621 559 pro
1638 512 1791 548 Archia:
1818 511 1906 548 Inde
1931 528 2044 561 usque
2068 527 2087 548 a
2113 515 2232 560 prima
2260 527 2347 560 pue-

1339 566 1420 599 ritia
1442 573 1620 611 repetens.

1442 617 1525 653 Non
1563 617 1765 652 adsciscunt
1800 617 1992 651 nominum
2027 630 2128 652 casus
2161 618 2346 660 adverbia,

1339 670 1493 716 ideoque
1512 670 1733 715 scripserunt
1754 675 1891 703 veteres
1909 669 2168 712 Grammatici,
2195 671 2348 716 degene-

1338 734 1420 756 rare
1446 722 1484 754 in
1509 722 1798 767 praepositiones
1821 722 1992 755 adverbia
2017 734 2137 756 casum
2168 722 2346 768 recipien-

1339 773 1403 814 tia,
1430 780 1470 806 ut
1484 773 1615 818 pridie,
1639 775 1736 819 quod
1752 774 1912 818 priorem
1933 774 2028 808 diem
2046 774 2235 823 significat,
2259 774 2348 810 alias

1339 824 1537 870 genitivum
1551 852 1560 865 ,
1589 825 1678 859 alias
1696 826 1938 859 accusativum
1960 826 2144 868 adsciscit,
2171 832 2211 860 ut
2221 826 2347 861 Cicero

1340 878 1384 910 ad
1412 876 1625 911 Lentulum:
1668 877 1791 910 Pridie
1816 877 1891 911 eius
1916 878 1987 911 diei
2008 879 2244 923 fregeramus.
2301 878 2349 912 Et

1339 929 1456 974 pridie
1474 942 1590 963 nonas
1609 928 1730 963 Iunias
1743 956 1752 970 ‚
1780 930 1825 962 ad
1844 929 2003 974 Appium
2018 957 2026 969 ‚
2055 937 2089 964 et
2106 931 2151 963 ad
2167 930 2347 964 Atticum:

1339 981 1462 1015 Pridie
1481 981 1702 1026 compitalia.
1756 980 1939 1014 Postridie
1957 988 2008 1016 est
2024 989 2171 1027 postero
2189 982 2266 1023 die,
2291 994 2349 1027 ge-

1339 1033 1493 1067 nitivum
1513 1040 1547 1066 et
1567 1033 1809 1067 accusativum
1829 1033 2004 1068 adsciscit.

1734 1109 1957 1154 Figura.

1445 1170 1624 1214 Simplex,
1661 1177 1701 1204 ut
1725 1171 1936 1215 prudenter.

1444 1222 1676 1266 Composita,
1712 1229 1751 1256 ut
1780 1222 1953 1256 interdiu.

1445 1273 1701 1318 Decomposita
1717 1300 1726 1315 ,
1761 1280 1801 1307 ut
1824 1274 2089 1318 imprudenter.

1688 1349 2002 1395 Gomparatio.

1445 1410 1626 1445 Adverbia
1647 1417 1725 1444 orta
1746 1422 1765 1443 a
1789 1410 2001 1445 nominibus
2027 1410 2233 1451 adiectivis‚
2269 1409 2350 1443 imi-

1341 1469 1465 1497 tantur
1484 1462 1675 1496 nominum
1696 1462 2027 1520 comparationem,
2056 1468 2090 1496 et
2109 1461 2290 1507 recipiunt
2312 1461 2351 1495 in

1342 1514 1609 1548 constructione
1647 1526 1748 1548 casus
1784 1513 2025 1559 comparativi
2059 1520 2094 1548 et
2127 1513 2351 1559 superlativi,

1340 1567 1484 1600 fortiter
1500 1566 1628 1600 fortius
1647 1566 1855 1601 fortissime.
1918 1566 1976 1599 Sic
2000 1572 2035 1599 et
2053 1567 2242 1624 quaedam
2267 1565 2350 1606 alia,

1340 1631 1416 1652 non
1432 1625 1516 1652 nata
1535 1631 1553 1651 a
1572 1619 1803 1659 nominibus,
1830 1630 1936 1663 saepe
1962 1617 2106 1663 saepius
2130 1616 2350 1663 saepissime.

1340 1671 1466 1716 Nuper
1484 1670 1715 1716 nuperrime,
1744 1670 1820 1704 sine
1839 1670 2101 1715 comparativo.

1593 1754 1659 1789 DE
1696 1753 2102 1790 PRAEPOSITIONE.

1445 1824 1746 1870 Praepositio
1783 1830 1836 1858 est
1863 1824 2130 1868 propemodum
2167 1821 2351 1862 articulus,

1342 1878 1453 1911 verbo
1470 1889 1606 1910 nomen
1625 1876 1843 1920 adiungens,
1870 1877 1969 1921 quod
1989 1875 2147 1920 aliquam
2172 1873 2258 1906 facti
2281 1872 2349 1906 cir-

1342 1929 1595 1964 cumstantiam
1620 1928 1816 1973 significat,
1844 1934 1904 1967 ut,
1934 1927 2017 1961 Non
2036 1928 2143 1960 datur
2166 1927 2212 1958 ad
2229 1925 2351 1959 Musas

1341 1994 1486 2015 currere
1509 1981 1580 2014 lata
1605 1981 1675 2014 via.
1737 1979 1829 2014 Nam
1850 1978 1974 2013 Musas
1995 1991 2069 2011 non
2096 1983 2241 2023 poterat
2266 1976 2351 2010 addi

1342 2034 1453 2067 verbo
1480 2044 1645 2073 currere,
1684 2031 1753 2065 nisi
1778 2030 2022 2076 praepositio,
2072 2031 2138 2071 ad,
2174 2035 2348 2076 tanquam

1343 2086 1534 2125 articulus,
1563 2084 1834 2127 adiungeretur.
2175 2094 2177 2096 ·

1751 2159 1937 2193 Accidit

1446 2219 1717 2265 Praepositioni
1751 2218 2002 2260 Constructio,
2049 2229 2163 2264 eaque
2195 2217 2269 2250 fere
2307 2228 2349 2250 ex

1343 2273 1490 2307 Donato
1518 2272 1685 2317 cognosci
1713 2278 1852 2316 potest,
1898 2272 1960 2305 sed
1988 2276 2040 2304 est
2072 2270 2163 2303 mira
2195 2267 2349 2302 varietas

1344 2324 1614 2371 significationis
1633 2324 1741 2357 etiam
1758 2324 1795 2357 in
1813 2324 1939 2357 iisdem
1963 2322 2122 2363 casibus,
2150 2333 2259 2367 quam
2282 2332 2349 2354 nos

1343 2378 1475 2422 regulis
1502 2376 1692 2420 complecti
1717 2387 1792 2408 non
1817 2387 2030 2420 possumus,
2061 2386 2128 2408 usu
2149 2371 2291 2417 legendi
2314 2377 2349 2405 et

1343 2429 1523 2464 scribendi
1541 2428 1709 2462 discenda
1729 2434 1801 2468 est,
1828 2434 1887 2468 ut,
1916 2427 2013 2461 aliud
2030 2425 2205 2470 significat
2223 2435 2348 2458 secun-

1343 2483 1427 2516 dum
1441 2509 1451 2523 ,
1474 2494 1554 2515 cum
1573 2480 1674 2521 dico,
1696 2481 1892 2514 secundum
1912 2491 2034 2513 aurem
2053 2477 2183 2511 vulnus
2201 2474 2348 2520 accepit,

1344 2533 1441 2568 aliud
1458 2534 1555 2578 apud
1571 2532 1785 2566 Suetonium
1805 2532 1842 2564 in
1858 2531 2021 2588 Augusto
2039 2528 2091 2578 [c.
2105 2526 2199 2577 94.]:
2225 2527 2346 2573 Ipsum

1344 2598 1439 2627 esse,
1467 2585 1568 2619 cuius
1591 2584 1712 2629 imago
1739 2584 1934 2618 secundum
1960 2581 2117 2628 quietem
2134 2581 2202 2615 sibi
2220 2581 2347 2614 obver-

1343 2644 1417 2673 sata
1436 2637 1492 2671 sit.
1548 2636 1654 2671 Aliud
1680 2636 1718 2669 in
1745 2635 1895 2669 Claudio
1922 2631 2092 2683 [c.15.:]
2129 2631 2346 2668 Absentibus

1343 2690 1538 2725 secundum
1557 2695 1762 2734 praesentes
1778 2687 1947 2721 facillime
1966 2687 2087 2720 dabat.
2122 2684 2215 2719 Eam
2231 2682 2343 2718 varie-

1343 2748 1452 2776 tatem
1472 2754 1556 2776 usus
1575 2740 1729 2775 docebit.
