2389 3037
88 106 165 144 537

194 192 353 228 LXVIII.
391 192 482 228 Cum
504 193 595 226 facta
625 198 715 226 esset
739 204 858 237 pugna
877 191 1103 231 Sclavonica,

90 247 196 281 multi
229 248 363 280 virtute
395 251 620 292 praestantes
651 244 721 277 viri
757 244 807 278 ibi
844 245 1103 283 occubuerunt,

90 300 196 334 multi
227 312 247 333 a
272 299 401 333 Turcis
434 298 530 343 capti
559 304 594 331 et
629 296 667 330 in
698 297 909 331 servitutem
945 294 1102 329 abducti.

90 352 159 386 Hie
185 353 281 385 iuter
304 351 394 385 alios
419 357 543 395 captus
566 349 699 384 nobilis
719 351 762 383 de
780 349 993 393 Steinborg,
1021 360 1101 381 cum

92 411 183 439 esset
204 404 369 438 venditus
386 415 520 447 magno
539 403 683 436 cuidam
702 402 852 436 domino
870 399 1103 446 negotiatori,

92 456 156 503 qui
180 455 337 490 habebat
360 455 514 495 liberos,
556 455 673 500 pinxit
697 455 780 489 filiis
806 455 928 488 literas
957 464 1104 497 graecas

91 515 127 544 et
143 509 287 543 latinas.
341 506 432 541 Erat
458 507 553 541 enim
580 505 692 541 homo
717 509 843 541 doctus
867 512 901 540 et
926 504 1103 539 mediocri

92 561 300 606 cognitione
321 572 473 605 graecae
498 567 532 594 et
556 560 690 594 latinae
722 559 866 604 linguae
895 558 1103 592 instructus.

90 614 277 649 Mercator
293 613 421 648 videns
440 610 529 654 hoc,
559 613 696 646 accedit
720 612 856 657 ipsum:
894 610 1005 645 Visne
1033 608 1105 655 (in-

92 667 189 715 quit)
206 679 307 701 meos
330 666 423 700 filios
445 664 600 700 docere?
653 666 848 699 Annuente
866 663 1000 698 nobili:
1029 662 1105 697 Do-

93 732 155 754 ceo
179 732 261 761 eos,
288 719 359 760 ait,
395 730 561 763 graecam
584 717 767 762 linguam,
805 723 840 750 et
863 717 1021 761 adiungo
1046 727 1106 749 ro-

92 785 254 807 manam.
331 771 485 817 Quaerit
518 776 639 804 autem
676 769 810 804 nobilis
848 781 891 803 ex
935 767 1105 802 domino:

93 823 306 872 Quamdiu?
350 823 573 869 Respondit:
610 822 683 856 Per
705 821 956 868 septennium,
996 820 1026 855 si
1048 818 1107 854 hic

92 878 192 923 apud
209 889 269 911 me
294 875 518 910 commorari
541 875 660 916 voles,
696 875 791 909 dabo
814 874 880 908 tibi
904 886 981 907 rem
1002 872 1108 906 fami-

91 930 239 969 liarem3
274 929 330 964 sin
349 929 490 970 minus,
524 927 698 962 viaticum
720 928 836 968 dabo,
869 932 909 960 ut
935 932 1013 960 tuto
1038 924 1108 959 Ve-

92 983 210 1017 netias
228 981 439 1027 pervenias,
467 988 503 1015 et
521 981 571 1015 sic
593 980 786 1014 incolumis
803 980 848 1013 ad
867 986 960 1013 tuos.
1013 978 1108 1012 Scri-

93 1036 167 1082 psit
182 1041 308 1080 postea
327 1035 373 1068 ad
396 1046 480 1068 suos
497 1039 670 1078 cognatos
693 1039 728 1066 et
748 1031 860 1072 filios,
886 1042 1108 1065 commemo-

94 1088 201 1122 rabat
216 1087 304 1132 ipsis
325 1087 523 1121 secundum
543 1097 664 1119 casum
683 1091 718 1118 et
735 1086 921 1119 fortunam
934 1111 943 1124 ,
971 1090 1006 1117 et
1023 1081 1109 1117 hor-

94 1141 241 1174 tabatur
256 1151 340 1173 suos
357 1139 470 1180 filios,
498 1144 538 1172 ut
555 1150 592 1172 se
610 1137 757 1183 optimis
776 1137 914 1171 artibus
937 1143 972 1169 et
995 1136 1108 1170 scien-

94 1193 154 1228 tiis
176 1192 419 1232 instruerent,
446 1197 486 1225 ut
510 1190 692 1235 praesidia
718 1191 763 1223 ad
791 1202 916 1223 omnes
937 1189 1108 1222 fortunae

95 1257 199 1280 casus
218 1250 347 1288 parata
366 1242 557 1277 haberent.

199 1294 324 1330 LXIX.
349 1295 565 1331 Numidicus
582 1299 752 1339 nugator,
769 1294 831 1340 qui
849 1305 947 1327 anno
962 1291 1024 1328 45.
1034 1305 1107 1327 una

95 1362 178 1384 cum
204 1347 358 1382 Caesare
373 1347 629 1392 VVitebergam
655 1346 841 1380 obsidente
870 1353 968 1388 erat,
996 1346 1108 1380 excel-

93 1401 185 1436 lenti
206 1401 321 1434 fertur
336 1400 444 1434 fuisse
465 1399 633 1444 ingenio,
662 1405 695 1432 et
713 1398 880 1445 quamvis
903 1404 1108 1433 monstrum

96 1460 194 1495 erat,
236 1459 360 1487 tamen
392 1451 523 1486 dixisse
548 1452 663 1485 fertur
692 1464 728 1485 se
751 1464 827 1485 non
852 1451 945 1485 affici
968 1450 1109 1484 maiore

96 1507 223 1541 dolore
243 1505 375 1540 amisso
392 1517 504 1549 regno
517 1531 526 1545 ,
554 1515 664 1550 quam
684 1503 813 1538 amissa
833 1500 1067 1538 bibliotheca.

201 1556 311 1592 LXX.
353 1557 580 1602 Noribergae
607 1556 756 1602 quidam
783 1556 870 1590 artis
894 1555 1110 1590 conficiendi

95 1610 318 1646 bombardas
353 1610 519 1655 peritus,
566 1608 949 1655 ingeniosissimusque
983 1606 1110 1649 homo,

96 1664 160 1699 sed
183 1663 279 1696 male
302 1661 519 1708 tractans34)
542 1667 717 1701 matrem,
745 1674 826 1695 cum
845 1661 986 1695 fecisset
1006 1662 1110 1694 bom-

95 1716 251 1750 bardam
275 1727 430 1755 novam,
466 1713 583 1747 voluit
602 1725 681 1746 eam
707 1713 863 1757 experiri
885 1713 1004 1748 infuso
1031 1713 1111 1757 pul-

97 1780 182 1802 vere
214 1766 475 1807 bombardico,
521 1777 628 1811 quem
663 1765 837 1798 eiaculata
867 1771 938 1806 est,
987 1765 1109 1799 statim

97 1832 223 1855 rursus
256 1819 391 1853 infudit
424 1818 611 1863 pulverem
645 1817 936 1851 bombardicum.
1000 1816 1111 1851 Bom-

98 1873 212 1908 barda
230 1869 347 1906 adhuc
363 1870 478 1905 calida
499 1883 579 1904 cum
597 1869 716 1915 pulvis
732 1877 822 1904 esset
838 1870 1016 1911 incensus,
1044 1870 1112 1903 tol-

98 1925 142 1959 lit
155 1925 370 1970 magistrum
396 1923 435 1956 in
459 1923 591 1963 altum,
621 1928 656 1956 et
679 1922 728 1956 sic
750 1922 938 1961 interficit,
967 1929 1002 1956 et
1023 1920 1112 1956 haec

98 1978 168 2013 suit
184 1989 303 2022 poena
320 1976 385 2010 filii
402 1975 535 2021 ingrati
553 1987 635 2019 erga
657 1982 825 2010 matrem.

205 2027 328 2064 LXXI.
369 2029 528 2075 Quando
553 2027 705 2062 Carolus
728 2028 799 2061 iam
824 2028 1027 2072 imperator
1052 2028 1113 2060 de-

100 2082 262 2128 signatus
280 2081 520 2126 Antverpiam
538 2081 697 2125 primum
718 2087 808 2115 esset
831 2081 1034 2125 ingressus,
1062 2080 1111 2113 ibi

99 2135 382 2180 Antverpienses
405 2146 470 2168 suo
497 2145 600 2166 more
625 2134 827 2178 spectacula
857 2133 1036 2173 fecerant,
1079 2139 1115 2166 et

102 2187 208 2221 certis
230 2187 318 2221 locis
343 2187 611 2220 collocaverant
637 2186 754 2220 nudas
777 2185 956 2231 virgines,
994 2185 1043 2218 ita
1074 2192 1114 2219 ut

100 2240 404 2285 praetenderetur
432 2239 551 2272 velum
575 2237 741 2272 sericum.
811 2238 911 2272 Dixit
936 2236 1025 2271 mihi
1052 2237 1113 2271 Al-

100 2293 225 2326 bertus
253 2291 438 2326 Durerus:
480 2290 558 2335 Ego
585 2290 776 2334 diligenter
809 2291 905 2324 ibam
936 2297 1113 2337 tanquam

101 2345 221 2390 pictor
239 2345 525 2390 contemplatum
542 2343 602 2376 illa
621 2355 774 2388 corpora
787 2371 796 2384 ,
825 2343 1114 2384 considerabam,

104 2409 151 2430 an
175 2395 381 2442 Imperator
411 2396 616 2430 deflecteret
648 2396 790 2434 oculos;
833 2397 894 2430 sed
925 2409 1113 2444 nunquam

104 2449 261 2485 deflexit.

208 2500 348 2536 LXXII.
391 2500 474 2535 Dux
507 2500 687 2535 Saxoniac
724 2499 930 2535 Fri(lericus
966 2502 1114 2548 quando

105 2553 216 2588 sensit
234 2567 270 2588 se
294 2554 398 2588 valde
418 2560 642 2587 commotum
669 2565 763 2593 esse,
792 2553 971 2598 ingressus
999 2562 1051 2589 est
1078 2555 1116 2588 in

105 2618 209 2640 suum
229 2605 452 2647 cubiculum,
480 2613 513 2640 et
532 2618 606 2640 non
631 2618 790 2650 egressus
812 2612 881 2646 est,
917 2607 1032 2641 donec
1056 2608 1115 2640 ille

104 2665 226 2692 motus
244 2659 395 2699 resedit,
422 2671 487 2693 nec
505 2671 726 2705 quemquam
746 2658 788 2690 ad
807 2670 841 2692 se
860 2659 1017 2694 admisit.

142 2776 190 2809 34)
211 2776 351 2809 tractans]
372 2778 455 2802 Cod.:
483 2779 632 2802 tractasset

271 104 316 141 V.
371 103 634 140 HISTORIAE
663 102 910 150 QUAEDAM
939 101 1219 137 RECITATAE
1247 101 1401 138 INTER
1428 100 1666 136 PUBLICAS
1694 99 1979 136 LECTIOINES.

1144 2755 1148 2789 l

2092 98 2168 137 558

1262 188 1418 225 LXXIII.
1458 189 1732 224 Maximilianus
1764 187 1969 234 Imperator
2001 189 2171 222 modera-

1157 242 1315 278 tissimus
1342 244 1379 276 in
1405 243 1574 276 omnibus
1599 242 1819 283 actionibus,
1854 241 1922 275 suit
1946 247 2075 274 natura
2101 241 2172 273 ira-

1158 296 1328 335 cundior,
1357 296 1418 329 sed
1435 295 1588 339 diligens
1608 295 1645 327 in
1661 295 1891 339 reprimenda
1912 293 1978 328 ira.
2013 293 2170 339 Quando

1158 347 1191 381 ei
1222 347 1430 389 nuntiatum
1460 347 1527 381 fuit
1553 346 1666 380 filium
1692 353 1901 391 aegrotare,
1939 345 2039 379 venit
2067 352 2172 391 posta

1158 399 1231 434 iam
1248 398 1337 433 haec
1358 399 1429 432 iam
1448 399 1524 439 illa,
1553 411 1625 433 una
1644 399 1791 432 nuntiat
1807 411 1887 432 eum
1908 398 2173 439 convalescere,

1158 453 1271 486 altera
1291 465 1372 486 eum
1393 452 1551 485 deterius
1575 449 1730 491 habere,
1761 452 1907 484 tandem
1934 450 2051 491 venit,
2080 462 2173 496 quae

1158 504 1275 550 ipsum
1302 511 1490 538 mortuum
1524 516 1597 538 esse
1630 503 1731 538 dixit.
1799 501 1878 547 Ipse
1905 502 2174 547 Salspurgensis

1158 558 1324 592 narravit
1343 555 1432 590 mihi
1451 554 1646 601 Philippo,
1673 555 1735 602 qui
1759 555 1827 589 fuit
1853 555 2070 600 praecipuus
2098 555 2174 589 eius

1160 610 1406 645 consiliarius:
1443 609 1641 656 Quomodo
1667 614 1757 642 esset
1783 607 2072 648 conveniendus,
2107 619 2175 641 nos

1161 663 1471 701 deliberabamus;
1500 662 1648 695 tandem
1665 661 1970 694 concludebamus
1986 672 2066 701 nos,
2095 660 2175 693 bre—

1160 715 1305 750 vissime
1317 743 1326 756 ,
1355 715 1429 748 imo
1447 727 1520 748 uno
1536 714 1648 748 verbo
1665 713 1890 747 indicaturos
1907 725 1980 747 esse
1997 711 2060 745 filii
2077 723 2176 745 mor-

1161 775 1247 803 tem.
1316 767 1366 801 Ut
1394 766 1546 812 ingressi
1577 772 1680 807 sunt,
1724 766 1867 810 collegit
1891 765 1966 809 ipse
1995 777 2038 798 ex
2063 763 2176 798 oculis

1163 834 1245 855 eum
1272 833 1346 855 esse
1371 826 1578 860 mortuum,
1613 825 1649 852 et
1673 817 1781 852 dixit:
1820 819 1868 855 &t
1893 816 1930 860 ist
1956 818 2041 853 301).
2104 817 2177 850 Re-

1162 874 1309 919 spondit
1337 871 1624 918 Salspurgensis:
1671 871 1725 912 Sa
1754 872 1926 917 genebiget
1952 870 2027 915 bert·
2057 868 2177 913 fcnfcr'

1162 931 1217 964 bet·
1234 926 1416 972 Qstmedytig
1433 931 1491 972 got
1509 924 1561 968 fet)
1583 923 1685 967 feinet
1709 923 1811 967 stelen
1835 923 1981 970 genebig.
2034 922 2178 955 Deinde

1164 980 1297 1014 Caesar
1331 985 1408 1012 toto
1444 978 1567 1011 trIduo
1601 977 1736 1011 mansit
1768 977 1805 1009 in
1829 976 2016 1015 cubiculo,
2057 986 2176 1020 neque

1164 1032 1342 1072 comedit,
1370 1043 1489 1077 neque
1506 1029 1618 1070 bibit,
1646 1041 1790 1074 semper
1806 1034 1974 1074 precatus
1992 1034 2054 1061 est.
2109 1026 2178 1059 Ac-

1164 1085 1268 1120 cessit
1293 1085 1338 1118 ad
1365 1083 1569 1118 cubiculum
1596 1083 1700 1126 Runf}
1725 1091 1791 1118 non
1817 1084 1871 1117 bet
1890 1079 2023 1124 {Roseus
2053 1091 2176 1114 scurra

1164 1138 1334 1184 quidam,
1364 1136 1522 1183 quicum
1550 1147 1592 1168 eo
1616 1135 1683 1169 suit
1710 1134 1747 1167 in
1777 1146 1938 1173 carcere,
1968 1139 2002 1166 et
2019 1131 2178 1176 compel-

1163 1191 1252 1224 lavit
1278 1202 1358 1223 eum
1384 1189 1524 1223 dicens:
1560 1186 1721 1221 Domine
1734 1186 1781 1233 35)
1807 1185 2013 1231 Imperator
2038 1184 2179 1229 aperia-

1163 1243 1219 1277 tis.
1288 1241 1492 1286 Respondit
1517 1239 1739 1285 Imperator:
1781 1237 1873 1283 &ebe
1906 1239 2038 1283 binmeg
2062 1237 2179 1281 Rnnfgl

1165 1299 1199 1331 eg
1214 1294 1253 1338 ist
1269 1296 1371 1340 ifssunb
1390 1295 1459 1331 {ein
1477 1294 1561 1335 Sett.
1615 1293 1746 1326 Postea
1766 1289 1824 1325 hic
1843 1291 1932 1324 dixit
1949 1291 1993 1323 ad
2012 1289 2179 1323 consilia-

1163 1348 1255 1382 rios:
1293 1348 1480 1387 Omittite,
1507 1343 1608 1379 nihil‘
1624 1350 1772 1378 tentate.
1827 1342 1954 1376 Tertio
1979 1342 2036 1375 die
2062 1353 2180 1386 egres-

1164 1413 1223 1435 sus
1249 1407 1301 1434 est
1326 1406 1360 1434 et
1383 1399 1486 1434 iussit
1507 1398 1575 1432 sibi
1598 1396 1771 1442 apparari
1794 1408 1944 1429 coenam
1976 1395 2113 1428 lautam
2144 1399 2180 1427 et

1165 1452 1390 1498 comportari
1415 1450 1588 1498 quicquid
1613 1447 1772 1483 habebat
1797 1447 2020 1482 musicorum
2046 1445 2180 1480 instru-

1164 1511 1394 1546 mentorum,
1440 1501 1607 1537 adhibuit
1637 1502 1779 1547 aliquos
1811 1513 1853 1534 ex
1884 1498 2109 1545 principibus
2145 1505 2180 1532 et

1165 1557 1399 1598 consiliariis,
1443 1568 1599 1603 quorum
1630 1553 1892 1588 consuetudine
1920 1552 2180 1591 delectabatur,

1165 1616 1200 1644 et
1217 1623 1298 1644 cum
1318 1609 1387 1644 illis
1405 1610 1546 1643 locutus
1562 1614 1614 1642 est
1632 1608 1676 1640 de
1697 1607 1803 1640 rebus
1827 1605 1988 1651 magnis,
2015 1605 2075 1639 sed
2100 1604 2180 1638 nul-

1164 1664 1237 1697 lam
1258 1662 1426 1708 praebuit
1443 1662 1560 1695 luctus
1578 1659 1893 1705 significationem.

1270 1730 1444 1766 LXXlIll.
1498 1730 1670 1764 Scribunt
1707 1729 1751 1761 de
1785 1727 1973 1761 Friderico
2008 1725 2178 1761 Palati‘no

1166 1784 1375 1825 victorioso,
1401 1783 1462 1830 qui
1480 1783 1548 1817 fuit
1566 1795 1653 1816 avus
1672 1780 1776 1814 Lucii
1795 1779 1989 1825 Principis,
2017 1779 2080 1825 qui
2099 1791 2180 1812 cum

1166 1837 1309 1872 vicisset
1344 1844 1414 1870 tres
1451 1835 1633 1880 principes
1669 1833 1891 1879 Episcopum
1925 1829 2180 1866 Marchionem

1165 1890 1382 1929 Badensem,
1395 1888 1708 1931 XYirtebergicum
1728 1892 1762 1919 et
1772 1885 1987 1926 Metensem‚
2016 1891 2051 1918 et
2067 1885 2181 1917 intro-

1167 1944 1326 1977 duxisset
1361 1954 1422 1976 eos
1455 1942 1492 1974 in
1531 1953 1649 1974 arcem
1683 1939 1966 1983 Heidelbergae,
2011 1936 2182 1970 tractavit

1166 1996 1247 2030 illos
1264 1996 1409 2042 quidem
1428 1992 1656 2033 humaniter,
1684 1992 1745 2026 sed
1762 1991 1798 2024 in
1816 1990 1932 2036 prima
1952 1989 2009 2023 die
2028 2001 2103 2022 non
2122 1989 2182 2021 ‹le-

1168 2049 1221 2082 dit
1240 2048 1289 2083 eis
1308 2060 1452 2093 panem.
1507 2045 1794 2092 Quaesiverunt,
1824 2055 1887 2077 cur
1910 2042 1958 2076 eis
1976 2054 2051 2075 non
2077 2042 2182 2074 dare-

1168 2108 1227 2135 tur
1243 2101 1366 2147 panis;
1395 2098 1498 2133 iussit
1521 2099 1570 2133 eis
1592 2095 1824 2142 responderi:
1861 2094 1984 2129 secisse
2012 2107 2072 2128 eos
2097 2105 2181 2126 con-

1168 2161 1223 2188 tra
1247 2152 1548 2188 consuetudinem
1574 2151 1757 2184 bonorum
1784 2149 1936 2187 ducum,
1974 2147 2035 2192 qui
2059 2158 2182 2191 parce-

1168 2213 1251 2240 rent
1273 2206 1471 2250 segetibus,
1513 2204 1610 2249 ipsos
1634 2214 1721 2235 vero
1749 2207 1905 2235 vastasse
1931 2200 2039 2233 vittas
2065 2211 2106 2231 ac
2130 2198 2181 2230 vi-

1168 2272 1266 2293 neas.
1319 2258 1450 2292 Postea
1470 2256 1569 2290 venit
1585 2253 1764 2300 Spirensis
1780 2253 2002 2298 Episcopus,
2031 2251 2093 2297 qui
2115 2250 2182 2284 cir-

1170 2312 1404 2346 cumdederat
1421 2310 1551 2344 collum
1569 2309 1721 2353 laqueo,
1750 2313 1785 2340 et
1801 2305 1947 2339 accessit
1966 2303 2115 2349 supplex
2137 2303 2181 2336 ad

1170 2364 1370 2410 principem
1386 2390 1395 2404 ,
1424 2375 1459 2398 se
1479 2374 1559 2396 reos
1577 2373 1650 2395 esse
1669 2366 1703 2393 et
1721 2357 1909 2404 deprecari
1931 2357 2079 2391 crimen.

1274 2442 1416 2476 LXXV.
1453 2436 1930 2475 HeinricusBrunsuicensis
1948 2449 2028 2470 cum
2046 2435 2181 2469 bellum

1170 2503 1309 2542 gereret
1335 2496 1371 2529 in
1399 2494 1521 2534 Italia,
1564 2491 1718 2526 vastavit
1743 2502 1888 2537 quoque
1912 2501 2036 2533 agros,
2079 2487 2182 2520 villas

1171 2557 1205 2584 et
1230 2556 1375 2595 segetes.
1431 2546 1583 2591 Scripsit
1604 2545 1649 2578 ad
1678 2557 1758 2577 eum
1787 2543 1869 2583 ,Νη
1904 2541 1940 2576 Si
1966 2541 2103 2575 nullam
2135 2539 2180 2572 oh

1172 2603 1280 2636 aliam
1300 2614 1444 2636 causam
1463 2599 1569 2633 vellet
1586 2609 1734 2643 parcere
1753 2595 1951 2641 segetibus,
1978 2599 2018 2627 ut
2039 2603 2123 2626 suae
2144 2591 2181 2623 id

1171 2656 1304 2690 faceret
1320 2653 1485 2688 utilitatis
1504 2664 1607 2685 causa
1621 2678 1630 2691 ,
1658 2657 1698 2683 ut
1715 2655 1838 2694 postea
1858 2651 2100 2681 commeatum
2118 2641 2181 2677 ha-

1209 2776 1256 2809 35)
1276 2776 1408 2805 Domine]
1429 2774 1495 2801 cod.
1517 2775 1598 2798 hahet
1619 2772 1780 2803 scriptionis
1803 2768 2009 2801 compendium:
2038 2767 2088 2793 .D.
