2389 3037
116 83 189 120 705
350 83 407 118 VI.
463 84 528 117 DE
556 83 756 118 ERASMO
783 84 848 118 ΕΤ
874 83 1116 119 LUTHERO
1144 83 1363 121 ELOGION
1378 114 1386 127 ‚
1414 85 1567 120 RATIO
1596 86 1839 132 DlSCENDI,
1868 99 1951 125 ETC.
2113 94 2187 130 706

114 171 329 216 scripturam
357 171 563 205 contuleris.
617 170 747 205 Nostra
772 169 984 211 methodos,
1014 184 1122 217 quam
1180 172 1251 212 hit,
1279 173 1308 206 si
1332 173 1430 208 voles
1455 173 1519 207 uti.
1575 174 1669 208 Mire
1696 176 1801 220 cupio
1823 177 1935 217 scire,
1961 179 2046 225 quid
2067 179 2186 215 Theo-

112 223 344 269 praefiximus
374 223 550 256 Paulinae
583 223 755 267 epistolae
782 224 825 256 ad
858 224 1044 257 Romanos
1071 223 1123 256 di-
1180 224 1345 268 logorum
1370 238 1581 269 graecorum
1612 225 1743 261 habeat
1765 229 1962 274 bibliopola
1984 238 2100 265 vester
2119 233 2186 267 Co-

113 281 244 308 ctatam
271 273 402 310 scholis
428 275 561 309 nostris
578 274 628 319 ⁷),
667 281 759 308 certe
786 275 881 308 viam
903 276 968 309 tibi
986 275 1122 309 indica-
1177 276 1326 320 lurgius.
1379 277 1473 311 Nam
1499 278 1659 322 impense
1686 280 1812 324 cupio,
1850 282 1887 314 in
1911 282 2024 316 lucem
2053 285 2129 323 edi,
2157 285 2186 319 si

1178 327 1239 372 qui
1255 328 1354 371 digni
1373 335 1457 362 sunt
1474 330 1535 374 qui
1551 330 1728 374 legantur.
1764 332 1798 365 Si
1816 340 1929 377 potes,
1953 347 2100 380 quaeSO,
2122 349 2186 369 no·

145 394 178 422 7)
199 394 249 418 uis
269 394 296 418 iu
316 399 406 424 marg,
424 393 567 424 adscripta
586 395 665 416 sunt:
691 393 819 422 Epistola
838 393 873 416 ad
892 391 970 415 Rom.
1177 380 1436 413 menclaturam
1461 393 1586 414 eorum
1612 384 1656 415 ad
1679 396 1735 416 me
1752 384 1865 419 mitte.
1919 385 2007 420 Vale
2024 387 2185 423 feliciter.

367 533 483 574 Idem
514 533 743 586 Philippus
778 531 1060 587 Melanthou,
1109 544 1291 586 quonam
1322 535 1478 575 iudicio
1509 536 1690 590 legendi
1723 538 1923 580 Antores.

214 633 431 679 Origenem‚
459 633 719 673 Ambrosium,
747 631 1011 677 Hieronymum
1037 646 1117 666 cum
1145 634 1148 680 ἦ
1176 635 1396 675 adserimus,
1431 643 1466 669 et
1488 636 1564 681 ipse
1591 638 1724 672 adserit
1750 639 1787 671 in
1810 639 1930 674 libello
1956 642 1999 674 de
2017 643 2131 686 gratia
2150 649 2185 675 et

110 686 244 721 iudicio
263 686 351 731 lege.
405 686 497 720 Sunt
515 685 611 719 enim
629 685 665 717 in
685 684 734 718 eis
750 696 825 717 non
845 696 973 729 parum
993 686 1119 727 multa,
1146 682 1148 720 Ι
1174 687 1288 721 libero
1310 688 1476 722 arbitrio.

110 750 203 785 quae
237 738 466 783 Apostolicae
500 737 687 770 doctrinae
721 736 891 769 videntur
921 737 1118 772 adversari.
1145 722 1149 774 l
1276 738 1316 772 In
1345 740 1438 773 libro
1470 741 1513 773 de
1541 741 1610 774 fide
1636 748 1670 774 et
1699 743 1868 787 operibus
1893 746 2058 789 quaeris,
2096 744 2184 780 haec

110 791 215 825 Certe
245 789 460 824 sententiam
484 789 588 822 Pauli
621 801 661 822 ac
691 786 960 833 Prophetarum
991 789 1118 823 Hiero·
1145 777 1148 814 l
1174 791 1280 824 velim
1302 798 1336 825 te
1352 793 1500 837 proprie
1518 792 1737 837 intelligere,
1767 795 1852 840 quid
1871 808 1956 836 nos,
1986 797 2072 843 quid
2090 797 2184 832 Pau-

108 855 240 889 nymus
271 854 346 875 non
380 848 432 875 est
468 842 688 887 adsequutus
706 840 750 888 ⁸).
821 840 1044 886 Cyprianus,
1085 848 1119 875 et
1145 827 1148 893 1
1174 843 1228 876 lus
1246 850 1351 877 vocet
1367 845 1487 878 fidem.
1525 844 1709 890 Quoniam
1729 847 1833 879 docet
1851 860 1918 881 nos
1937 849 2080 896 fidem),
2107 863 2182 884 non

108 894 269 928 Hilarius
297 893 408 938 paulo
435 891 490 927 his
512 900 595 927 sunt
622 893 827 927 solidiores:
877 899 911 926 et
934 893 971 925 in
995 906 1116 927 caussa
1174 896 1344 939 operibus
1376 896 1573 931 iustificari.
1634 897 1727 932 Nam
1762 896 1993 934 scholasticae
2025 903 2183 947 disputa-

108 946 246 992 gratiae
270 952 387 979 certae
406 945 629 991 Cyprianum
658 957 732 978 non
756 946 1026 989 aspernandum
1053 958 1117 990 pu<
1173 948 1290 982 tiones
1321 949 1363 981 de
1396 949 1464 982 fide
1492 947 1584 982 nihil
1615 947 1685 983 huc
1715 951 1862 985 faciunt.
1916 951 2035 988 Habes
2062 960 2181 987 autem

108 1005 167 1038 to;
196 998 257 1032 sed
275 1004 309 1031 et
327 997 401 1042 ipse
417 1010 493 1030 non
509 1009 593 1030 raro
612 997 808 1041 scripturas
828 1003 985 1042 torquet.
1174 1000 1333 1033 libellum
1365 1001 1525 1035 doctoris
1554 1001 1703 1035 Martini
1729 1001 1900 1043 Lutheri,
1944 1006 1986 1038 de
2017 1006 2181 1040 libertate

212 1049 384 1083 Veterum
403 1062 442 1083 ac
457 1062 637 1082 novorum
658 1047 902 1095 (mihicrede)
922 1048 1026 1093 pauci
1042 1050 1117 1082 fue-
1173 1049 1367 1086 christiana
1381 1052 1446 1099 l¹),
1483 1066 1590 1099 quem
1617 1055 1757 1087 utinam
1785 1067 1927 1100 semper
1954 1057 1991 1090 in
2015 1058 2182 1092 manibus

108 1113 166 1142 re,
204 1101 266 1146 qui
290 1100 397 1145 Legis
429 1108 464 1134 et
486 1101 634 1135 Gratiae
668 1101 863 1134 discrimen
889 1101 1036 1146 proprie
1064 1101 1117 1134 in·
1173 1102 1323 1137 habeas:
1366 1106 1463 1138 unde
1496 1106 1582 1151 quid
1610 1106 1718 1145 fides,
1755 1107 1842 1152 quid
1867 1120 1997 1151 opera,
2033 1110 2181 1155 proprie

107 1152 329 1194 tellexerint,
357 1159 392 1186 et
408 1154 504 1187 iuxta
522 1153 628 1187 Pauli
646 1152 861 1187 sententiam
880 1154 1083 1188 tractarint.
1172 1156 1307 1189 discere
1338 1163 1451 1199 potes.
1520 1157 1566 1190 Et
1590 1164 1631 1190 ut
1656 1170 1834 1191 summam
1863 1157 1970 1194 huius
1995 1162 2181 1195 doctrinae

210 1205 434 1249 Augustinus
467 1205 504 1237 in
535 1205 780 1249 disputatione
805 1206 849 1237 de
875 1205 1011 1250 gratia,
1048 1203 1117 1238 hoc
1172 1208 1236 1240 tibi
1255 1209 1417 1248 tradam,
1447 1210 1544 1253 quod
1564 1209 1650 1242 dicit
1665 1210 1880 1254 Apostolus,
1908 1212 1978 1246 fide
1996 1214 2182 1247 iustificari

107 1262 248 1289 tantum
267 1258 360 1301 agit,
390 1264 423 1290 et
443 1263 566 1290 contra
587 1257 772 1301 Pelagium
787 1284 795 1297 ‚
823 1269 899 1290 non
920 1269 1022 1302 posse
1036 1257 1115 1290 sine
1171 1272 1257 1299 nos,
1286 1259 1335 1292 sic
1355 1260 1525 1305 intellige.

107 1308 237 1352 spiritu
261 1314 384 1342 sancto
410 1321 427 1341 a
454 1309 558 1342 nobis
577 1309 656 1342 fieri
674 1310 810 1343 honum
831 1321 939 1354 opus,
967 1306 1036 1342 hoc
1053 1315 1116 1349 est,
1275 1311 1454 1345 Historica
1492 1313 1674 1357 cognitio,
1716 1327 1786 1360 qua
1823 1321 1920 1348 certo
1948 1317 2042 1358 scio,
2083 1319 2181 1363 quod

106 1357 198 1392 nihil
224 1372 297 1394 esse
320 1360 411 1394 ullas
436 1367 587 1393 naturae
608 1362 782 1401 morales,
810 1373 871 1394 seu
891 1358 1116 1406 philosophi-
1171 1359 1334 1396 Christus
1359 1370 1411 1398 est
1436 1365 1523 1398 deus
1546 1371 1580 1398 et
1604 1363 1715 1398 homo
1741 1372 1805 1400 etc.
1861 1366 1986 1412 Qualis
2011 1375 2061 1402 est
2082 1370 2181 1411 fides,

107 1423 164 1445 cas
189 1412 361 1451 virtutes,
396 1418 429 1444 et
454 1424 577 1445 earum
604 1424 714 1456 opera
740 1412 846 1456 plane
866 1419 1008 1457 peccata
1030 1426 1114 1447 esse.
1170 1426 1240 1459 qua
1259 1414 1331 1448 scio
1351 1422 1458 1456 certe,
1483 1423 1543 1449 aut
1563 1418 1682 1457 credo,
1706 1419 1803 1463 quod
1822 1418 1961 1453 Romae
1982 1421 2179 1467 aliquando

105 1462 154 1496 Et
170 1461 259 1496 haec
275 1469 370 1497 certe
390 1463 582 1507 diligenter
602 1465 733 1508 probat
749 1464 785 1496 in
803 1464 845 1498 iis
864 1465 976 1498 libris.
1140 1448 1143 1482 Ι
1170 1467 1330 1509 regnarit
1348 1468 1531 1511 Augustus
1550 1468 1693 1503 Caesar.
1750 1470 1849 1504 Talis
1869 1469 2038 1506 historica
2061 1478 2179 1517 cogni-

456 1538 472 1572 I
590 1547 601 1573 t
722 1548 734 1574 t
1169 1517 1220 1550 tio
1245 1519 1288 1551 de
1307 1517 1452 1553 Christo
1478 1532 1553 1553 non
1579 1521 1757 1555 iustificat.
1812 1522 1869 1556 Sic
1894 1536 2051 1571 namque
2077 1525 2177 1569 impii

475 1552 498 1572 Π
527 1552 586 1574 sex
605 1553 622 1573 ³
653 1553 719 1585 par
738 1553 766 1575 θ’
1170 1571 1332 1604 credunt.
1372 1571 1429 1605 Sic
1448 1572 1644 1606 daemones
1666 1586 1812 1619 quoque
1831 1577 1993 1610 credunt.
2039 1577 2092 1610 De
2112 1575 2178 1611 hac

1169 1622 1321 1656 fortasse
1344 1623 1421 1656 vult
1440 1624 1590 1668 intelligi
1611 1624 1760 1659 lacobus
1778 1628 1814 1659 in
1832 1639 1893 1660 sua
1914 1630 2099 1664 canonica.

1273 1676 1469 1715 Assensus,
1497 1689 1559 1709 seu
1584 1677 1712 1710 fiducia
1737 1678 1774 1711 in
1791 1679 2068 1723 promissionem
2088 1684 2177 1716 divi-

1168 1735 1275 1765 nam,
1304 1728 1403 1771 quod
1427 1725 1590 1762 Christus
1611 1741 1677 1772 pro
1703 1742 1759 1763 me
1785 1732 1889 1765 datus
1916 1733 1961 1766 sit
1976 1733 2042 1780 l²),
2079 1737 2176 1780 quod

1169 1773 1333 1811 Christus
1356 1791 1435 1811 mea
1460 1780 1577 1812 deleat
1594 1788 1760 1824 peccata,
1789 1784 1885 1828 quod
1907 1782 2068 1819 Christus
2088 1787 2176 1819 vivi-

1168 1828 1248 1861 ficet
1274 1841 1348 1869 me,
1377 1827 1466 1863 haec
1492 1832 1579 1865 fides
1604 1838 1656 1865 est
1679 1832 1737 1865 illa
1757 1833 1964 1878 Evangelii,
1991 1850 2082 1882 quae
2099 1839 2173 1871 sola

1169 1879 1411 1928 iustificat13),
1449 1883 1485 1916 id
1511 1889 1581 1923 est,
1610 1881 1697 1917 haec
1721 1886 1795 1918 sola
1820 1894 2009 1931 reputatur
2033 1891 2137 1924 nobis
2155 1902 2173 1923 a

1168 1932 1235 1965 deo
1262 1945 1328 1977 pro
1355 1933 1503 1968 iustitia.
1567 1935 1687 1979 Opera
1720 1939 1952 1982 quantumvis
1983 1941 2174 1975 videantur

1167 1984 1261 2017 bona
1275 2011 1284 2024 ,
1313 1997 1379 2029 pro
1400 1986 1533 2020 iustitia
1551 1999 1625 2020 non
1642 1996 1868 2032 reputantur.
1923 1991 1989 2025 Sed
2011 1994 2092 2038 quia
2113 1994 2170 2026 illa

1166 2036 1252 2069 fides
1272 2048 1338 2070 nos
1357 2036 1501 2071 Christo
1522 2039 1733 2084 incorporat
1749 2048 1782 2074 et
1800 2041 1943 2083 inserit,
1970 2045 2050 2077 ideo
2074 2046 2173 2079 iusti-

1166 2088 1334 2129 ficamur,
1363 2089 1399 2122 id
1419 2097 1489 2131 est,
1514 2090 1594 2124 ideo
1612 2104 1678 2125 nos
1697 2094 1771 2126 vult
1788 2101 1956 2138 reputare
1975 2109 2041 2141 pro
2060 2097 2171 2131 iustis.

1166 2139 1222 2172 Sic
1248 2139 1401 2185 pulchro
1426 2143 1591 2186 exemplo
1611 2155 1685 2176 rem
1706 2145 1778 2189 agit
1794 2146 1990 2190 Apostolus
2010 2149 2046 2181 in
2064 2149 2171 2182 Gala-

1166 2191 1221 2225 tis.
1274 2192 1371 2227 Deus
1394 2194 1562 2238 promisit
1587 2196 1691 2229 nobis
1715 2196 1887 2230 iustitiam
1914 2206 1947 2232 et
1973 2201 2083 2234 vitam
2107 2215 2172 2246 per

1165 2241 1362 2283 Christum,
1392 2247 1608 2290 promissum
1631 2248 1801 2289 creditur,
1829 2262 1913 2294 ergo
1932 2253 2089 2286 nonnisi
2108 2267 2171 2298 per

1164 2296 1269 2328 fidem
1290 2296 1537 2332 iustificamur.
1592 2297 1665 2332 Iam
1686 2306 1724 2333 ut
1740 2298 1928 2335 hominum
1950 2306 2170 2340 testamentis

1163 2345 1255 2380 nihil
1278 2348 1360 2382 licet
1387 2348 1596 2383 detrahere:
1636 2351 1681 2383 ita
1708 2364 1824 2398 neque
1849 2353 1916 2387 Dei
1942 2362 2168 2391 testamento.

1163 2398 1260 2433 Deus
1290 2407 1408 2434 autem
1437 2402 1569 2445 legavit
1596 2404 1841 2445 credentibus,
1883 2407 1982 2440 nullo
2017 2420 2165 2452 operum

1163 2458 1346 2496 respectu,
1383 2453 1491 2486 etiam
1529 2455 1639 2498 gratis
1676 2455 1800 2489 vitam.
1865 2457 1961 2501 Ergo
1997 2472 2069 2493 non
2106 2472 2167 2504 per

156 1599 212 1632 De
229 1605 460 1644 peccatorum
479 1600 617 1635 meritis
638 1607 673 1634 et
692 1602 915 1636 remissione.

155 1651 210 1684 De
227 1651 357 1696 spiritu
377 1658 411 1684 et
427 1651 543 1685 litera.

156 1702 211 1736 De
226 1709 357 1736 natura
376 1709 410 1736 et
425 1703 553 1748 gratia.

432 1779 472 1813 In
501 1781 640 1814 decima
669 1788 784 1826 parte.

157 1839 292 1873 Contra
312 1841 401 1874 duas
422 1841 591 1885 epistolas
608 1841 903 1886 Pelagianorum.

157 1891 292 1926 Contra
310 1891 489 1926 Iulianum
509 1894 552 1926 de
570 1894 684 1937 gratia
704 1901 737 1927 et
757 1896 870 1929 libero
890 1895 1054 1929 arbitrio.

155 1943 210 1976 De
229 1944 465 1988 conceptione
486 1952 520 1978 et
540 1946 666 1989 gratia.

154 1995 209 2028 De
237 1996 568 2040 praedestinatione
592 2003 799 2031 sanctorum
825 2005 859 2031 et
878 1999 975 2032 bono
994 2010 1112 2043 perse-

209 2054 406 2082 verantlae.

404 2123 444 2157 In
473 2125 664 2158 undecima
692 2133 806 2171 parte.

154 2185 209 2218 Ad
226 2184 395 2218 articulos
412 2185 604 2229 Augustini
622 2187 710 2221 falso
731 2187 932 2232 impositos,
961 2185 1110 2233 rhapso-

209 2237 267 2269 dia
286 2243 338 2271 est
353 2237 473 2271 nescio
491 2237 601 2271 cuius.

158 2287 292 2321 Contra
315 2289 529 2333 Pelagianos
547 2287 898 2337 ὑπογνωστικῶν9).

155 2339 209 2372 De
231 2341 449 2384 perfectione
467 2341 634 2375 iustitiae.

208 2408 361 2454 Reliqua
394 2422 473 2442 cum
507 2409 639 2443 iudicio
668 2410 756 2454 lege.
816 2411 908 2445 Nam
935 2414 995 2458 qui
1018 2414 1109 2447 liber

105 2465 157 2494 est
178 2459 299 2493 infima
327 2467 449 2504 parte,
478 2462 521 2494 de
549 2462 663 2494 libero
689 2463 857 2503 arbitrio,
887 2477 960 2497 non
980 2467 1108 2509 proba-

103 2524 202 2550 mus;
232 2518 267 2545 et
293 2513 422 2546 alicubi
448 2526 484 2547 se
509 2520 653 2559 torquet
681 2514 715 2546 in
742 2516 952 2560 quaestione
969 2518 1108 2563 quinta,

103 2563 236 2597 Utrum
261 2564 347 2598 deus
373 2566 465 2598 mala
494 2566 612 2599 saciat.
675 2565 783 2610 Quod
811 2580 876 2602 nos
902 2577 1108 2603 constanter

1199 2595 1246 2623 ¹0)
1266 2595 1341 2618 Haec
1361 2601 1414 2618 vox
1435 2595 1460 2619 iu
1481 2601 1568 2626 marg.
1591 2597 1711 2626 repetita
1727 2599 1778 2621 est.

1200 2639 1245 2665 ΙΙ)
1267 2640 1367 2661 Annot.
1391 2644 1494 2667 marg:
1526 2637 1637 2664 Luther.
1657 2640 1690 2663 de
1711 2640 1838 2664 libertate
1857 2642 2016 2665 christiana.

1199 2682 1245 2709 12)
1265 2683 1365 2706 Annot.
1387 2688 1490 2712 marg:
1518 2683 1633 2706 Fiducia
1653 2683 1679 2706 iu
1701 2684 1849 2708 Christum.

139 2672 170 2702 Β)
189 2674 291 2697 Annot.
313 2680 416 2704 marg:
442 2676 531 2699 Locus
551 2675 723 2705 Hieronymi.

139 2715 169 2748 9)
189 2712 409 2748 ίπογνωσιικῶν
428 2717 504 2749 (libri
520 2718 599 2749 νη]
628 2719 677 2744 Ed.
694 2719 768 2743 1522.
787 2716 1016 2753 ὁπογνοστηκῶν.
1201 2725 1246 2753 13)
1266 2727 1368 2751 Anuot.
1388 2732 1492 2756 marg:
1523 2726 1688 2751 lustificatio
1708 2727 1887 2758 Evangelica.

106 2760 292 2790 MELANTn.
317 2761 424 2789 open.
461 2761 545 2789 Vol„
569 2760 643 2790 XX.
1591 2761 1639 2795 45
