2421 3037
251 121 325 157 611
882 116 1006 153 PHlL.
1034 118 1148 154 MEL.
1176 117 1382 153 SCRIPTA
1415 118 1687 156 HISTORICA.
2240 123 2316 160 612

252 214 298 243 Ad
316 211 377 241 XV.
398 210 478 240 Iulii:
505 206 626 239 Idibus
643 202 723 247 lulij
741 209 843 248 capta
860 202 1080 250 lerosolyma
1103 217 1121 238 a
1141 205 1340 239 Godesrido
1361 218 1456 239 anuo
1476 206 1574 241 1098
1585 207 1617 252 ²¹)
1635 207 1807 241 Corbano
1826 208 1932 241 Persa
1945 207 1977 255 ⁵)
1994 208 2089 241 victo
2102 234 2111 248 ,
2145 220 2246 243 caesa
2275 221 2316 242 n-

357 259 514 292 fidelium
534 262 677 289 centuni
698 255 824 290 millia.

251 316 299 346 Ad
313 315 407 344 XVIII.
424 313 503 342 Iulii:
535 309 634 342 1100
654 320 750 340 anno
768 314 933 342 mortuus
955 308 1174 343 Godefridus
1190 321 1253 343 rex
1270 308 1515 356 lerosolymam
1536 308 1582 345 15
1601 310 1678 345 Cal.
1694 310 1859 355 Augusti.

253 369 300 398 Ad
317 367 386 396 XIX.
404 365 486 394 Iulii:
514 360 654 395 Natalis
679 360 921 404 Magdalenae
942 361 1049 395 filiae.

251 420 299 450 Ad
316 418 436 447 XXVIII.
454 416 601 454 Augusti,
624 417 664 446 ad
680 425 806 446 nomen:
832 412 1071 457 Augustinus:
1103 420 1300 454 „mortuus
1318 425 1415 447 anno
1435 414 1561 448 aetatis
1579 413 1628 448 76
1646 426 1742 447 anno
1761 412 1895 448 Christi
1913 413 2000 449 430.

252 471 299 501 Ad
314 471 355 500 Ill.
373 469 575 508 Septembris:
606 465 741 499 Paulus
759 465 946 510 Aemylius
961 466 985 500 3
1003 466 1127 500 Nonas
1145 465 1327 511 Septemb.
1351 466 1387 498 in
1405 466 1546 511 proelio
1573 467 1616 499 ad
1634 465 1800 511 Pydnam
1816 466 1989 500 Perseum
2009 467 2059 503 20
2078 466 2236 501 millibus
2261 478 2322 511 pe-

357 519 471 554 ditum
493 517 616 551 occisis
633 517 717 550 vicit
732 519 841 552 Anno
860 518 959 552 urbis
977 516 1052 552 586
1069 517 1112 564 ⁶).

252 575 299 605 Ad
318 575 351 603 X.
370 573 572 612 Septembris:
601 576 767 604 mortuus
784 570 969 604 Huniades
989 582 1085 603 anno
1105 567 1204 604 1456
1224 570 1383 614 sepultus
1401 570 1437 603 in
1455 569 1545 603 Alba
1564 569 1666 604 lulia.

252 627 300 657 Ad
315 626 374 655 XX.
392 625 593 664 Septembris:
620 622 771 656 Carolus
790 623 948 668 Quintus
965 621 1056 666 Imp.
1074 629 1240 655 mortuus
1259 621 1296 654 in
1314 621 1488 666 Hispania
1508 621 1616 656 Anno
1638 620 1750 656 1558.

253 679 299 708 Ad
316 679 409 708 XVIH.
434 680 554 708 Octob:
591 675 648 707 die
674 674 793 709 Lucae
816 675 924 708 Anno
956 674 1052 709 1448
1079 676 1170 707 facta
1196 675 1322 718 ingens
1345 686 1464 719 pugna
1492 676 1663 709 adversus
1686 671 1946 708 Amurathium
1969 675 2014 708 ad
2037 671 2259 708 Schitnizam
2286 672 2325 706 in

358 727 486 761 Roscia
498 727 542 772 ⁷).

252 783 300 814 Ad
314 783 396 812 XXII.
417 783 538 813 Octob.:
566 785 732 812 mortuus
752 779 903 813 Carolus
919 778 1110 812 Martellus
1129 790 1225 811 anno
1245 777 1332 812 741.

252 836 300 866 Ad
319 836 428 865 XXVII.
449 836 571 865 Octob.:
599 837 764 866 mortuus
781 837 832 865 cst
852 843 954 864 meus
972 837 1076 876 pater
1093 830 1272 874 Georgius
1290 830 1481 863 Suartserd
1498 829 1606 863 Anno
1631 827 1743 864 1507.

251 888 299 918 Ad
318 888 350 917 V.
368 888 531 917 Novemb:
560 882 666 917 nonis
682 883 859 917 Novemb.
878 881 1093 923 Zacharias,
1122 889 1225 927 pater
1243 880 1415 916 Iohannis
1430 881 1639 926 Baptistae,
1668 881 1877 915 interfectus
1895 882 1940 914 ad
1959 882 2084 916 altare.

251 940 300 970 Ad
317 940 385 969 XIII.
403 941 566 970 Novemb:
595 934 731 979 Caspar
749 936 930 969 Peucerus
947 935 1098 981 Caspari
1118 935 1212 969 filius
1226 932 1295 968 hoc
1311 934 1368 967 die
1386 940 1492 968 natus
1513 941 1565 968 est
1584 934 1729 978 Torgae
1746 934 1855 967 Anno
1877 931 1989 969 1552.

252 993 301 1022 Ad
317 992 399 1021 XVII.
416 993 577 1021 Novemb.:
606 994 772 1022 mortuus
789 987 1070 1022 Valentinianus
1087 986 1177 1032 Imp.
1195 999 1290 1020 anno
1310 987 1437 1021 aetatis
1454 984 1505 1020 55
1523 986 1667 1031 imperIi
1688 987 1735 1022 12
1753 986 1798 1033 ⁸).

253 1045 301 1075 Ad
316 1044 413 1073 XXIX.
431 1044 593 1074 Novemb.:
632 1046 738 1074 natus
762 1038 953 1085 Philippus
978 1040 1160 1074 Peucerus
1185 1038 1293 1073 Auno
1322 1037 1420 1073 1559
1447 1051 1552 1073 inane
1573 1037 1663 1072 hora
1694 1038 1822 1079 tertia,
1863 1037 2018 1072 usitatae
2046 1034 2330 1074 numerationis;

360 1094 446 1127 deus
463 1092 568 1126 nobis
588 1091 692 1125 adsit.

254 1149 302 1179 Ad
318 1149 400 1178 XVII.
419 1149 580 1179 Decemb.:
607 1144 694 1185 dies,
713 1156 786 1190 quo
805 1143 943 1177 mortui
962 1150 1046 1178 sunt
1065 1150 1136 1178 tres
1154 1144 1236 1185 viri,
1260 1143 1322 1190 qui
1338 1144 1485 1177 fuerunt
1502 1142 1540 1175 in
1555 1143 1702 1176 fornace
1720 1140 1956 1188 babylonica;
1985 1146 2151 1174 mortuus
2160 1138 2332 1172 Lasarus.

255 1202 303 1232 Ad
319 1201 407 1231 XXV·
426 1202 568 1232 Decefflbv
581 1224 588 1236 ‚
616 1201 655 1231 ad
674 1201 782 1230 verba:
810 1204 939 1236 17:³er
950 1194 1161 1246 Ἔγκαίνια.
1190 1196 1406 1230 Renovalia.
1436 1194 1602 1229 Instituta
1623 1194 1783 1240 primum
1802 1200 1836 1228 et
1855 1194 2034 1228 celebrata
2048 1205 2067 1226 a
2083 1191 2192 1227 Iuda
2208 1190 2333 1224 Mac-

361 1249 410 1284 ch
424 1263 440 1284 a
452 1252 474 1284 b
487 1264 504 1284 a
517 1264 533 1284 e
546 1263 565 1283 o
578 1277 586 1291 ,
612 1262 692 1283 cum
712 1249 741 1284 is
758 1247 828 1283 hoc
846 1249 903 1283 die
924 1255 1158 1294 repurgatum
1180 1249 1355 1294 ternplum
1374 1247 1751 1293 Hierosolymitanum
1771 1247 1946 1282 sacrificio
1970 1245 2144 1280 divinitus
2165 1242 2331 1278 instiluto

362 1303 561 1338 dedicasset
577 1308 660 1336 etc.:
692 1302 885 1348 „praecise
905 1308 988 1335 unte
1006 1302 1145 1336 natales
1163 1302 1336 1349 Χριστοῦ
1355 1301 1429 1337 162
1448 1313 1480 1336 a.
1499 1298 1758 1345 repurgatur.''

294 1461 326 1489 4]
351 1459 432 1492 1098]
455 1459 497 1484 sic
516 1460 543 1485 h.
558 1460 577 1485 l.
598 1458 732 1489 scriptum
754 1459 816 1490 est,
843 1465 931 1490 supra
949 1464 1017 1483 vero
1041 1459 1117 1483 recte
1137 1457 1213 1481 1099.

293 1505 326 1533 5)
347 1503 511 1529 Wilkenius
534 1503 562 1527 in
582 1503 600 1527 l.
623 1499 757 1533 &esebicbte
776 1501 817 1526 ber
837 1500 983 1535 Strcuffigiiqe
1004 1502 1033 1525 Τ.
1049 1502 1070 1527 1.
1090 1509 1115 1532 p.
1130 1500 1192 1525 2⁷8.
1210 1501 1282 1524 huuc
1302 1500 1398 1523 ducem
1417 1498 1576 1528 Korbogam
1596 1497 1713 1521 'rui-cam
1733 1496 1867 1527 appellat.

294 1548 326 1576 6)
346 1548 362 1572 i.
384 1554 407 1571 e.
427 1548 510 1571 Anno
531 1547 588 1571 168.
610 1552 636 1570 a.
657 1546 722 1570 Chr.

294 1591 324 1623 7)
345 1592 385 1615 De
402 1593 453 1615 hae
472 1597 565 1622 pugna
584 1590 612 1614 in
631 1590 778 1615 Cassovae
798 1595 868 1618 agro
890 1589 925 1613 ad
946 1588 1118 1613 Schitnizam
1136 1588 1253 1618 flumen,
1280 1586 1307 1610 in
1327 1591 1382 1617 qua
1401 1585 1555 1616 Hunyades
1576 1589 1593 1608 a
1612 1583 1729 1607 Mun-ade
1755 1582 1845 1606 victus
1868 1583 1930 1613 est,
1964 1581 2038 1606 conf.
2057 1580 2121 1605 Joh.
2141 1587 2170 1606 v.
2189 1581 2334 1621 flamines:

335 1627 501 1653 Geschichte
521 1626 570 1650 des
591 1625 793 1650 Osmauischen
812 1625 934 1649 Reiches
953 1624 1028 1648 Tom.
1045 1624 1063 1647 1.
1084 1630 1112 1654 p.
1124 1621 1286 1647 478—480.
1314 1623 1343 1645 et
1361 1618 1477 1645 Mailath
1497 1619 1666 1644 Geschichte
1687 1618 1737 1642 der
1757 1618 1916 1649 Magyaren
1936 1617 1968 1643 Τ.
1983 1616 2030 1642 111.
2049 1623 2074 1648 p.
2090 1615 2120 1640 11
2137 1621 2180 1647 sq.

297 1668 328 1701 8)
348 1671 428 1694 Anno
451 1669 510 1694 375.
532 1676 557 1699 p.
578 1669 647 1694 Chr.
