2389 3037
102 98 176 135 597

128 183 309 220 CCLXlX.
353 184 413 217 De
442 183 658 228 principe
685 183 930 216 laborante
954 183 1075 216 febri

487 242 529 269 et
557 235 712 269 stulto.

203 305 376 348 Princeps
394 304 539 350 quidam
565 303 754 336 laborabat
782 303 891 342 febri,
931 301 1102 336 habebat-

101 370 169 404 que
199 357 425 396 morionem,
465 356 525 401 qui
555 356 715 389 fortassis
751 355 915 388 audierat
943 353 1101 387 subitum

100 417 274 442 terrorem
311 407 447 441 mederi
473 408 584 446 febri,
623 409 721 453 quod
748 407 853 440 etiam
884 413 935 440 est
963 417 1102 440 verum.

100 461 188 494 Cum
215 461 326 504 igitur
350 459 469 493 morio
496 459 669 504 cogitaret
697 460 767 492 iam
794 460 838 492 de
861 471 925 491 suo
951 457 1101 490 domino

98 513 280 553 sanando,
313 511 404 545 vidit
427 512 624 558 aliquando
653 511 851 556 principem
881 516 1034 543 stantem
1064 510 1102 542 in

98 565 255 610 quodam
274 564 507 609 praecipitio,
536 565 632 610 quod
652 564 688 595 in
705 564 839 596 flumen
857 563 1102 596 descenderat.

98 616 198 650 Clam
220 616 329 660 igitur
347 618 517 650 accedens
536 616 735 660 principem
755 627 771 647 a
792 621 892 658 tergo
912 614 1030 647 subito
1048 614 1102 647 in-

97 668 197 701 vadit
220 674 255 701 et
277 669 437 701 minatur
465 668 567 714 quasi
590 668 705 711 ipsum
731 666 970 711 praecipitare
996 667 1102 699 vellet

96 720 133 752 in
153 720 299 754 flumen.
355 720 526 764 Princeps
542 720 645 752 valde
672 720 948 764 perterrefactus
969 719 1102 752 libera-

96 778 154 805 tur
169 773 313 818 quidem
333 772 436 811 febri,
465 773 525 806 sed
543 771 745 804 morionem
765 771 803 804 in
821 783 1000 804 carcerem
1017 782 1101 804 con-

95 823 154 856 iici
182 824 299 864 iubet,
342 830 376 857 et
401 836 479 857 cum
504 824 575 856 iam
603 824 664 857 diu
688 824 924 856 deliberatum
953 829 1030 856 erat
1057 823 1100 855 de

94 887 233 920 poena,
269 888 338 921 qua
366 876 573 909 afficiendus
598 882 746 920 propter
770 874 1001 908 commissum
1028 886 1100 908 sce-

93 927 148 960 lus
168 934 259 961 esset
275 927 414 967 morio,
444 929 589 961 tandem
614 928 860 966 concluditur,
885 933 925 960 ut
948 927 1100 960 decolle-

95 985 164 1012 tur.
219 979 289 1013 Sed
305 980 471 1024 princeps
493 981 637 1013 tandem
655 980 773 1012 noluit
796 979 896 1012 illum
915 978 1100 1018 decollari,

94 1032 156 1064 sed
175 1032 561 1065 commonefactionem
581 1033 730 1064 mandat
747 1031 924 1071 carnifici,
959 1038 999 1064 ut
1017 1043 1100 1075 pro-

94 1084 283 1116 cumbente
311 1085 477 1117 morione
510 1084 546 1117 in
573 1096 708 1127 genua,
750 1083 922 1116 eximeret
952 1083 1098 1129 quidem

94 1134 275 1178 gladium,
299 1137 359 1168 sed
379 1142 519 1169 tantum
548 1136 675 1168 baculo
699 1135 799 1168 illuni
823 1135 958 1169 feriret.
1013 1135 1100 1169 Car—

93 1187 190 1221 nifex
211 1187 423 1220 mandatum
450 1188 623 1232 principis
655 1187 863 1233 exequitur,
906 1194 940 1220 et
964 1187 1099 1220 morio-

93 1250 175 1271 nem
203 1240 239 1271 in
263 1239 435 1272 cervicem
460 1240 514 1272 vel
542 1240 726 1272 cerebrum
755 1239 942 1284 aliquanto
971 1239 1098 1272 fortius

92 1291 186 1324 ferit.
240 1290 362 1323 Morio
380 1292 558 1336 collapsus
585 1298 666 1335 post
694 1292 801 1324 ictum
828 1291 948 1324 statim
978 1291 1099 1324 exani-

92 1349 224 1376 matur.
278 1342 351 1377 Alii
370 1343 496 1376 dicunt
517 1355 603 1387 prae
622 1350 760 1376 terrore
776 1340 843 1376 hoc
861 1344 994 1376 factum
1013 1355 1098 1377 esse.

337 1426 528 1473 Philippus
558 1427 842 1476 Melanthonw).

196 1496 363 1530 CCLXX.
414 1498 533 1531 Habui
570 1499 767 1544 aliquando
803 1498 988 1544 aliquem,
1035 1499 1097 1544 qui

92 1560 236 1594 quoque
263 1562 365 1583 meus
391 1550 459 1583 fuit
483 1550 647 1592 auditor,
689 1551 750 1595 qui
776 1550 848 1582 iam
882 1558 931 1584 est
958 1550 1098 1584 Doctor

91 1599 180 1633 iuris
211 1607 246 1633 et
274 1600 511 1635 Consiliarius
542 1601 653 1635 Ducis
676 1601 996 1647 NVirtebergensis.
1066 1601 1097 1636 ls

90 1651 194 1686 scivit
210 1659 322 1686 artem
342 1653 591 1697 palaestricam
605 1681 614 1694 ,
648 1666 688 1686 ac
705 1654 788 1687 fecit
806 1655 871 1687 sibi
893 1655 1014 1699 parari
1038 1667 1097 1688 ve-

90 1710 179 1737 stem
204 1705 419 1745 laceratam,
454 1706 729 1739 convenientem
760 1706 937 1740 eiusmodi
964 1707 1097 1739 exerci-

92 1756 150 1789 tiis
168 1762 202 1789 et
217 1754 439 1791 hominibus.
494 1757 583 1791 Cum
605 1758 713 1801 igitur
732 1758 929 1803 aliquando
947 1759 1094 1792 domum

92 1815 324 1843 revocaretur
343 1822 360 1841 a
379 1810 589 1853 parentibus
602 1837 610 1849 ‚
639 1810 736 1842 venit
760 1812 802 1842 ad
820 1822 875 1842 me
895 1817 1019 1854 petens
1036 1823 1097 1854 pe-

92 1860 249 1894 cuniam.
317 1860 394 1905 Ego
420 1862 641 1905 interrogavi
672 1862 791 1901 illum,
837 1875 949 1906 quare
977 1863 1096 1896 vellet.

91 1910 213 1952 Dixit,
256 1913 305 1949 &t
335 1914 431 1949 moue
464 1914 509 1949 im
541 1916 659 1949 anbere
693 1913 789 1958 bosen
820 1913 919 1957 [effen
954 1915 1095 1961 macheu.

91 1963 250 1997 Rursum
275 1966 347 1998 dixi
371 1968 415 1998 ad
443 1966 563 1999 illum:
598 1966 739 1999 Tamen
767 1974 870 1999 antea
894 1969 1007 2001 bonas
1034 1966 1095 2000 lia—

90 2015 163 2050 hes.
223 2015 426 2061 Respondit
449 2016 555 2051 mihi:
600 2018 663 2063 Sd)
686 2017 774 2061 barff
795 2020 930 2054 meincm
956 2019 1093 2063 parenti

91 2069 152 2103 mit
167 2067 270 2111 biesen
286 2070 469 2114 gerbacften
487 2069 583 2114 bosen
601 2072 683 2116 turbt
701 2071 818 2114 nuthet
839 2082 945 2116 angen
970 2073 1094 2108 tomen.

92 2119 197 2153 Tunc
229 2121 301 2154 dixi
337 2124 381 2154 ad
412 2123 532 2155 illum:
578 2123 657 2159 Ξ)αέ
690 2123 784 2159 banc?
826 2125 874 2159 bit
913 2125 961 2159 bie
1000 2126 1094 2168 btfifi.

92 2171 214 2216 Quare
232 2185 317 2216 ergo
333 2186 389 2206 me
410 2174 554 2207 vidente
577 2183 691 2217 gestas
710 2177 816 2208 talem
843 2183 973 2209 vestem
986 2177 1000 2209 'r'
1032 2190 1095 2221 pu-

91 2230 145 2256 tas
163 2236 261 2258 meos
281 2225 404 2259 oculos
421 2226 540 2260 minus
558 2225 792 2261 honorandos
815 2240 888 2262 esse
906 2242 1014 2274 quam
1034 2241 1095 2273 pa-

91 2276 202 2309 rentis
219 2276 275 2309 vel
299 2289 355 2309 me
383 2290 456 2311 esse
481 2279 732 2312 excaecatum?
786 2280 832 2313 Et
858 2281 987 2314 deinde
1013 2281 1093 2314 dedi

89 2327 143 2360 illi
161 2328 372 2373 pecuniam,
402 2332 496 2363 unde
514 2331 601 2365 alias
621 2344 738 2365 emere
755 2333 884 2376 potuit.

340 2414 531 2462 Philippus
560 2416 773 2451 Melanthon
785 2418 844 2465 ²⁰).

197 2483 379 2519 CCLXXI.
421 2487 564 2531 Torgae
594 2487 740 2527 accidit,
788 2495 827 2521 ut
862 2501 941 2522 cum
974 2489 1093 2522 studio

93 2534 232 2568 visendi
257 2537 360 2572 ludos
385 2545 419 2572 et
444 2539 640 2572 certamina
669 2540 846 2585 equestria
873 2541 909 2574 in
934 2540 1092 2574 Baccha—

91 2586 232 2621 nalibus
249 2589 395 2634 quidam
414 2597 505 2624 tecta
524 2593 717 2625 domorum
736 2593 1093 2641 consce11dissent2¹)‚

125 2695 173 2726 20)
195 2696 337 2727 Philippus
358 2699 542 2729 Metantbon]
564 2700 648 2725 Cod.:
675 2708 706 2731 φ.
727 2701 762 2726 M.

125 2739 175 2767 21)
196 2741 441 2774 conscendissent]
462 2744 544 2768 Cod.:
571 2744 785 2768 conscendisset

291 97 334 133 V.
388 96 648 131 HISTORIAE
678 96 920 141 QUAEDAM
950 95 1229 131 RECITATAE
1256 96 1408 132 INTER
1437 98 1671 133 PUBLICAS
1698 99 1980 135 LECTIONES.

2088 100 2162 138 598

1159 184 1204 215 {bi
1225 185 1316 217 forte
1337 198 1427 218 unus
1447 198 1534 229 prae
1554 187 1664 219 nimia
1682 187 1960 234 intentiones-'¹2
1986 195 2077 221 tecto
2104 191 2162 223 de—

1157 236 1261 275 cidit,
1292 249 1445 282 cumque
1464 238 1508 269 ad
1528 238 1683 281 primam
1706 239 2014 284 contignationem
2034 241 2163 275 domus

1156 288 1389 331 pervenisset,
1407 295 1552 332 arrepto
1569 291 1678 334 pallio
1691 292 1837 325 alterius
1853 292 2036 326 cuiusdam
2054 293 2161 326 etiam

1157 339 1257 372 illum
1277 352 1394 373 secum
1415 341 1522 384 rapit.
1569 341 1640 386 Qui
1661 355 1739 375 cum
1760 356 1871 388 porro
1887 345 1930 377 ad
1951 345 2058 377 aliam
2080 358 2163 378 con-

1157 391 1393 435 tignationem
1416 392 1656 436 pervenisset,
1681 395 1775 439 rapit
1800 408 1916 429 secum
1947 403 1980 430 et
2003 397 2163 437 tertium,

1156 442 1204 475 ita
1223 449 1263 476 ut
1278 455 1361 477 casu
1380 444 1403 477 3
1420 443 1526 477 simul
1542 445 1752 480 deciderint.
1806 445 1844 480 Id
1862 461 2031 493 magnum
2049 450 2161 483 risum

1157 495 1272 528 movit
1291 496 1564 540 spectatoribus.

1157 572 1356 607 CCLXXII.

1406 573 1466 607 De
1496 574 1695 607 muliere
1726 583 1918 610 vocante
1948 578 2159 611 maritum

1548 626 1776 663 {nictans

1260 685 1440 720 Narratur
1465 687 1585 719 fabula
1611 688 1654 720 de
1683 689 1837 733 quadam
1864 689 2034 729 muliere,
2071 703 2162 734 quae

1156 738 1297 781 saepius
1316 739 1470 772 vocabat
1491 739 1660 772 maritum
1684 753 1786 773 suum
1814 740 1971 777 fnicflauss
1997 743 2162 778 fnicflauss

1156 791 1329 826 fnicflauss.
1384 790 1591 836 Exprobrat
1606 791 1656 824 illi
1673 789 1741 824 hoc
1764 793 1889 826 vitium
1904 821 1912 834 ,
1942 797 2038 840 quod
2066 796 2163 839 pedi-

1156 843 1296 876 culosus
1316 849 1417 877 esset.
1472 842 1533 876 Ille
1554 843 1757 877 verberavit
1776 857 1876 885 eam,
1908 853 1941 878 et
1965 859 2043 879 cum
2071 845 2162 880 nihil

1155 895 1365 939 proficeret,
1393 896 1539 928 tandem
1566 896 1735 930 demersit
1754 909 1832 929 eam
1858 897 1893 929 in
1925 904 2094 942 puteum,
2130 905 2164 932 et

1156 960 1234 980 cum
1257 948 1327 980 iam
1349 954 1573 992 mergeretur
1593 948 1629 980 in
1649 949 1870 992 profundum
1892 962 2021 995 aquae,
2040 957 2160 983 tamen

1155 999 1293 1032 exeruit
1310 1012 1456 1032 manum
1480 1012 1586 1044 supra
1608 1012 1739 1045 aquam
1760 1007 1793 1033 et
1810 1008 1908 1043 gestu
1926 1002 2162 1047 significabat,

1156 1052 1216 1086 mie
1234 1061 1266 1086 er
1282 1051 1329 1086 bie
1348 1051 1429 1086 sseiiss
1451 1052 1617 1097 3erfnicfet
1634 1052 1721 1097 bert,
1749 1053 1923 1089 Ἐηὶεὲῐαιιέ,

1258 1102 1473 1136 CCLXXlll.
1503 1104 1660 1149 Quidam
1679 1117 1770 1149 puer
1787 1106 1951 1147 rusticus,
1981 1119 2058 1139 cuin
2077 1120 2162 1140 con-

1154 1155 1315 1188 fiteretur
1341 1155 1539 1196 sacerdoti,
1585 1156 1628 1189 ab
1657 1169 1698 1189 eo
1725 1157 1839 1191 iussus
1871 1164 1923 1192 est
1948 1159 2101 1192 recitare
2126 1160 2161 1193 3.

1153 1214 1385 1252 praeceptum
1403 1208 1577 1252 decalogi.
1613 1208 1719 1253 Quod
1739 1222 1818 1242 cum
1835 1210 2030 1250 recitasset,
2053 1224 2162 1257 quae-

1153 1258 1234 1292 sivit
1260 1272 1371 1303 porro
1396 1259 1581 1294 Diaconus
1611 1261 1886 1305 explicationem
1922 1260 2028 1297 liuius
2059 1276 2161 1307 prae-

1154 1311 1246 1355 cepti
1266 1309 1333 1344 hoc
1350 1313 1459 1345 modo
1473 1339 1480 1351 ,
1509 1312 1599 1345 sicut
1619 1313 1744 1358 quaeri
1762 1314 1871 1346 solet:
1912 1315 2001 1350 Ξῖζαέ
2020 1314 2058 1358 ist
2074 1315 2162 1351 bag?

1152 1361 1202 1395 Ibi
1220 1375 1310 1406 puer
1329 1376 1407 1397 curn
1431 1364 1530 1397 flexis
1557 1365 1706 1408 genibus
1732 1377 1852 1398 coram
1879 1368 2064 1400 sacerdote
2090 1374 2160 1401 sta—

1153 1421 1226 1454 ret,
1263 1415 1395 1459 pileum
1424 1416 1459 1448 in
1490 1416 1658 1449 manibus
1685 1414 1840 1457 liabens,
1877 1418 1985 1453 dixit:
2026 1420 2078 1458 OEl)
2104 1420 2159 1465 bet

1153 1466 1237 1509 febet
1255 1469 1302 1502 ir}
1320 1468 1388 1508 nit!
1418 1471 1451 1502 cg
1472 1467 1510 1510 ist
1527 1469 1578 1503 eiu
1598 1469 1708 1504 biam&
1724 1469 1862 1513 biitIcin.

1371 1545 1603 1579 CCLXXllll.
1644 1546 1706 1579 De
1734 1548 1775 1580 le
1787 1559 1893 1591 pros
1905 1561 1938 1581 0.

1256 1612 1295 1645 ln
1320 1612 1473 1646 Francia
1503 1615 1650 1660 quidam
1679 1616 1811 1649 nobilis
1837 1616 1946 1649 filiam
1971 1629 2072 1650 suain
2100 1619 2160 1651 de-

1151 1672 1366 1708 sponsuerat
1385 1666 1487 1699 alteri
1511 1667 1651 1700 cuidam
1672 1668 1806 1707 nobili,
1836 1675 1870 1701 et
1889 1669 2076 1715 utriusque
2103 1683 2159 1702 ar-

1152 1728 1206 1749 ces
1231 1717 1326 1749 inter
1350 1730 1386 1750 se
1411 1718 1593 1751 distabant
1627 1719 1841 1754 milliaribus
1875 1721 2048 1766 quinque.
2118 1721 2158 1755 In

1153 1767 1268 1800 media
1289 1768 1344 1800 via
1364 1769 1452 1802 sitae
1472 1777 1574 1803 erant
1592 1772 1696 1804 aedes
1715 1772 1899 1805 cuiusdam
1921 1773 2065 1818 leprosi,
2095 1775 2157 1818 qui

1151 1826 1228 1852 erat
1248 1821 1520 1864 paterfamilias.
1580 1822 1627 1855 Et
1651 1836 1730 1856 cum
1757 1823 1965 1869 nuptiarum
1995 1826 2069 1859 dies
2097 1827 2158 1858 ad-

1151 1877 1260 1912 esset,
1289 1879 1393 1917 pater
1416 1874 1565 1918 virginis
1591 1876 1661 1907 fido
1687 1876 1828 1909 cuidam
1859 1877 2024 1911 ministro
2049 1878 2157 1921 virgi-

1149 1935 1231 1956 nem
1252 1923 1362 1970 (quae
1382 1932 1458 1958 erat
1472 1926 1575 1959 valde
1592 1928 1771 1974 formosa)
1789 1930 1831 1961 ad
1850 1942 2020 1973 sponsum
2046 1931 2157 1963 dedu-

1150 1977 1299 2009 cendam
1320 1978 1529 2016 committit;
1559 1980 1634 2023 ipse
1654 1981 1748 2013 enim
1770 1981 1944 2024 postridie
1970 1995 2048 2015 cum
2071 1995 2155 2015 con-

1150 2028 1229 2072 iuge
1252 2035 1286 2061 et
1310 2029 1388 2064 aliis
1412 2030 1603 2065 comitibus
1630 2039 1705 2064 erat
1729 2032 1963 2066 insecuturus.
2025 2034 2156 2068 Servus

1149 2093 1228 2113 cuin
1247 2080 1386 2125 virgine
1404 2083 1606 2126 ingreditur
1624 2083 1709 2124 iter,
1742 2091 1775 2117 et
1796 2097 1873 2117 cum
1893 2086 1965 2118 duo
1985 2086 2154 2119 milliaria

1149 2132 1380 2173 absolvisset,
1410 2135 1527 2179 coepit
1544 2135 1645 2178 virgo
1664 2136 1768 2169 valde
1786 2137 1915 2181 frigere
1937 2136 2031 2184 (erat
2057 2139 2153 2171 enim

1149 2182 1282 2226 hiems,
1310 2192 1344 2219 et
1361 2187 1492 2220 nobilis
1509 2187 1611 2231 virgo
1633 2188 1810 2222 insuetum
1830 2189 1941 2231 frigus
1962 2191 2054 2223 ferre
2079 2203 2153 2223 non

1148 2237 1322 2283 poterat).
1376 2238 1499 2285 Itaque
1517 2241 1751 2285 conqueritur
1767 2239 1999 2274 veliementer
2023 2244 2066 2275 de
2092 2243 2155 2275 fri-

1148 2301 1254 2332 gore,
1284 2297 1317 2323 et
1341 2291 1428 2324 dicit
1452 2293 1494 2323 ad
1520 2304 1622 2325 snum
1650 2294 1857 2333 ductorem,
1894 2306 1929 2327 se
1952 2306 2025 2327 non
2050 2307 2154 2338 posse

1148 2341 1298 2376 ulterius
1314 2343 1484 2386 progredi
1505 2356 1609 2388 equo.
1665 2345 1831 2378 Minister
1854 2346 1951 2379 iubet
1976 2346 2151 2390 virginem

1147 2393 1233 2426 forti
1250 2406 1324 2428 esse
1342 2396 1464 2428 animo
1479 2423 1487 2435 ,
1515 2402 1548 2428 et
1564 2396 1792 2441 significat22)
1811 2397 1841 2430 ei
1859 2398 1896 2430 in
1921 2398 2050 2431 vicinia
2077 2411 2152 2432 esse

1148 2447 1270 2486 aedes,
1300 2447 1336 2478 in
1360 2447 1488 2492 quibus
1511 2460 1546 2480 se
1572 2449 1709 2492 possint
1733 2450 1946 2483 refocillare.
2000 2450 2047 2483 Et
2071 2463 2148 2483 cum

1148 2497 1347 2543 equitatum
1378 2506 1467 2533 esset
1500 2500 1542 2532 ad
1574 2502 1678 2535 aedes
1703 2501 1854 2546 leprosi,
1899 2502 2151 2545 ingrediuntur

1147 2551 1271 2589 aedes,
1300 2551 1458 2584 salutant
1473 2549 1673 2596 hospitem,
1708 2560 1741 2586 et
1767 2560 1893 2597 petunt
1917 2555 1981 2587 sibi
2007 2554 2147 2597 copiam

1146 2601 1389 2643 calefaciendi,
1415 2603 1675 2650 aliquantisper
1690 2605 1738 2638 ibi
1758 2606 2006 2639 commorandi
2024 2612 2057 2637 et
2075 2617 2149 2639 sese

1179 2703 1208 2727 2¹
1223 2704 1246 2734 ε)
1269 2703 1434 2733 intentione]
1456 2705 1539 2730 Cod,:
1567 2706 1683 2729 intentia
2034 2741 2051 2743 Ὗ

1180 2747 1230 2775 22)
1250 2745 1401 2778 significat]
1424 2748 1490 2772 Cod.
1510 2749 1591 2773 habet
1611 2749 1766 2778 scripturae
1785 2747 1988 2779 compendium:
2015 2752 2061 2780 sgt

1639 2782 1726 2817 38*
