2453 3037
305 128 352 163 19
897 126 1021 162 PHIL.
1059 128 1173 164 MEL.
1206 129 1410 165 SCRtPTA
1443 131 1788 171 PHILOLOGICA.

304 213 422 259 pliiai
449 220 549 247 acuta
569 214 738 251 dicimus;
776 213 916 259 itemffi)
943 212 1147 259 theologia,
1184 227 1310 259 proso-

305 267 386 306 dia,
430 278 504 299 non
536 268 634 312 quod
660 277 867 299 censeamus
894 266 905 297 i
930 266 1079 310 longum
1114 278 1207 307 esse,
1249 268 1310 300 sed

305 319 403 364 quod
422 324 590 357 acuatur,
619 324 725 362 atque
750 317 785 349 id
808 317 954 350 solitum
983 318 1050 351 isto
1078 318 1310 363 pronuntiari

306 371 429 410 modo,
457 369 687 409 nouLatino,
714 370 774 402 sed
786 368 941 403 Graeco.
978 370 1139 403 Graecae
1157 370 1251 403 enim
1264 370 1310 416 l⁷)

306 428 389 455 sunt
413 421 607 464 dictiones,
649 432 715 453 nec
744 421 835 453 adeo
861 420 1039 455 Romanis
1067 422 1211 454 attritae
1243 422 1311 454 lin-

305 473 401 517 guis,
424 479 463 505 ut
480 471 643 506 exuerint
658 473 856 515 genuinum
875 479 1014 507 tonum.
1068 473 1168 506 Fecit
1185 474 1311 518 vulgus

306 524 557 557 Romanorum
576 521 739 563 historia,
757 523 954 564 como'edia,
973 524 1311 569 t1·ago'edia,Latino

306 583 393 608 tono
411 575 574 619 levigatis
593 575 750 621 syllabis.
802 576 849 609 At
868 574 1122 621 philosophia,
1152 584 1186 610 et
1203 589 1311 622 quae-

306 628 388 660 dam
407 627 541 661 similes
562 628 732 667 voculae,
761 628 874 661 doctis
894 641 1058 662 mansere
1085 635 1124 661 ut
1151 626 1312 673 hospites

306 685 558 724 enei-uaeque,
586 692 660 712 non
672 678 841 712 Latinae:
872 692 957 724 ergo
976 687 1011 713 et
1028 680 1187 714 Graecos
1203 687 1311 714 tonos

305 731 524 764 custodiunt.
593 730 667 764 Cur
692 730 846 777 enimffl)
871 744 947 764 non
970 731 1197 776 proso'ediam
1223 732 1310 765 dici-

305 795 384 816 inus
402 788 441 816 ut
459 781 692 823 comoediam,
715 784 862 828 quando
880 784 976 827 cogis
988 783 1116 817 Latine
1133 797 1190 817 me
1208 796 1310 829 pros-

304 833 386 867 ddia
406 833 550 867 dicere?
603 835 727 868 Altera
754 847 823 868 vox
849 835 956 879 vulgo
976 835 1145 869 Romano
1166 836 1311 875 detrita,

306 887 409 932 quasi
426 886 592 919 Romana
611 888 704 920 facta
725 893 794 924 est;
831 887 941 920 altera
966 888 1004 920 in
1031 885 1161 922 scholis
1187 888 1310 920 docto—

304 951 386 972 rum
411 936 602 972 hominum
632 946 670 973 ut
693 939 830 973 Graeca
856 939 1009 974 delituit.
1074 938 1187 984 Igitur
1214 945 1309 972 recte

301 990 396 1024 dices
422 988 679 1036 philosophia,
715 988 919 1034 theologia,
955 991 1120 1036 quamvis
1142 1004 1217 1024 non
1240 990 1310 1023 La-

302 1042 387 1077 tine.
457 1042 607 1087 Egregia
641 1042 817 1076 sententia
851 1043 1072 1088 Quintiliani
1105 1050 1176 1084 est,
1217 1054 1309 1088 quae

300 1092 370 1128 huc
393 1101 545 1139 spectat:
589 1094 660 1140 Qui
690 1095 889 1134 Graecam,
924 1094 1122 1140 inquitffi),
1156 1095 1308 1139 figuram

300 1147 403 1192 sequi
431 1145 615 1192 malet²⁰)‚
658 1159 733 1179 non
758 1145 887 1179 Latine
924 1147 1089 1192 quidem,
1134 1147 1196 1180 sed
1221 1146 1308 1179 citra

301 1196 621 1243 reprehensionem
657 1199 838 1243 loquetur.
908 1198 1155 1232 Assueverunt
1186 1197 1310 1230 Latini

301 1248 467 1284 homines
496 1257 530 1283 et
554 1250 735 1296 plerisque
761 1250 840 1283 aliis
861 1250 1099 1289 Graecismis,
1141 1256 1182 1283 ut
1206 1249 1309 1294 para·

302 1302 425 1342 clitus,
469 1302 644 1348 quinum
674 1308 768 1334 recte
794 1302 1012 1341 efferantur,
1056 1302 1167 1335 vides.
1235 1301 1310 1335 Nec

303 1354 397 1387 enim
423 1368 445 1399 η
470 1354 536 1386 ini
555 1353 770 1386 Latinorum
795 1354 942 1394 transit,
978 1355 1039 1387 sed
1066 1366 1083 1386 e
1109 1353 1310 1398 obliquum.

300 1406 419 1439 Habes
450 1418 524 1438 non
557 1406 648 1438 male
675 1405 745 1438 dici
776 1402 1030 1450 philosophia,
1071 1406 1132 1438 sed
1161 1404 1311 1444 Graece,

300 1470 366 1491 nec
382 1458 529 1501 longum
550 1469 623 1491 esse
641 1457 671 1497 i,
699 1458 759 1491 sed
779 1464 936 1491 acutum.
990 1455 1029 1489 ld
1047 1458 1145 1502 quod
1168 1468 1310 1490 sexcen-

301 1510 346 1543 tis
364 1509 525 1543 versibus
546 1508 694 1554 quidam
724 1509 880 1553 probare
906 1515 1104 1548 conantur,
1141 1520 1217 1541 rem
1245 1507 1310 1540 mi-

300 1562 398 1594 nime
431 1561 577 1594 dubiam
616 1560 770 1594 indoctis
802 1560 921 1594 etiam.
994 1559 1142 1593 Interim
1177 1566 1211 1592 et
1242 1557 1311 1592 hoc

302 1613 409 1646 velim
446 1613 631 1652 observes,
673 1613 780 1645 metri
812 1624 1018 1646 mensuram
1049 1618 1192 1655 tempus
1224 1623 1311 1650 esse,

302 1677 377 1698 non
397 1671 537 1699 tonum.
582 1664 676 1697 Puto
697 1670 816 1697 autem
837 1664 941 1697 metri
961 1675 1181 1703 mensuram,
1209 1674 1309 1697 scan-

303 1717 465 1756 sionem,
491 1729 530 1749 ea
550 1716 655 1750 estin
676 1716 912 1760 temporibus.

374 1931 406 1964 A
425 1943 510 1964 man
535 1930 570 1963 ti*
603 1930 643 1964 ir'
688 1943 706 1964 a
734 1944 792 1964 mo
828 1932 877 1965 ris
910 1932 947 1964 in
981 1938 1014 1965 te
1043 1944 1105 1976 gra
1135 1930 1171 1965 ti’
1196 1938 1259 1966 est.

417 2032 537 2078 Quid
564 2032 763 2078 quisque
790 2039 1008 2066 tonorum
1038 2033 1198 2077 possit.

407 2100 544 2135 Acutus
565 2107 617 2135 est
631 2101 788 2146 syllabae
807 2102 979 2142 elevatio,
1008 2103 1196 2143 dominus,
1224 2100 1310 2136 Phi-

307 2152 440 2196 lippus.

410 2204 539 2237 Gravis
559 2211 609 2237 est
625 2205 827 2238 communis
844 2205 1012 2240 dictionis
1031 2212 1155 2246 tenor,
1184 2218 1309 2240 earum

306 2255 470 2288 videlicet
494 2256 734 2300 syllabarum,
779 2269 871 2302 quae
896 2270 961 2291 nec
985 2264 1111 2298 acuto,
1153 2270 1218 2292 nec
1244 2258 1312 2291 cir-

307 2307 481 2340 cumflexo
500 2308 785 2351 pronuntiantur
802 2315 917 2343 tractu
931 2337 940 2350 ,
966 2309 1153 2344 Dominus.

411 2359 686 2399 Circumflexus,
727 2360 867 2394 etiamsi
891 2362 1031 2395 elevare
1057 2362 1230 2407 syllabam
1258 2361 1310 2393 vi-

306 2411 453 2451 deatur,
495 2417 616 2445 tamen
644 2411 791 2456 proprie
816 2424 890 2445 non
918 2414 1053 2453 elevat,
1090 2414 1151 2448 sed
1178 2413 1310 2448 tardat.

306 2461 462 2507 Ideoque
494 2476 598 2503 arcu,
644 2464 746 2510 quasi
784 2464 962 2499 mollioris
999 2465 1310 2509 pronuntiationis

344 2586 390 2613 16)
411 2586 490 2615 item]
513 2587 597 2610 Editt.
617 2587 724 2611 1522*
738 2588 815 2611 1541.
836 2588 884 2612 ita.

344 2628 391 2657 17)
412 2628 496 2660 enini]
517 2629 545 2653 in
564 2630 858 2655 Editt.1522—1541.
879 2631 966 2655 deest.

344 2673 389 2701 18)
411 2674 496 2702 enim]
517 2674 543 2697 in
564 2674 623 2697 iisd.
643 2674 728 2699 Editt.
749 2674 838 2698 deest.

345 2718 390 2750 19)
411 2719 508 2748 inquit]
527 2719 554 2742 iu
574 2719 634 2742 iisd.
654 2719 740 2744 Editt.
761 2719 849 2743 deest.

342 2761 391 2790 20)
410 2763 507 2791 malet]
529 2763 570 2787 sic
588 2763 638 2787 Ed.
656 2762 748 2793 1542.;
774 2762 858 2786 Editt.
878 2763 1071 2788 ¹522-1541.
1090 2763 1194 2787 maliet.

2321 140 2373 176 20

1363 220 1488 252 notula
1512 219 1691 254 scribitur.
1747 221 1898 255 Discant
1924 235 2008 267 ergo
2034 223 2156 267 pueri,
2193 232 2374 270 quatenus

1364 270 1441 303 fieri
1487 278 1624 314 potest,
1675 273 1821 319 aliquod
1859 275 2132 318 pronuntiando
2177 277 2371 312 discrimen

1365 319 1457 361 θεός
1477 322 1580 369 θεῷ,
1608 324 1662 357 εἶσ
1681 320 1739 368 ίσ,
1766 328 1887 365 καλῶς
1905 323 2028 366 καλός,

1680 416 1797 451 Usus
1826 424 2052 453 tonorum.

1470 484 1682 529 Quaesitus,
1720 485 1781 530 qui
1807 485 1975 521 dictionis
1999 487 2127 522 tenor?
2163 495 2226 522 aut
2251 494 2372 528 acuto,

1366 537 1562 580 responde,
1613 543 1676 570 aut
1707 537 1936 571 circumflexo
1972 539 2205 573 efferendam.
2281 539 2374 573 Sunt

1366 587 1462 620 enim
1480 585 1517 620 hi
1535 588 1753 633 principales
1778 590 1850 623 duo
1871 590 1968 630 toni,
2003 598 2038 624 et
2062 591 2124 637 qui
2147 591 2293 637 syllabis
2319 591 2374 623 in-

1366 639 1584 673 scribuntur.

1469 690 1604 725 Acutus
1620 692 1698 725 loca
1717 693 1887 737 possidet,
1915 693 2095 734 ultimam,
2119 694 2372 738 penultimam,

1366 743 1713 787 antepenultimam,
1743 742 1854 789 θεός,
1876 743 2093 793 Ὠριγένης,
2120 742 2368 792 παράκλητος.

1470 794 1730 829 circumflexus
1755 796 1843 829 locis
1861 803 1932 837 est,
1960 798 2109 838 ultima,
2136 797 2257 841 θεοῦ,
2285 809 2372 841 pen-

1365 846 1490 879 ultima
1504 873 1512 886 ‚
1541 849 1663 892 σῶμα.

1468 898 1599 932 Gravis
1619 898 1788 932 omnibus
1804 898 1948 943 syllabis
1967 905 2038 940 est,
2067 911 2160 945 quae
2180 899 2281 933 nullo
2299 899 2371 933 alio

1364 954 1452 981 tono
1472 956 1576 983 acuto
1596 956 1658 983 aut
1674 950 1902 983 circumflexo
1919 950 2177 995 insigniuntur,
2203 963 2269 984 nec
2285 951 2372 984 scri-

1364 1000 1463 1034 bitur
1481 1013 1643 1047 unquam
1661 1014 1722 1035 sua
1742 1002 1838 1042 vice,
1866 1008 1906 1035 ut
1924 1002 1961 1035 in
1973 1002 2020 1047 21)
2043 1002 2229 1043 dominus,
2256 1005 2372 1037 minus

1364 1064 1491 1097 graves
1507 1061 1609 1093 sunt,
1638 1054 1746 1087 nullis
1764 1054 1955 1098 insignitae
1974 1054 2080 1088 tonis.
2124 1053 2266 1088 Deinde
2282 1066 2370 1088 vero

1365 1117 1445 1138 cum
1484 1106 1521 1138 in
1559 1106 1750 1149 postremis
1785 1105 1931 1151 syllabis
1960 1106 2158 1151 aliquando
2200 1106 2371 1140 scribitur

1364 1154 1453 1195 θεὸς
1480 1154 1611 1202 ἡμῶν,
1652 1169 1727 1190 non
1758 1163 1810 1190 est
1838 1157 2035 1201 genuinus,
2076 1158 2139 1192 sed
2167 1157 2371 1192 adsciticius

1365 1208 1524 1253 syllabae
1538 1235 1547 1249 ‚
1576 1209 1611 1241 id
1631 1209 1729 1254 quod
1746 1206 1897 1253 posthac
1915 1210 2240 1243 commonebimus.

1724 1302 2016 1350 Regulam).

1468 1370 1575 1405 Nulla
1603 1383 1669 1404 nec
1685 1370 1847 1411 Latinis,
1885 1383 1952 1405 nec
1973 1371 2121 1405 Graecis
2145 1371 2256 1404 dictio
2283 1371 2372 1405 duo-

1364 1422 1430 1455 bus
1447 1422 1708 1466 principalibus
1727 1428 1779 1456 est
1795 1422 1964 1467 insignita
1984 1423 2078 1457 tonis
2102 1435 2120 1455 e
2146 1423 2201 1456 sui
2227 1429 2372 1463 natura,

1365 1474 1435 1507 nisi
1453 1474 1622 1519 sicubi‘23)
1643 1475 1828 1507 encliticae
1844 1474 2043 1519 particulae
2067 1481 2175 1510 tonus
2200 1475 2236 1507 in
2261 1475 2370 1508 finem

1366 1525 1562 1569 superioris
1594 1526 1691 1560 vocis
1717 1526 1932 1567 reflectitur,
1974 1526 2010 1559 id
2035 1528 2133 1572 quod
2156 1526 2243 1560 citra
2272 1525 2371 1560 vocis

1367 1577 1441 1611 eius
1458 1584 1625 1611 naturam
1646 1578 1702 1618 fit,
1727 1584 1767 1611 ut
1781 1577 1830 1624 ²4)

1520 1637 1699 1671 Dominus
1806 1637 2059 1684 Domintisque

1521 1689 1741 1724 Octavianus
1805 1689 2098 1735 Octaviantisque

1523 1739 1737 1786 Τηλέμαχος
1811 1739 2025 1787 Τηλέμαχός
2041 1753 2081 1775 τε

1523 1794 1634 1837 σῶμα
1819 1789 1929 1837 σῶμά
1945 1805 1985 1826 τε

1469 1852 1547 1885 Hoc
1578 1853 1715 1898 loc025)
1744 1845 2077 1885 admonendi‘sunt
2109 1850 2233 1894 pueri,
2275 1857 2315 1885 ut
2337 1858 2372 1884 et

1366 1903 1495 1937 Latina
1530 1910 1564 1937 et
1586 1904 1725 1937 Graeca
1757 1902 1876 1947 aptius
1904 1903 2045 1947 legant,
2090 1913 2135 1935 ne
2166 1903 2372 1936 naturalem

1366 1955 1534 1988 dictionis
1550 1961 1677 1989 tonum
1696 1955 1846 1987 omnino
1864 1955 2060 1999 negligant,
2089 1954 2118 1987 si
2135 1955 2282 2000 quando
2299 1955 2372 1989 duo

1365 2007 1403 2039 in
1429 2007 1625 2040 dictionem
1653 2006 1817 2040 incidunt
1843 2006 1933 2040 toni.
2003 2006 2105 2039 Alter
2135 2007 2306 2050 proprius
2329 2018 2372 2039 ac

1366 2059 1526 2097 nativus;
1556 2059 1646 2092 alter
1672 2057 1889 2092 accessorius
1912 2055 1966 2093 δι’
1993 2060 2169 2107 ἔγκλισιν.
2224 2058 2294 2092 Sed
2318 2057 2369 2091 ita

1364 2110 1622 2156 pronuntient,
1666 2117 1704 2144 ut
1737 2116 1770 2143 et
1801 2109 1962 2143 suaviori
1992 2122 2083 2145 sono
2107 2108 2292 2150 nativum,
2337 2115 2371 2142 et

1365 2169 1481 2196 tractu
1497 2175 1561 2197 suo
1578 2162 1814 2196 accessorium
1836 2162 2050 2206 dignentur,
2079 2160 2174 2206 ut²⁶)

1377 2243 1509 2305 Ἃ
1666 2240 1704 2306 e
1864 2241 2009 2314 ΗΞ
2158 2232 2196 2307 ἓ
2355 2267 2360 2269 Α

1464 2319 1522 2353 Βό
1570 2319 1620 2352 mi
1648 2321 1714 2355 mis
1743 2333 1811 2366 que
1862 2322 1916 2366 Τη
1982 2321 2023 2356 λε’
2070 2334 2127 2367 μα
2163 2319 2231 2369 χός
2264 2335 2316 2359 τε.

1399 2438 1448 2471 21)
1466 2442 1496 2464 ut
1514 2439 1554 2472 in]
1579 2442 1612 2464 ab
1632 2440 1715 2464 Editt.
1735 2441 1844 2465 1522—
1857 2441 1931 2465 1541.
1952 2442 2043 2467 abest.

1398 2483 1446 2515 22)
1468 2484 1597 2514 Regula]
1618 2484 1702 2508 Editt.
1719 2485 1913 2508 1522—1541.
1934 2485 2028 2508 Prima
2045 2484 2152 2514 regula.

1397 2527 1447 2585 23¹)¹
1466 2527 1521 2551 nisi
1540 2527 1643 2555 sicubi]
1670 2528 1711 2551 sic
1735 2528 1784 2551 Ed.
1801 2528 1892 2557 1542.;
1928 2528 2013 2551 Editt.
2034 2527 2141 2551 ¹522—
2151 2527 2226 2551 1541.
2252 2528 2308 2552 Sed
2331 2528 2368 2553 ad

1450 2569 1512 2588 unc.

1397 2605 1442 2635 24)
1465 2606 1509 2634 ut]
1530 2606 1558 2629 iu
1577 2606 1663 2631 Editt.
1681 2606 1872 2630 1522—1541.
1892 2606 1980 2631 deest.

1397 2649 1447 2677 25)
1466 2650 1524 2673 Hoc
1542 2650 1616 2679 loco]
1635 2650 1676 2674 sic
1694 2651 1744 2676 Ed.
1760 2651 1854 2688 154233
1879 2649 1965 2674 Editt.
1983 2648 2175 2674 1522—1541.
2200 2648 2366 2682 Τηλεμάχου

1432 2691 1459 2708 τε
1483 2685 1694 2713 [Editt.1538.,
1723 2686 1796 2709 1541.
1817 2686 1878 2714 τε],
1910 2691 1960 2707 nec
1988 2690 2047 2708 mos
2066 2685 2109 2708 est
2131 2685 2158 2708 et
2183 2684 2210 2709 in
2241 2685 2365 2710 ultimam

1432 2721 1541 2743 acutum
1561 2721 1645 2743 atium
1666 2721 1844 2744 constituere.
1883 2721 1942 2743 Hoc
1962 2719 2024 2744 loco

1397 2761 1444 2793 26)
1466 2764 1508 2792 ut]
1530 2763 1555 2786 iu
1576 2764 1660 2788 Editt.
1681 2764 1872 2788 1522—1541.
1894 2763 1980 2787 deest.
