2421 3037
240 104 315 141 495

235 192 281 227 Ε1
298 192 410 227 facilis
428 192 545 225 aditus
562 196 611 223 est
630 189 666 221 in
684 187 920 222 Germaniam
937 201 980 222 ex
998 187 1099 222 Italia
1112 215 1121 229 ‚
1150 199 1241 234 quae

236 245 269 279 ei
284 245 407 279 multis
424 245 467 277 de
485 242 599 276 causis
615 253 720 285 saepe
738 241 905 274 adeunda
926 241 1005 275 erit.
1061 240 1160 274 Sicut
1176 240 1242 273 Ca-

234 298 333 331 rolus
350 297 517 340 Magnus,
539 293 706 333 Ottones,
734 293 881 327 Henrici
902 293 1028 326 crebro
1045 292 1082 325 in
1100 291 1240 326 Italiam

235 354 428 383 venerunt:
466 346 575 386 alias,
603 351 642 378 111
657 344 926 380 Ecclesiasticos
948 345 1123 379 tumultus
1140 345 1242 379 seda-

235 407 331 437 rent;
366 399 474 439 alias,
509 404 549 432 ut
574 397 795 442 depellerent
820 397 1014 436 barbaros;
1059 397 1167 436 alias,
1203 403 1243 429 111

234 453 421 487 civitatum
447 450 641 485 seditiones
666 449 928 495 opprimerent.
982 449 1039 482 An
1062 449 1242 483 existima-

233 505 278 539 tis
293 517 374 538 eum
392 516 466 537 non
485 509 677 536 venturum
694 515 781 543 esse,
797 508 836 536 ut
851 501 1031 541 Austriae,
1050 514 1141 547 quae
1159 513 1241 534 vere

234 558 266 591 ei
292 556 408 602 patria
433 562 504 595 est,
534 567 639 599 opem
663 555 777 595 serat,
807 567 886 588 cum
909 554 965 587 vel
983 554 1020 586 in
1040 552 1242 586 Pannoniis

234 610 290 643 vel
318 609 354 642 in
378 609 454 653 ipsa
480 607 625 641 Austria
652 606 824 640 Turcicas
847 606 1006 651 legiones
1031 605 1154 649 vagari
1180 617 1242 638 au-

234 661 331 696 diet?
394 660 456 694 llle
488 672 574 692 vero
607 671 739 702 magno
773 659 897 692 a'nimo
924 664 1107 698 accurret,
1143 664 1182 690 ut
1208 663 1243 689 et

234 713 392 760 patriae,
422 719 455 745 et
477 712 544 745 toti
565 711 643 745 orbi
660 709 868 745 Christiano
884 723 989 755 opem
1007 711 1109 744 ferat.

337 765 460 810 Quare
485 765 528 797 de
553 763 712 797 absentia
739 776 819 797 cum
847 762 985 807 cogito,
1024 774 1094 808 qua
1121 767 1242 794 mente

234 819 419 864 praeditus
437 817 494 857 sit,
512 828 604 862 quae
619 829 700 849 eum
719 815 878 860 pericula
895 814 1134 848 exuscitatura
1153 813 1241 847 sint:

234 871 342 905 etiam
367 870 486 903 minus
504 881 582 902 sum
604 868 789 902 sollicitus.
843 866 932 900 Fata
953 867 1061 900 etiam
1082 864 1137 900 his
1154 872 1243 898 tem-

232 923 383 968 poribus
417 921 638 966 promittunt
672 919 930 953 Germanicum
968 917 1243 963 Imperatorem,

234 975 297 1021 qui
327 974 483 1008 maiores
515 972 765 1016 magnitudine
797 972 982 1016 potentiae
1008 977 1243 1015 superaturus

233 1028 290 1061 sit.
344 1026 390 1059 Et
408 1026 546 1059 addunt
565 1025 714 1057 alteram
734 1024 876 1057 laudem
895 1024 1011 1057 multo
1026 1022 1241 1068 gratiorem:

232 1081 414 1118 futurum,
442 1084 482 1110 ut
506 1077 668 1110 bonitate
694 1083 728 1110 et
749 1076 938 1109 clementia
964 1082 1108 1120 praeter
1130 1081 1243 1108 83818-

234 1144 294 1165 105
317 1142 417 1174 reges
442 1129 610 1170 excellat,
639 1141 705 1162 nec
730 1129 842 1162 alium
868 1128 937 1162 nisi
954 1128 1147 1167 carolum,
1183 1138 1244 1159 va·
1270 1141 1271 1145 ¹

446 1182 568 1227 Quare
601 1187 709 1226 opto,
746 1187 785 1215 ut
815 1181 914 1214 Deus
947 1179 1145 1225 Imperium
1176 1178 1244 1223 ipsi
1270 1172 1272 1202 s

234 1184 378 1217 ticinor.

235 1234 457 1275 committat,
502 1246 657 1280 eumque
690 1233 866 1278 gubernet
897 1233 941 1266 ad
967 1233 1119 1266 salutem
1147 1230 1245 1265 orbis

234 1295 429 1321 terrarum.

340 1338 445 1379 Dixi,
474 1350 566 1384 quae
594 1337 630 1370 in
656 1337 860 1383 praesentia
884 1338 927 1370 de
952 1336 1127 1370 electione
1147 1335 1245 1369 colli·
1271 1346 1273 1357 ¹

237 1405 319 1437 gere
336 1391 451 1437 potui.
478 1391 546 1424 Sed
567 1390 650 1436 qnia
669 1390 873 1424 communis
892 1396 942 1424 est
961 1387 1050 1423 11388
1070 1388 1245 1422 delibera-

237 1445 288 1479 tio
314 1443 431 1478 nostri
454 1442 669 1488 amplissimi
693 1449 859 1483 senatus,
892 1449 926 1475 et
950 1455 1014 1476 vos
1038 1454 1105 1486 pro
1126 1447 1245 1474 vestra
1272 1462 1273 1469 1

236 1497 412 1542 sapientia
425 1523 434 1536 ‚
463 1496 567 1540 plura
593 1495 701 1528 etiam
720 1496 763 1528 de
781 1495 966 1539 republica
985 1494 1157 1537 cogitasse
1174 1492 1246 1525 exi—

237 1550 363 1584 stimo:
399 1560 555 1594 quaeso,
591 1553 631 1580 ut
655 1546 787 1591 singuli
813 1559 894 1580 suas
915 1546 1113 1580 sententias
1138 1557 1245 1589 expo-

237 1607 346 1641 nant,
382 1606 422 1633 ut
458 1600 588 1633 deinde
624 1598 797 1643 eligamus
835 1611 935 1638 eam,
976 1610 1083 1643 quam
1121 1608 1274 1630 omneS‘

237 1652 375 1688 collatis
401 1651 635 1697 opinionibus
658 1651 816 1684 maxime
841 1663 858 1684 e
882 1650 1066 1695 republica
1095 1661 1168 1683 esse
1194 1649 1246 1682 iu-
1272 1669 1274 1678 ε

1272 1702 1275 1709 ’
1302 1699 1441 1733 diocres
1472 1700 1579 1733 duces
1611 1696 1829 1733 habuerunt.

237 1706 420 1740 dicabunt.

342 1757 438 1790 Haec
465 1769 545 1790 cum
571 1754 717 1789 dixisset
735 1754 997 1799 Moguntinus,
1025 1760 1059 1787 et
1082 1752 1247 1786 hortare-
1273 1764 1275 1800 ᾗ

238 1817 297 1844 1111
325 1815 507 1849 caeteros,
549 1814 589 1841 ut
617 1820 681 1842 suo
712 1807 863 1853 quisque
894 1806 1021 1840 ordine
1051 1812 1248 1850 exponeret
1274 1813 1275 1852 ᾗ

238 1874 339 1897 suam
361 1860 681 1895 deliberationem:
709 1858 891 1903 congressi
909 1859 970 1892 alii
987 1871 1027 1892 ac
1046 1870 1158 1903 pauca
1176 1858 1247 1891 col—
1274 1870 1275 1876 ¹

238 1914 369 1954 locuti,
398 1913 592 1947 Trevirum
619 1912 745 1946 iubent
762 1912 899 1952 dicere,
936 1911 998 1958 qui
1016 1911 1176 1956 pollebat
1194 1911 1248 1943 in·
1274 1912 1276 1932 ’ν

238 1966 366 2011 genio,
394 1966 579 2006 doctrina,
608 1971 643 1998 et
665 1977 732 1998 11511
754 1976 891 1998 rerum.
944 1963 1038 1998 Nam
1058 1970 1091 1996 et
1108 1963 1247 1996 Romae

240 2020 278 2052 in
302 2018 443 2052 iudiciis
470 2024 502 2051 et
520 2016 674 2062 negotiis
693 2016 844 2061 publicis
861 2016 923 2049 diu
941 2022 1103 2050 versatus
1118 2016 1248 2056 fuerat,

239 2078 276 2105 et
298 2071 335 2104 in
360 2070 558 2105 Germania
585 2075 735 2114 propter
757 2068 992 2102 domesticam
1018 2067 1248 2102 administra-

240 2123 376 2157 tionem
392 2150 401 2164 ,
431 2129 465 2156 et
488 2122 738 2156 dexteritatem
761 2121 799 2154 in
818 2121 969 2166 publicis
988 2120 1142 2165 negotiis
1155 2147 1164 2161 ,
1192 2120 1249 2153 vel

241 2175 404 2220 imperii,
440 2175 495 2208 vel
525 2175 680 2208 aliorum
704 2173 933 2218 principum,
967 2185 1136 2217 magnam
1164 2185 1250 2217 pru-

241 2227 384 2261 dentiae
409 2227 553 2261 laudem
581 2233 658 2260 erat
675 2232 898 2260 consecutus.

242 2331 327 2378 quia
354 2332 390 2364 in
417 2331 569 2377 privatis
585 2331 834 2374 congressibus
852 2330 1044 2376 aliquoties
1063 2341 1249 2375 oppugna-

242 2390 344 2417 verat
367 2383 489 2417 Caroli
527 2383 757 2417 electionem:
800 2383 992 2416 videbatur
1027 2389 1175 2427 paratus
1205 2383 1249 2415 ad

242 2436 435 2470 dicendum
457 2436 591 2469 venire.
641 2435 802 2476 Caeteri,
829 2442 869 2469 ut
887 2435 1036 2468 liberius
1053 2446 1154 2468 suam
1171 2446 1250 2468 sen-

242 2488 392 2522 tentiam
426 2494 641 2533 exponeret,
677 2487 782 2520 initio
812 2488 1033 2521 audiendum
1068 2499 1148 2520 eum
1176 2499 1249 2521 esse
1276 2504 1278 2513 ν

243 2546 473 2576 censuerunt.
528 2539 585 2573 Sic
604 2539 713 2583 igitur
733 2552 879 2574 exorsus
900 2546 963 2574 est.

348 2592 467 2626 Audio
493 2592 530 2625 in
558 2589 625 2625 1138
652 2592 727 2636 ipsa
750 2592 861 2633 urbe,
896 2605 976 2625 cum
1002 2598 1122 2636 patres
1141 2591 1250 2626 vestri

243 2647 290 2678 ad
323 2645 528 2690 eligendum
558 2644 848 2677 Maximilianum
882 2644 1152 2685 convenissent,
1189 2644 1250 2677 ad-

242 2697 349 2731 fuisse
377 2703 516 2738 vatem,
554 2696 617 2743 qui
642 2696 793 2737 dixerit,
826 2696 995 2730 ultimum
1014 2695 1250 2731 Germanico-

243 2761 324 2784 rum
343 2748 610 2795 Imporatorum
628 2749 705 2782 fore
726 2748 1030 2784 Maximilianum.
1086 2748 1250 2795 Cumque

867 101 993 137 PHIL.
1023 102 1136 136 MEL.
1165 99 1371 134 SCRIPTA
1399 98 1671 135 HlSTORlCA.

1268 499 1271 519 ²
1297 499 1516 533 Germaniae
1534 499 1701 533 collocuti
1722 500 1899 534 feruntur.

1268 742 1271 752 Ι
1298 706 1409 740 8110111
1425 714 1585 742 eventus.

952 2225 1026 2260 Nec
1044 2225 1105 2258 ulli
1125 2237 1166 2258 ex
1185 2237 1249 2257 110-
1276 2252 1278 2261 ,

242 2280 323 2314 stris
350 2279 573 2324 principibus
594 2291 649 2312 res
668 2279 828 2312 Gallicae
854 2284 957 2311 erant
977 2277 1151 2312 notiores.
1206 2275 1249 2317 Is,
1275 2317 1278 2323 ‚

2229 103 2304 141 496

1298 186 1402 220 initio
1427 186 1610 227 fabulam,
1638 186 1715 221 sine
1738 193 1836 220 certo
1860 193 1988 221 autore
2013 194 2158 229 natam,
2187 189 2306 224 existi·

1298 244 1459 272 marent:
1505 238 1697 282 diligenter
1739 239 1877 285 inquiri
1913 246 2077 273 autorem
2107 240 2304 278 iusserunt.

1297 291 1415 337 Quem
1441 302 1522 324 cum
1544 291 1588 323 ad
1605 302 1642 324 se
1662 297 1867 332 vocassent,
1895 298 1930 325 et
1945 304 1987 325 ex
2002 292 2166 326 moribus
2182 299 2218 326 et
2233 305 2306 328 ser-

1297 343 1466 376 monibus
1482 340 1642 376 hominis
1658 342 1873 384 iudicarent,
1892 356 1968 377 non
1985 350 2120 378 temere
2139 357 2221 378 eum
2239 343 2305 381 has

1296 395 1461 428 fatidicas
1481 407 1586 428 voces
1601 396 1723 428 edere:
1754 396 1858 428 valde
1874 393 1943 430 hoc
1961 396 2172 430 vaticinium
2191 397 2307 430 admi-

1297 447 1367 480 rati
1384 453 1480 487 sunt,
1502 447 1689 492 multaque
1706 448 1749 480 de
1766 448 1988 492 posteritate,
2011 447 2085 496 et3)
2104 448 2306 483 mutatione

1939 500 2109 534 Meminit
2126 499 2214 534 haec
2229 501 2306 536 sine

1297 552 1407 585 dubio
1426 553 1498 585 dux
1513 551 1691 585 Saxoniae
1706 551 1925 593 FrIdericus‚
1952 552 2015 598 qui
2033 559 2118 587 tunc
2134 565 2206 587 una
2224 565 2305 587 cum

1297 610 1400 648 patre
1418 603 1572 637 Ernesto
1592 604 1719 638 adsuit.

1400 655 1674 700 Propemodum
1708 662 1828 689 31118111
1863 656 2058 701 respondet
2085 657 2138 690 illi
2164 656 2307 702 praedi-

1637 708 1771 741 Audivi
1790 708 1885 742 enim
1903 714 2038 742 attente
2057 708 2307 756 eloquentissi-

1298 772 1398 793 mum
1426 759 1628 804 principem
1646 760 1926 805 Moguntinum,
1961 761 2024 806 qui
2049 773 2130 795 cum
2155 761 2306 806 diligen-

1269 811 1271 833 *
1298 811 1434 845 tissime
1460 812 1644 856 collegerit
1670 812 1813 853 omnia,
1839 825 1932 858 quae
1955 813 2059 847 nobis
2076 813 2114 846 in
2133 811 2201 847 hac
2218 813 2307 846 deli-

1298 863 1485 897 beratione
1503 863 1756 909 prospicienda
1773 871 1872 898 sunt:
1903 872 2025 898 tamen
2042 867 2087 899 ad
2104 872 2306 899 extremum

1298 914 1366 949 1108
1401 923 1521 949 8811581
1554 916 1786 950 11111155111111111
1816 929 1889 950 8558
1919 917 1999 950 orbi
2028 924 2234 959 terrarum,
2267 923 2308 951 ut

1299 968 1529 1013 peregrinum
1548 967 1810 1013 imperatorem
1829 981 2070 1003 accersamus:
2098 970 2135 1003 id
2153 970 2183 1004 si
2198 969 2307 1003 fatale

1298 1027 1369 1061 est,
1397 1022 1529 1054 frustra
1557 1033 1814 1066 repugnamus.
1867 1021 1937 1054 Sed
1964 1022 2053 1055 illud
2079 1022 2215 1063 miror,
2244 1034 2308 1055 cur

1299 1073 1373 1117 ipse
1398 1072 1600 1117 Hispanum
1627 1074 1804 1106 anteferat
1827 1073 1945 1107 Gallo.
2001 1074 2081 1119 Qua
2106 1074 2144 1107 in
2171 1086 2209 1108 re
2233 1074 2307 1118 pri-

1299 1138 1398 1158 mum
1428 1123 1517 1158 mihi
1548 1125 1772 1170 deploranda
1806 1131 1858 1159 est
1884 1126 2104 1160 Germaniae
2131 1126 2306 1160 conditio.

1298 1175 1399 1212 Nihil
1427 1177 1532 1211 nobis
1560 1177 1715 1211 externis
1744 1177 1951 1222 praesidiis,
1988 1176 2080 1211 nihil
2107 1177 2307 1223 peregrinis

1299 1229 1449 1264 ducibus
1471 1242 1561 1274 opus
1586 1236 1695 1270 esset,
1722 1230 1752 1263 si
1772 1229 1952 1263 maiorum
1971 1242 2119 1264 suorum
2136 1231 2307 1264 virtutem

1299 1288 1445 1316 nostrae
1471 1282 1597 1316 aetatis
1622 1281 1803 1327 principes
1825 1281 1962 1315 imitari
1985 1282 2127 1316 vellent.
2181 1281 2308 1316 Otium

1301 1341 1334 1368 ct
1357 1334 1568 1368 servitutem
1594 1334 1823 1380 quaerimus,
1858 1335 1944 1368 dum
1967 1340 2154 1368 externum
2175 1333 2310 1379 princi-

1301 1399 1383 1432 pem
1408 1387 1632 1421 adducimus.
1686 1386 1744 1419 An
1768 1386 1924 1430 putatis,
1962 1393 2024 1420 aut
2048 1399 2135 1420 avos
2157 1392 2309 1426 vestros,

1300 1439 1489 1472 Albertum
1517 1435 1792 1478 Marchionem,
1835 1444 1897 1471 aut
1921 1437 2149 1472 Fridericum
2174 1437 2310 1471 Palati-

1301 1504 1386 1525 num
1399 1518 1408 1531 ,
1447 1496 1509 1524 aut
1526 1491 1716 1525 Albertum
1739 1490 1918 1523 Saxonem
1934 1490 2043 1524 fuisse
2066 1502 2229 1535 unquam
2248 1502 2310 1523 ex-

1301 1550 1444 1577 ternum
1479 1543 1668 1576 dominum
1703 1541 1949 1576 adducturos?
1989 1542 2059 1587 ipsi
2089 1542 2309 1583 militabant,

1301 1608 1356 1629 res
1379 1596 1564 1639 gerebant.
1630 1594 1705 1628 Nec
1727 1606 1889 1640 unquam
1915 1594 2110 1635 exercitus,
2142 1594 2310 1639 pecunia,

1301 1659 1402 1680 arma
1432 1646 1564 1681 nostris
1586 1647 1798 1686 defuerunt,
1836 1647 2130 1693 quandocunque
2155 1647 2211 1680 vel
2235 1658 2309 1679 me-

1893 1698 2029 1732 Verum
2062 1698 2192 1732 omitto
2223 1710 2310 1745 que-

1303 1752 1428 1786 1813111.

1406 1803 1442 1837 81
1470 1803 1621 1837 0111111110
1650 1803 1861 1848 peregrinus
1890 1802 2093 1848 Imperator
2121 1800 2309 1837 habendus

1303 1863 1373 1898 est,
1411 1868 1538 1890 causae
1568 1862 1651 1890 sunt
1676 1856 1874 1900 plurimae,
1911 1867 2024 1901 quare
2047 1855 2208 1889 Gallicus
2230 1854 2310 1888 Rex

1303 1910 1579 1953 anteponendus
1595 1908 1639 1942 sit
1658 1908 1838 1941 omnibus.
1891 1907 1943 1940 Ac
1961 1907 2173 1953 priusquam
2190 1906 2308 1940 dicam

1302 1960 1409 1998 11111115
1433 1961 1505 1994 11181
1524 1960 1647 1994 iudicii
1663 1960 1842 2000 rationes,
1870 1959 2029 2004 primum
2047 1960 2091 1993 de
2110 1959 2186 2004 lege
2203 1965 2238 1993 et
2257 1959 2310 1992 iu-

1303 2014 1500 2048 reiurando
1526 2013 1740 2058 disputabo,
1784 2013 1879 2046 unde
1904 2025 2051 2046 exorsus
2078 2018 2130 2046 851
2154 2011 2310 2056 Mogun-

1304 2067 1411 2100 tinus.
1467 2065 1624 2111 Opimor
1647 2065 1804 2099 maiores
1822 2071 1966 2099 nostros
1992 2063 2059 2098 hac
2080 2064 2157 2108 lege
2183 2075 2309 2097 cavere

1276 2119 1277 2149 ἶ
1305 2119 1478 2159 voluisse,
1508 2130 1553 2151 ne
1573 2117 1769 2152 Germania
1799 2117 1981 2150 amitteret
2005 2115 2153 2161 Imperii
2182 2116 2308 2150 decus:

1305 2183 1420 2217 eoque
1434 2170 1645 2216 peregrinos
1662 2169 1778 2214 Reges
1806 2169 1888 2214 eligi
1910 2169 2126 2210 noluerunt,
2154 2166 2224 2202 hoc
2247 2174 2311 2209 est,

1305 2224 1392 2258 tales
1404 2251 1413 2265 ‚
1441 2223 1503 2269 qui
1520 2235 1596 2256 non
1612 2219 1789 2256 haberent
1804 2222 1841 2255 in
1857 2222 2055 2256 Germania
2072 2220 2310 2261 domicilium,

1305 2289 1349 2310 118
1375 2283 1520 2310 externa
1546 2274 1645 2308 natio
1663 2275 1839 2320 paulatim
1859 2287 1926 2308 usu
1941 2280 2086 2318 caperet
2103 2272 2310 2319 imperium.

1305 2329 1402 2363 Haec
1435 2327 1464 2361 si
1492 2334 1543 2361 est
1571 2327 1739 2362 voluntas
1764 2327 1870 2372 legis,
1913 2324 2028 2360 nihilo
2055 2326 2169 2371 magis
2189 2324 2312 2359 licebit

1304 2382 1507 2426 Hispanum
1540 2379 1692 2424 eligere,
1735 2392 1845 2426 quam
1869 2379 2028 2414 Gallum.
2093 2376 2310 2423 Hispanicus

1304 2434 1382 2468 Rex
1410 2432 1552 2476 longius
1575 2444 1594 2465 3
1619 2432 1725 2466 1101115
1750 2433 1860 2467 abest.
1914 2430 1963 2465 Et
1981 2430 2082 2464 natio
2100 2430 2177 2475 ipsa
2193 2428 2310 2464 domi-

1304 2485 1462 2520 nationis
1484 2484 1613 2529 cnpida
1633 2491 1667 2518 et
1682 2484 1865 2525 bellicosa,
1885 2489 2010 2529 postea
2030 2482 2099 2516 sibi
2114 2481 2308 2528 imperium

1305 2537 1512 2584 extorqueri
1534 2549 1609 2577 non
1626 2537 1738 2578 sinet,
1766 2543 1807 2571 ut
1824 2542 1948 2582 postea
1966 2535 2097 2569 iterum
2116 2534 2309 2569 dicendum

1305 2591 1384 2625 erit.
1444 2589 1491 2623 Et
1520 2589 1549 2624 si
1581 2587 1650 2623 hoc
1675 2589 1762 2624 satis
1791 2596 1844 2624 est
1866 2600 2012 2629 causae,
2050 2600 2113 2622 cur
2137 2587 2308 2623 Carolum

1338 2726 1598 2787 3jlet]osic'Etttitt.
1614 2727 1701 2759 15⁷2„
1723 2726 1809 2757 1560„
1830 2726 1918 2755 158¹„
1940 2726 2032 2757 1624.;
2057 2726 2093 2750 ab
2114 2725 2197 2751 Editt.
2222 2725 2307 2755 1541„

1392 2764 1425 2787 οῖ)
1449 2781 1453 2786 .
1478 2768 1565 2787 3185.
1894 2770 1897 2774 -
