2389 3037
86 124 161 162 755
611 121 685 157 vn.

86 214 134 248 ris
151 211 359 258 Tarquinii,
389 222 550 250 accuses,
579 222 670 256 quae
687 209 836 243 minime
854 207 1022 243 muliebri
1039 207 1092 239 in-

86 264 192 311 genio
212 270 247 298 et
263 270 340 297 arte
357 274 508 308 regnum
526 261 718 295 affectavit.

513 348 661 382 Aetas.

188 417 244 450 Ab
287 422 404 451 aetate
439 422 716 460 argumentatur
751 414 876 453 Mitio,
921 424 1091 447 excusans

86 467 323 504 adulescentis
347 467 530 502 delictum.

294 553 517 588 Educatio
546 560 587 587 et
616 552 880 597 disciplina.

190 623 287 657 Haec
304 623 392 658 alias
410 622 631 667 corrumpit,
660 622 748 655 alias
765 621 913 654 adiuvat
931 626 963 653 et
985 631 1092 652 exco-

84 675 126 709 lit
142 675 304 721 ingenia,
332 681 366 708 et
383 677 428 708 ad
445 674 692 708 immutandos
709 672 850 706 animos
868 670 959 705 nihil
975 672 1090 704 effica-

85 727 160 762 cius
183 739 224 761 ea
247 739 322 761 esse
347 726 468 761 multis
492 732 718 770 compertum
744 731 795 759 est
821 723 1004 769 exemplis.
1059 724 1091 756 A

85 778 273 825 disciplina
284 778 332 825 ⁸⁸)
354 778 404 813 M.
424 777 549 812 Cicero
569 783 844 822 argumentatur
865 788 930 821 pro
948 775 988 810 L.
1010 775 1091 808 Mu-

85 843 194 871 rena,
221 830 260 864 in
284 830 337 866 M.
356 830 512 864 Catone:
558 828 716 869 Iudices,
738 827 825 862 haec
851 829 947 862 bona
962 855 971 867 ‚
997 840 1090 874 quae

86 883 248 917 videmus
266 881 390 916 divina
408 888 442 916 et
457 881 597 926 egregia
609 909 618 921 ,
646 881 758 926 ipsius
773 881 898 915 scitote
917 892 990 914 esse
1007 891 1091 925 pro-

84 934 184 980 pria,
227 946 319 981 quae
348 946 613 979 nonnunquam
650 933 890 979 requirimus,
936 944 974 965 ea
1007 937 1091 965 sunt

85 987 209 1020 omnia
233 998 309 1020 non
332 998 352 1019 a
378 992 530 1026 natura,
569 998 694 1019 verum
720 997 740 1018 a
768 985 953 1029 magistro.
1008 983 1091 1017 Fuit

85 1038 182 1072 enim
202 1038 350 1084 quidam
369 1050 511 1072 summo
531 1037 676 1082 ingenio
697 1037 753 1070 vir
771 1037 890 1078 Zeno,
919 1036 1019 1070 cuius
1036 1036 1091 1068 in-

84 1096 277 1124 ventorum
301 1090 434 1124 aemuli
454 1089 565 1124 Stoici
591 1089 847 1129 nominantur,
880 1087 988 1122 huius
1012 1100 1091 1122 sen-

84 1142 217 1176 tentiae
242 1148 326 1176 sunt
350 1147 384 1175 et
411 1148 601 1186 praecepta
629 1141 821 1176 eiusmodi.
884 1140 1009 1174 Gratia
1037 1151 1091 1174 sa-

740 119 1110 157 COMPENDIAfflA
1139 117 1454 153 DIALECTICES
1482 116 1646 152 RATIO.

1115 616 1119 637 l

84 1193 243 1239 pientem
267 1205 456 1239 nunquam
481 1193 639 1234 moveri,
674 1206 860 1239 nunquam
890 1192 1090 1237 cuiuspiam

83 1246 214 1280 delicto
244 1245 451 1290 ignoscere,
497 1246 679 1279 neminem
713 1245 982 1279 misericordem
1017 1256 1090 1278 esse

83 1297 154 1332 nisi
175 1298 324 1332 stultum
349 1304 384 1331 et
402 1298 538 1337 levem,
568 1298 636 1330 viri
654 1309 727 1330 non
749 1309 843 1338 esse,
871 1309 988 1343 neque
1009 1308 1090 1330 exo-

84 1349 179 1389 rari,
208 1361 326 1396 neque
352 1350 511 1394 placari,
539 1350 634 1384 solos
651 1349 830 1394 sapientes
852 1362 945 1387 esse,
976 1349 1004 1383 si
1022 1348 1091 1382 dis-

84 1401 273 1435 tortissimi
297 1401 389 1441 sint‚
416 1402 616 1441 formosos,
644 1401 671 1435 si
697 1401 972 1439 mendicissimi,
1001 1400 1092 1433 divi-

85 1460 148 1494 tes,
169 1453 198 1488 si
214 1452 423 1487 servitutem
442 1453 613 1493 serviant,
639 1465 756 1497 reges;
795 1465 861 1487 nos
875 1459 1008 1492 autem,
1029 1452 1091 1498 qui
1117 1488 1118 1496 ἶ

83 1506 263 1550 sapientes
281 1517 355 1538 non
371 1517 514 1545 sumus,
537 1505 720 1550 fugitivos,
741 1505 879 1545 exules,
902 1502 1090 1550 hostesffl),
1117 1519 1118 1525 ¹

85 1558 231 1591 insanos
249 1556 405 1602 denique
422 1568 495 1590 esse
514 1557 650 1590 dicunt.
705 1556 838 1590 Omnia
855 1563 999 1602 peccata
1018 1569 1090 1590 esse

84 1609 206 1654 paria.
243 1620 349 1641 omne
375 1608 543 1641 delictum
570 1610 682 1642 scelus
705 1621 778 1643 esse
797 1609 998 1646 nefarium,
1026 1620 1091 1641 nec
1116 1614 1118 1645 j

85 1660 204 1694 minus
230 1660 439 1706 delinquere
468 1672 548 1693 eum
564 1687 571 1699 ,
608 1660 669 1706 qui
688 1661 819 1704 gallum
840 1661 1091 1705 gallinaceum,
1116 1673 1118 1704 ξ

84 1725 164 1746 cum
191 1724 281 1757 opus
309 1724 384 1745 non
408 1711 537 1751 fuerit,
567 1725 676 1758 quam
702 1713 764 1758 qui
783 1719 920 1757 patrem
939 1712 1091 1746 suss'oca-
1116 1727 1117 1731 ¹

84 1764 189 1798 verit.
242 1763 449 1808 Sapientem
471 1761 564 1797 nibil
589 1764 752 1809 opinari,
781 1765 913 1799 nullius
936 1763 987 1797 rei
1006 1777 1090 1809 poe-

85 1816 221 1856 nitere,
244 1816 344 1849 nulla
364 1816 399 1848 in
417 1828 454 1849 re
476 1816 570 1853 falli,
599 1817 813 1850 sententiam
839 1823 979 1849 mutare
998 1828 1090 1849 nun-

86 1880 208 1914 quam.
246 1867 324 1901 Hoc
346 1866 457 1901 homo
480 1868 789 1911 ingeniosissimus
810 1869 860 1902 M.
880 1869 969 1901 Cato
989 1874 1091 1901 auto-
1116 1874 1117 1878 ’

85 1919 185 1954 ribus
210 1919 461 1954 eruditissimis
487 1920 555 1953 iter
579 1921 745 1954 inductus
772 1921 945 1965 arripuit,
973 1932 1091 1966 neque

86 1971 295 2017 disputandi
319 1983 462 2010 caussa,
491 1974 551 2005 sed
575 1972 621 2005 ita
643 1972 800 2006 vivendi.
854 1972 1007 2018 Reliqua
1029 1972 1091 2018 qui

87 2024 195 2064 volet,
220 2035 261 2056 ex
278 2023 356 2068 ipso
373 2023 423 2058 M.
441 2023 614 2058 Cicerone
630 2030 740 2069 petat.
784 2024 829 2057 Et
848 2024 885 2057 in
903 2023 998 2058 bunc
1014 2037 1091 2057 mo-
1116 2042 1117 2046 =

87 2077 173 2110 dum
198 2075 416 2120 praestiterit
441 2076 663 2120 optimorum
681 2077 898 2121 scriptorum
921 2076 1090 2120 exemplis

86 2127 159 2167 uti,
188 2139 206 2161 e
224 2127 354 2173 quibus
372 2139 566 2171 cognoscas
582 2141 655 2162 non
679 2130 788 2162 modo
813 2128 1090 2173 argumentandi

86 2180 260 2224 figuram,
304 2180 364 2213 sed
402 2186 435 2212 et
467 2182 651 2225 quomodo
687 2181 840 2215 illustres
877 2188 909 2214 et
940 2193 1117 2218 exornes,

88 2237 360 2276 argumentum,
395 2230 481 2277 quid
509 2232 603 2265 enim
632 2245 764 2279 quaeso
782 2235 900 2278 potuit
927 2245 944 2265 a
966 2233 1014 2266 M.
1035 2233 1091 2265 Ci-

88 2295 218 2317 cerone
246 2290 307 2316 aut
333 2283 565 2327 prudentius,
602 2292 660 2318 aut
692 2285 855 2319 ornatius
881 2298 922 2317 eo
952 2285 1029 2318 loro
1056 2285 1090 2317 in

89 2334 262 2368 Catonem
282 2335 350 2368 dici
362 2335 376 2367 't’

363 2420 589 2465 Corporis
625 2420 819 2456 babitus.

193 2487 225 2520 A
244 2488 407 2532 corporis
425 2486 569 2523 babitu.
599 2489 716 2534 qualia
743 2496 824 2522 sunt
853 2492 948 2534 apud
965 2490 1014 2524 M.
1036 2490 1092 2522 (Ji-
1146 2491 1274 2537 quibus
1301 2504 1474 2536 personae
1505 2499 1724 2530 tractantur,
1770 2500 1809 2526 ut
1836 2493 2026 2539 pleraeque
2053 2500 2147 2527 sunt.

91 2551 257 2572 ceronem
278 2540 313 2572 in
331 2540 518 2574 Pisonem:
557 2540 676 2573 lamne
694 2540 791 2574 vides
807 2542 908 2575 belua
920 2543 934 2575 ’.Ρ
970 2542 1092 2575 Iamne

124 2718 173 2750 88)
194 2720 295 2742 Anuot.
315 2725 416 2750 marg:
448 2720 485 2743 De
505 2720 650 2749 disciplina
669 2720 769 2742 ⁸*toi-ta⁴

124 2761 173 2791 89)
194 2763 322 2791 hostes,]
350 2763 434 2786 Edizt.
456 2764 542 2789 1A3,
562 2763 662 2788 hostis,

98 2803 279 2836 Metam-u.
306 2804 409 2835 Oeen.
459 2806 539 2835 Vni„
567 2806 636 2834 XX.

2073 116 2149 152 754

1147 206 1263 241 Nemo
1281 205 1444 251 queritur
1461 204 1605 249 Syrum,
1622 203 1742 238 nescio
1758 212 1880 250 quem,
1900 204 1943 237 de
1959 215 2064 248 grege
2082 217 2147 237 no-

1147 257 1319 291 vitiorum
1341 257 1473 290 factum
1500 268 1574 290 esse
1593 255 1813 290 Consulem?
1864 255 1949 291 Non
1967 255 2063 288 enim
2084 267 2150 290 nos

1147 309 1247 342 color
1271 308 1334 342 iste
1359 308 1517 348 servilis,
1546 320 1620 341 non
1645 308 1782 353 pilosae
1807 314 2041 352 genae,*non
2063 308 2149 340 den-

1147 366 1198 395 tes
1220 360 1358 406 putridi
1381 361 1618 404 deceperunt,
1655 360 1770 400 oculi,
1797 359 1987 406 supercilia
2002 386 2011 400 ,
2038 360 2151 399 frons,

1146 412 1264 446 vultus
1290 411 1445 457 denique
1471 418 1588 452 totus,
1622 412 1684 458 qui
1708 423 1827 446 sermo
1851 411 1999 458 quidam
2022 411 2151 445 tacitus

1147 465 1276 498 mentis
1300 470 1370 503 est,
1399 461 1454 496 liic
1481 463 1515 496 in
1537 476 1697 497 errorem
1718 462 1884 498 homines
1903 462 2065 508 impulit,
2093 460 2152 496 hic

1146 529 1226 557 eos,
1254 515 1384 562 quibus
1402 521 1478 548 erat
1497 516 1657 560 ignotus,
1686 516 1844 560 decepit,
1868 516 2010 551 fefellit.
2039 513 2095 548 hic
2114 514 2151 547 in

1145 569 1308 602 fraudem
1338 566 1489 601 induxit.
1558 567 1651 600 Hinc
1677 573 1930 612 argumentum
1955 578 2065 613 queas
2092 579 2150 611 pe-

1145 627 1219 654 tere
1232 647 1241 661 ,
1267 620 1297 654 si
1313 618 1450 653 Valerii
1467 618 1618 653 Corvini
1634 620 1909 654 describendum
1933 619 2070 652 facinus
2094 618 2151 659 sit,

1145 673 1207 718 qui
1236 678 1336 706 vasto
1365 678 1399 705 et
1426 671 1579 704 immani
1605 684 1756 716 corpore
1782 672 1925 706 Gallum
1956 671 2152 717 quendam,

1145 725 1263 769 impar
1288 724 1363 769 ipse
1388 723 1524 758 viribus
1552 730 1587 757 et
1610 721 1737 758 habitu
1759 724 1940 769 corporis,
1976 722 2151 767 singulari

1146 777 1342 810 certamine
1365 776 1460 810 vicit.

1537 853 1754 888 Fortuna.

1247 925 1279 957 Α
1304 925 1450 958 fortuna
1475 931 1793 968 argumentamur,
1833 937 1944 971 quom
1971 927 2014 959 de
2041 925 2153 959 servi-

1146 982 1239 1014 tute,
1275 976 1461 1014 libertate,
1496 973 1696 1011 honoribus
1723 976 1881 1021 agimus,
1924 978 2043 1023 qualia
2068 985 2152 1012 sunt

1146 1028 1256 1060 multa
1294 1028 1330 1060 in
1361 1028 1608 1062 Ciceronianis
1646 1029 1894 1064 orationibus,
1935 1042 2014 1063 cum
2053 1029 2152 1069 alibi,

1145 1086 1220 1113 tum
1248 1092 1312 1124 pro
1337 1079 1524 1114 Deiotaro.

1445 1174 1597 1207 Animi
1627 1175 1850 1209 conditio.

1248 1242 1331 1277 Non
1350 1254 1479 1287 parum
1498 1244 1606 1277 refert
1624 1250 1785 1288 spectare
1798 1271 1806 1284 ‚
1841 1246 2027 1290 quomodo
2055 1244 2151 1290 quis-

1145 1307 1214 1341 que
1240 1295 1388 1329 affectus
1411 1295 1468 1329 sit.
1521 1295 1614 1330 Nam
1633 1308 1674 1329 ex
1691 1296 1994 1341 propensionibus
2010 1297 2152 1330 animo-

1147 1359 1225 1381 rum
1253 1347 1480 1381 coniecturae
1509 1348 1705 1381 admodum
1739 1349 1944 1393 probabiles
1976 1348 2150 1392 colligun-

1146 1407 1215 1434 tur.
1269 1398 1458 1433 Eiusmodi
1486 1406 1700 1444 argumenta
1726 1407 1810 1434 sunt
1833 1407 1867 1434 et
1892 1401 1986 1445 apud
2008 1400 2151 1433 Cicero-

1148 1464 1225 1484 nem
1245 1464 1310 1496 pro
1331 1451 1485 1485 Milone:
1516 1452 1616 1486 Fecit
1631 1453 1755 1493 iratus,
1778 1453 1861 1486 fecit
1879 1453 2058 1491 inimicus,
2082 1453 2152 1486 suit

1146 1505 1241 1538 ultor
1258 1504 1424 1544 iniuriae,
1452 1505 1600 1548 punitor
1620 1505 1756 1539 doloris
1771 1504 1894 1551 sui90).
1931 1504 1977 1538 Et
1994 1505 2038 1538 de
2057 1506 2149 1538 Aru-

1145 1556 1282 1600 spicum
1305 1556 1503 1600 responsis:
1537 1557 1607 1590 Sed
1634 1564 1757 1590 tamen
1780 1557 1851 1590 mei
1868 1557 1951 1590 facti
1969 1557 2147 1590 rationem

1146 1620 1324 1652 exponere
1352 1608 1420 1642 illis
1446 1608 1550 1648 volo,
1583 1609 1644 1654 qui
1672 1606 1840 1643 hesterno
1864 1609 1920 1642 die
1945 1610 2070 1642 dolore
2094 1622 2149 1642 me

1145 1660 1299 1699 elatum,
1328 1667 1362 1692 et
1386 1660 1571 1694 iracundia
1591 1660 1731 1705 longius
1749 1673 1862 1706 prope
1879 1662 2077 1706 digressum
2094 1673 2151 1694 ar-

1144 1711 1393 1751 bitrabantur,
1422 1725 1529 1758 quam
1556 1713 1728 1757 sapientis
1748 1711 1907 1747 hominis
1924 1713 2076 1757 cogitata
2094 1725 2150 1746 ra-

1146 1764 1194 1797 tio
1214 1764 1438 1808 postulasset.
1493 1762 1592 1798 Nihil
1609 1765 1674 1798 feci
1693 1765 1818 1805 iratus,
1846 1764 1937 1798 nihii
1957 1765 2148 1810 impotenti

1145 1815 1287 1855 animo,
1325 1814 1415 1848 nihil
1446 1828 1518 1849 non
1551 1816 1612 1850 diu
1646 1816 1932 1856 consideratum,
1969 1829 2009 1850 ac
2034 1817 2147 1851 multo

1145 1869 1226 1900 ante
1254 1868 1467 1901 meditatum
1492 1874 1557 1902 etc.
1623 1869 1741 1914 Atque
1768 1867 1836 1903 huc
1862 1869 1899 1902 in
1923 1869 2088 1903 laudibus
2114 1876 2149 1902 et

1146 1919 1331 1964 vituperiis
1356 1920 1537 1964 pertinent
1555 1921 1726 1955 vitiorum
1744 1933 1784 1954 ac
1802 1922 1973 1955 virtutum
1996 1923 2148 1956 formae,

1146 1972 1334 2016 prudentia
1363 1984 1482 2005 rerum
1512 1975 1771 2017 gerendarum,
1800 1973 1966 2014 scientia,
1998 1973 2147 2011 iustitia,

1145 2025 1403 2068 temperantia,
1446 2024 1642 2064 sortitudo;
1697 2032 1844 2065 contra,
1889 2025 2147 2071 imprudentia,

1146 2075 1340 2115 iniustitia,
1378 2077 1676 2122 intemperantia,
1713 2078 1916 2119 temeritas,
1952 2084 2087 2113 metus,
2116 2084 2149 2110 et

1144 2127 1287 2162 similia.

1249 2180 1325 2213 Huc
1353 2180 1434 2213 item
1464 2181 1643 2225 pertinent
1668 2193 1722 2215 res
1754 2183 1807 2215 vel
1829 2183 1939 2221 bene,
1974 2183 2029 2215 vel
2054 2182 2146 2215 male

1146 2238 1284 2276 gestae,
1326 2230 1380 2266 his
1411 2233 1587 2266 factorum
1619 2233 1767 2267 consilia
1795 2235 1897 2268 adde.
1962 2234 2149 2267 Pertinent

1147 2282 1214 2318 huc
1241 2291 1275 2317 et
1300 2296 1535 2328 personarum
1560 2285 1698 2325 studia,
1732 2292 1769 2319 ut
1794 2287 1953 2320 forenses
1979 2286 2059 2321 alii.
2088 2286 2149 2318 alii

1118 2359 1119 2363 ,
1148 2336 1297 2373 milites,
1326 2337 1384 2368 alii
1404 2343 1622 2371 mercatores
1637 2344 1730 2371 sunt.

1252 2387 1289 2420 ln
1318 2389 1481 2432 personis
1506 2386 1593 2421 baec
1618 2390 1729 2422 ferme
1763 2389 2019 2434 requiruntur,
2056 2403 2147 2435 qnae

1117 2465 1119 2468 ⁴
1148 2452 1211 2473 usn
1232 2441 1375 2473 venient
1394 2441 1658 2477 declamatoris,
1688 2448 1748 2474 aut
1768 2441 1976 2475 iudicaturis
1995 2454 2146 2478 caussas.

1146 2544 1189 2576 Et
1214 2542 1319 2577 liuius
1341 2545 1480 2588 generis
1506 2552 1738 2587 argumenta,
1767 2557 1975 2591 quanquam
2000 2544 2145 2589 proprie

90 2591 219 2631 sentis,
256 2603 347 2636 quae
372 2592 417 2626 sit
444 2591 630 2625 bominum
662 2593 804 2637 querela
830 2594 957 2627 frontis
984 2595 1091 2627 tuae?
1116 2594 1119 2641 ξ
1146 2597 1188 2628 ad
1210 2593 1385 2630 lllietores
1405 2596 1625 2640 pertineant,
1654 2610 1803 2642 nempe,
1833 2609 1924 2643 qnae
1945 2596 2145 2641 probabilia

1180 2731 1227 2762 ¹³0)
1248 2733 1346 2755 Aunot.
1364 2738 1440 2763 marg,
1463 2739 1468 2756 :

1216 2767 1287 2790 mina
1307 2767 1406 2792 discas.

1496 2734 1516 2756 E
1533 2734 1618 2762 poetis
1640 2732 1859 2757 commodissime
1879 2732 2024 2756 affectuum
2043 2732 2143 2756 discri-

1685 2803 1731 2836 48
