2389 3037
90 107 166 143 397

91 194 288 228 admodum
316 199 417 238 pater
441 199 576 233 vester,
607 191 669 236 qui
692 198 744 225 est
765 191 800 223 in
828 191 954 231 coelis,
984 190 1099 235 perfe-

91 253 167 280 ctus
189 252 251 279 est.

491 303 609 348 Caput
637 301 696 337 VI.

194 366 400 406 Attendite,
436 377 481 398 ne
513 364 778 410 eleemosynam
810 371 964 398 vestram
997 374 1100 407 prae-

90 419 188 453 stetis
208 430 328 451 coram
349 415 576 457 hominibus,
612 428 684 462 quo
711 415 921 460 spectemini
948 415 992 447 ab
1017 414 1099 448 illis.

88 470 237 516 Alioqui
263 469 465 514 praemium
495 481 569 502 non
595 465 734 502 habetis
760 469 855 513 apud
881 473 1020 512 patrem
1041 479 1100 499 ve-

89 529 224 562 strum,
261 522 322 567 qui
359 528 411 555 est
440 521 476 554 in
501 521 619 555 coelis.
682 519 806 565 ltaque
833 532 912 552 cum
939 525 1101 564 praestas

90 574 377 620 eleemosynam,
413 586 458 607 ne
485 573 580 607 tubis
608 579 758 605 canatur
784 578 866 604 ante
892 578 947 612 te,
976 583 1100 617 quem-

89 627 288 660 admodum
308 624 519 671 hypocritae
536 625 672 658 faciunt
689 624 725 656 in
742 623 1002 663 conciliabulis,
1026 622 1099 669 et⁵)

89 678 126 711 in
151 678 259 719 vicis,
292 685 331 712 ut
356 678 602 722 glorificentur
629 676 673 708 ab
699 673 920 710 hominibus.
982 675 1099 708 Amen

90 730 170 763 dico
196 730 317 771 vobis,
352 727 488 763 habent
511 729 711 762 mercedem
736 739 850 762 suam.
907 727 1097 761 Caeterum

89 789 128 816 tu
150 795 230 815 cum
254 781 453 827 praestabis
479 781 767 825 eleemosynam,
795 779 931 814 nesciat
954 779 1098 813 sinistra

90 841 148 867 tua
161 861 170 874 ,
195 835 292 879 quod
309 832 394 866 facit
410 834 555 866 dextera
573 839 633 866 tua
645 859 654 872 ,
678 838 717 865 ut
733 832 777 866 sit
793 839 852 865 tua
871 833 1096 876 eleemosyna

90 885 126 918 in
153 885 313 926 occulto,
348 891 381 918 et
406 892 510 930 pater
533 892 634 925 tuus,
669 884 730 930 qui
757 884 854 917 videt
879 884 916 917 in
946 883 1099 923 occulto,

89 938 165 982 ipse
189 938 317 971 reddet
340 937 405 970 tibi
433 937 470 970 in
496 937 703 982 propatulo.
757 935 803 969 Et
827 949 906 969 cum
926 935 1100 976 oraveris,

88 1002 165 1023 non
197 990 266 1024 eris
299 989 606 1035 quemadmodum
643 986 867 1034 hypocritae.
929 987 1021 1022 Nam
1046 987 1099 1020 illi

89 1042 206 1075 solent
242 1041 280 1075 in
317 1041 564 1075 conciliabulis
599 1047 632 1074 et
660 1041 697 1073 in
727 1040 867 1085 angulis
895 1040 1097 1085 Platearum

90 1100 224 1128 stantes
267 1105 393 1134 orare,
436 1106 508 1139 quo
551 1093 734 1137 conspicui
771 1093 842 1126 sint
878 1090 1098 1125 hominibus.

88 1146 205 1179 Amen
231 1146 312 1179 dico
339 1146 459 1186 vobis,
487 1147 585 1192 quod
610 1143 744 1178 habent
762 1146 964 1178 mercedem
984 1157 1098 1179 suam.

90 1198 147 1231 Tu
173 1210 259 1231 vero
287 1210 367 1231 cum
395 1209 498 1238 oras,
525 1197 676 1231 introito
697 1197 733 1229 in
754 1197 922 1229 conclave
941 1203 1043 1230 tuum
1066 1203 1100 1229 et

90 1249 232 1284 occluso
259 1249 351 1283 ostio
377 1256 460 1290 tuo,
489 1261 552 1282 ora
579 1255 719 1294 patrem
747 1256 870 1289 tuum,
899 1248 961 1294 qui
986 1256 1036 1282 est
1062 1249 1099 1281 in

90 1301 251 1341 occulto,
279 1307 313 1335 et
328 1307 432 1346 pater
447 1307 548 1342 tuus,
577 1302 639 1347 qui
657 1301 753 1334 videt
772 1301 808 1333 in
829 1301 990 1341 occulto,
1019 1313 1098 1345 per-

89 1353 203 1387 solvet
221 1353 287 1386 tibi
303 1353 341 1386 in
360 1353 567 1398 propatulo.
612 1352 747 1386 Verum
769 1360 933 1393 orantes,
961 1365 1005 1386 ne
1024 1352 1099 1387 sitis

90 1405 298 1452 multiloqui
318 1404 409 1439 sicut
426 1403 571 1438 ethnici.
608 1405 745 1439 Putant
763 1405 969 1446 enimsore,
997 1412 1036 1438 ut
1052 1405 1098 1438 ob

89 1457 360 1504 multiloquium
385 1469 488 1491 suum
517 1457 766 1491 exaudiantur.
821 1456 875 1492 Ne
900 1457 1009 1502 igitur
1026 1457 1098 1490 effi-

90 1509 237 1542 ciamini
253 1509 387 1544 similes
405 1509 571 1544 istorum.
611 1509 723 1544 Novit
739 1509 834 1542 enim
853 1516 955 1554 pater
971 1516 1099 1554 vester,

89 1561 219 1608 quibus
234 1562 340 1596 rebus
357 1575 448 1607 opus
468 1562 513 1596 sit
529 1562 630 1596 vobis
643 1589 653 1602 ,
680 1561 891 1608 priusquam
909 1562 1037 1607 petatis
1053 1562 1098 1595 ab

89 1613 165 1647 illo.
235 1615 292 1648 Ad
326 1612 421 1648 hunc
448 1626 533 1658 ergo
558 1615 707 1648 modum
739 1621 839 1647 orate
865 1627 944 1648 vos:
989 1614 1098 1647 Pater

89 1672 223 1707 noster,
248 1666 309 1712 qui
328 1679 364 1700 es
379 1666 417 1700 in
433 1666 552 1707 coelis,
574 1666 815 1701 sanctificetur
829 1678 964 1700 nomen
982 1673 1098 1706 tuum,

91 1717 209 1750 veniet
233 1730 383 1762 regnum
413 1724 537 1759 tuum,
565 1719 627 1751 fiat
650 1719 816 1752 voluntas
841 1725 901 1752 tua
926 1720 1098 1764 quemad-

761 103 880 138 XCIX.
934 102 1132 138 ELEMEN
1138 103 1205 138 TA
1237 103 1481 139 PUERJLQ.

2080 104 2154 141 398

1155 202 1280 224 sauros
1306 191 1344 223 in
1367 198 1485 231 terra,
1520 191 1580 224 ubi
1608 203 1741 235 aerugo
1768 197 1802 224 et
1825 191 1921 224 tinea
1949 192 2163 237 corrumpit,

1156 248 1190 274 et
1215 243 1276 275 ubi
1302 243 1399 276 fures
1420 242 1629 287 perfodiunt
1655 255 1695 276 ac
1719 243 1899 278 furantur.
1950 243 2019 277 Sed
2036 256 2162 278 recon-

1155 293 1228 326 dite
1253 294 1355 328 vobis
1379 292 1567 328 thesauros
1592 295 1628 327 in
1654 295 1774 335 coelo,
1802 296 1863 329 ubi
1881 308 1998 342 neque
2016 309 2163 340 aerugo,

1154 357 1272 391 neque
1298 346 1393 391 tinea
1420 346 1641 389 corrumpit,
1676 353 1710 380 et
1734 348 1796 380 ubi
1821 349 1917 382 fures
1939 360 2013 381 non
2025 348 2057 394 6)
2082 361 2162 394 per-

1154 397 1317 438 fodiunt,
1345 410 1462 443 neque
1478 398 1657 432 furantur.
1705 398 1797 433 Nam
1816 400 1876 433 ubi
1893 401 2002 434 fuerit
2020 399 2163 435 thesau-

1154 461 1216 483 rus
1249 456 1384 490 vester,
1419 450 1491 483 illic
1523 450 1589 483 erit
1618 457 1652 483 et
1679 463 1740 484 cor
1764 458 1935 487 vestrum.
1996 452 2162 487 Lucerna

1155 503 1319 546 corporis
1338 509 1389 536 est
1408 503 1543 536 oculus.
1597 502 1633 536 Si
1650 502 1759 547 igitur
1778 504 1901 538 oculus
1917 511 1997 539 tuus
2013 505 2163 550 simplex

1154 554 1281 594 fuerit,
1309 561 1425 588 totum
1452 567 1582 599 corpus
1608 561 1710 589 tuum
1736 556 1894 590 lucidum
1923 556 2001 591 erit.
2054 557 2163 602 Quod

1155 606 1183 640 si
1207 607 1331 641 oculus
1354 613 1436 641 tuus
1462 607 1577 641 malus
1600 607 1727 648 fuerit,
1761 615 1879 642 totum
1904 621 2035 654 corpus
2060 616 2162 644 tuum

1155 659 1386 694 tenebrosum
1418 660 1497 693 erit.
1559 658 1656 704 Ergo
1690 659 1719 694 si
1742 660 1886 701 lumen,
1923 662 2020 707 quod
2049 668 2100 696 est
2126 661 2163 695 in

1154 711 1277 752 vobis,
1321 712 1491 745 tenebrae
1522 718 1625 751 sunt,
1660 712 1758 756 ipsae
1784 714 1954 747 tenebrae
1978 712 2162 760 quantae?

1153 762 1270 798 Nemo
1296 770 1415 808 potest
1437 764 1579 798 duobus
1602 764 1759 798 dominis
1776 765 1922 799 servire.
1976 766 2048 799 Aut
2067 766 2162 800 enim

1154 813 1249 848 hunc
1276 814 1422 850 habebit
1448 816 1532 850 odio
1560 822 1593 849 et
1619 816 1771 850 alterum
1797 817 1896 851 illum
1923 818 2065 862 diliget,
2102 825 2164 852 aut

1153 865 1237 901 huic
1255 866 1484 908 adhaerebit,
1513 874 1548 902 et
1564 868 1716 902 alterum
1734 869 1835 903 illum
1859 870 2025 915 negliget.
2080 871 2163 904 Non

1154 920 1303 964 potestis
1320 920 1399 954 Deo
1421 921 1554 954 servire
1573 927 1607 954 et
1623 933 1828 956 mamonae.
1863 922 2061 967 Propterea
2081 923 2162 956 dico

1154 972 1276 1013 vobis,
1304 985 1349 1006 ne
1374 972 1450 1007 sitis
1475 973 1619 1007 solliciti
1647 974 1739 1006 vitae
1763 981 1923 1015 vestrae,
1959 975 2045 1021 quid
2070 974 2164 1009 esuri

1154 1024 1248 1064 sitis,
1276 1031 1337 1058 aut
1360 1025 1529 1066 bibituri,
1557 1038 1674 1071 neque
1700 1027 1845 1071 corpori
1864 1033 2003 1067 vestro,
2032 1027 2162 1073 quibus

1154 1076 1374 1111 indumentis
1392 1078 1503 1112 usuri,
1542 1078 1673 1112 Nonne
1692 1080 1811 1111 anima
1834 1079 1946 1123 pluris
1966 1086 2030 1120 est,
2051 1092 2159 1125 quam

1154 1129 1266 1169 cibus,
1293 1136 1327 1163 et
1343 1141 1473 1174 corpus
1489 1130 1602 1175 pluris
1620 1143 1728 1176 quam
1753 1131 2033 1165 indumentum?
2074 1131 2161 1165 Ver-

1153 1181 1216 1214 tite
1236 1182 1358 1216 oculos
1376 1184 1419 1215 ad
1440 1182 1598 1216 volatilia
1621 1183 1730 1223 coeli,
1759 1184 1842 1229 quia
1863 1196 1937 1217 non
1958 1191 2083 1218 serunt
2102 1196 2163 1217 ne-

1155 1245 1224 1278 que
1241 1241 1394 1274 metunt,
1423 1247 1540 1280 neque
1560 1232 1767 1269 convehunt
1784 1235 1820 1269 in
1836 1233 1980 1277 horrea,
2009 1243 2043 1269 et
2061 1242 2163 1281 pater

1155 1292 1271 1319 vester
1291 1286 1451 1321 coelestis
1468 1287 1530 1320 alit
1549 1287 1607 1320 illa
1620 1314 1629 1328 ,
1656 1300 1779 1321 nonne
1796 1300 1859 1322 vos
1879 1289 1985 1333 longe
2006 1288 2163 1334 praecel-

1153 1337 1224 1372 litis
1242 1337 1329 1372 illa?
1381 1338 1471 1384 Quis
1491 1345 1610 1373 autem
1626 1352 1667 1373 ex
1684 1340 1784 1374 vobis
1800 1341 1951 1374 sollicite
1970 1340 2161 1384 cogitando

1153 1397 1272 1435 potest
1296 1392 1428 1424 addere
1447 1392 1493 1424 ad
1518 1398 1692 1426 staturam
1716 1404 1815 1426 suam
1839 1393 1998 1426 cubitum
2023 1391 2163 1426 unum?

1154 1454 1194 1475 ac
1219 1444 1262 1476 de
1288 1443 1502 1477 indumento
1518 1444 1604 1490 quid
1621 1444 1764 1478 solliciti
1785 1444 1892 1480 estis?
1948 1444 2161 1489 Cognoscite

1152 1494 1225 1527 lilia
1246 1495 1342 1539 agri,
1372 1497 1557 1542 quomodo
1576 1503 1747 1531 crescant.
1790 1496 1874 1532 Non
1891 1497 2072 1537 laborant,
2100 1509 2161 1530 ne-

1153 1560 1222 1593 que
1253 1554 1352 1582 nent.
1416 1549 1588 1582 Attamen
1623 1549 1703 1582 dico
1730 1550 1832 1583 vobis
1856 1562 1901 1583 ne
1926 1549 2161 1584 Solomonem

1153 1600 1298 1645 quidem
1315 1600 1353 1633 in
1368 1601 1534 1635 universa
1555 1601 1667 1646 gloria
1684 1615 1744 1635 sua
1771 1601 1820 1635 sic
1844 1602 2016 1636 amictum
2041 1602 2162 1643 fuisse,

1152 1658 1192 1686 ut
1207 1665 1320 1686 unum
1338 1665 1377 1686 ex
1397 1651 1464 1688 his.
1519 1652 1626 1699 Quod
1645 1654 1672 1688 si
1689 1666 1839 1698 gramen
1855 1654 1931 1699 agri
1943 1681 1952 1695 ‚
1980 1655 2078 1700 quod
2096 1651 2161 1688 ho-

1153 1704 1209 1737 die
1231 1717 1310 1738 cum
1334 1706 1398 1746 sit,
1427 1718 1503 1740 cras
1528 1705 1566 1739 in
1588 1705 1769 1740 clibanum
1792 1706 1969 1747 mittitur,
1996 1706 2093 1741 Deus
2113 1706 2161 1740 sic

89 1771 238 1803 modum
265 1770 302 1803 iu
328 1770 447 1811 coelo,
476 1771 524 1804 sic
544 1770 651 1803 etiam
676 1770 711 1803 in
736 1777 852 1810 terra,
882 1783 1013 1816 panem
1033 1783 1096 1803 no,
1123 1786 1127 1814 Ι
1154 1763 1351 1814 vestm-an
1369 1770 1444 1790 non
1471 1758 1584 1814 multo
1598 1758 1715 1816 ¹magis
1730 1759 1833 1793 vobis
1852 1759 1888 1792 id
1904 1759 2031 1800 faciet,
2060 1771 2080 1792 o
2099 1771 2161 1804 pa-

88 1828 202 1856 strum
237 1822 490 1868 quotidianum
525 1824 568 1856 da
599 1823 703 1857 nobis
735 1820 862 1863 hodie,
898 1830 932 1856 et
955 1823 1096 1855 semine
1122 1818 1126 1860 J
1151 1820 1231 1867 rum
1259 1808 1446 1844 videntes?
1500 1809 1553 1844 Re
1578 1811 1654 1844 sitis
1681 1811 1789 1855 igitur
1816 1811 1959 1845 solliciti
1985 1811 2160 1845 dicentes:

88 1874 192 1908 nobis
219 1874 338 1908 debita
364 1881 508 1914 nostra,
537 1874 628 1908 sicut
653 1882 686 1908 et
713 1887 778 1909 nos
800 1875 1017 1909 remittimus
1037 1876 1095 1908 de·
1123 1862 1126 1915 Ι
1152 1860 1249 1919 Qffld
1267 1862 1433 1917 edemus’
1459 1868 1521 1895 'dm
1539 1863 1625 1920 {lm-‘¹
1643 1863 1820 1903 b¹beffl¹¹⁵⁷
1847 1870 1910 1897 ²¹⁰1
1928 1864 2161 1920 qfflbUSPPe·

87 1926 266 1961 bitoribus
291 1928 437 1961 nostris.
492 1926 537 1961 Et
556 1939 600 1960 ne
620 1927 768 1961 inducas
786 1940 852 1961 nos
870 1928 907 1961 in
927 1928 1096 1961 tentatio·
1150 1913 1309 1972 mesum?
1337 1914 1429 1949 Bam
1450 1926 1571 1947 ⁰¹¹¹n¹³¹
1591 1921 1656 1948 ¹⁵²³
1676 1922 1798 1974 gentes
1815 1915 2021 1962 quUirum·
2050 1915 2161 1973 NOVJ‘

87 1990 188 2017 nem;
223 1980 283 2013 sed
304 1979 417 2013 libera
441 1992 507 2014 nos
533 1993 551 2012 a
578 1980 694 2020 malo,
730 1979 813 2026 quia
841 1987 941 2014 tuum
966 1987 1017 2014 est
1041 1993 1095 2014 re·
1151 1978 1246 2024 ⁸¹J¹¹¹¹
1272 1973 1375 2025 1³³¹}e1'
1400 1967 1721 2025 VflStffl'foelesfffiw
1758 1969 1854 2027 quoq
1883 1980 1972 2027 09¹¹}
1998 1966 2161 2001 habeam

87 2043 210 2076 gnum,
239 2038 273 2065 et
288 2033 463 2077 potentia,
485 2038 519 2065 et
537 2032 665 2078 gloria,
692 2032 728 2065 in
745 2033 860 2066 secula
878 2033 1095 2073 seculorum,
1150 2015 1205 2052 h¹⁵
1230 2020 1409 2078 ΟΠΠΠΙΝΞ·
1448 2019 1563 2078 ‘Qum
1582 2026 1701 2078 901¹}15
1730 2027 1892 2066 quaerlte
1918 2033 2075 2078 prunum
2106 2031 2160 2078 re-

85 2084 214 2117 Amen.
269 2083 428 2118 Proinde
454 2084 482 2118 si
507 2085 718 2119 remiseritis
741 2082 948 2119 hominihus
976 2092 1093 2118 errata
1150 2083 1259 2130 gfmm
1279 2070 1367 2112 De¹²
1394 2078 1429 2105 et
1446 2078 1734 2130 ¹⁰⁵¹Jt¹²¹¹JQe¹P⁵j
1762 2079 1795 2105 et
1820 2070 2053 2131 k¹²¹ffcfff¹¹ff¹¹¹³
2072 2072 2160 2130 adq·

87 2147 162 2175 sua,
186 2137 344 2169 remittet
362 2143 397 2170 et
414 2137 516 2170 vobis
534 2144 635 2182 pater
652 2143 767 2171 vester
785 2137 956 2172 coelestis.
986 2138 1094 2183 Quod
1150 2130 1288 2157 Uemffl'
1318 2125 1431 2158 ‘'Obffi·
1474 2123 1546 2182 ‘Re
1573 2131 1648 2182 S{t¹⁵
1673 2132 1781 2169 'gum'
1806 2125 1947 2183 ⁵⁰l¹¹⁰¹f¹
1977 2138 2019 2183 ¹¹¹·
2037 2131 2160 2183 frafn‘

86 2187 113 2220 εἰ
140 2200 214 2220 non
241 2189 452 2222 remiseritis
473 2186 680 2224 hominibus
699 2196 815 2222 errata
837 2203 898 2223 sud
912 2217 920 2231 a
949 2203 1014 2224 nec
1032 2203 1093 2235 pa·
1148 2188 1355 2234 nuin,·11a1n
1375 2182 1552 2235 crastinus
1569 2177 1644 2235 dies
1660 2189 1782 2212 curam
1803 2175 1951 2211 habebit
1967 2190 2021 2212 sui
2038 2190 2161 2223 ipsms,

85 2245 139 2272 ter
160 2239 322 2273 remittet
343 2247 460 2274 errata
486 2248 614 2275 vestra.
667 2242 784 2275 Porro
808 2254 887 2275 cum
912 2243 1093 2276 ieiunave-
1148 2229 1277 2263 SUffifflt
1295 2241 1356 2263 ⁸⁰³¹
1378 2230 1448 2261 ‘¹¹⁶¹
1467 2229 1624 2263 ‘'ffficno·

85 2291 182 2332 ritis,
220 2304 264 2324 ne
293 2292 368 2326 sitis
391 2293 499 2326 veluti
525 2291 735 2339 hypocritae
760 2295 887 2329 tetrici.
956 2296 1093 2329 Obscu-

85 2350 170 2377 rant
194 2344 289 2377 enim
314 2344 421 2379 facies
441 2358 542 2386 suas,
572 2359 643 2391 quo
664 2347 890 2391 perspicuum
914 2347 958 2381 sit
976 2346 1094 2381 homi-

85 2395 191 2430 nibus
218 2396 313 2441 ipsos
338 2397 511 2431 ieiunare.
562 2398 679 2430 Amen
702 2398 782 2431 dico
807 2400 930 2439 vobis,
959 2397 1094 2433 habent
1119 2370 1123 2434 Ι

86 2449 286 2481 mercedem
318 2462 432 2484 suam.
496 2449 553 2483 Tu
585 2462 670 2482 vero
699 2463 777 2483 cum
806 2451 962 2492 ieiunas,
1000 2465 1093 2497 unge
1120 2492 1122 2496 ,
1517 2490 1523 2495 ,
1569 2490 1575 2496 ,
1609 2490 1615 2496 ,
1814 2490 1820 2496 ,
2032 2490 2039 2496 ,
2121 2490 2142 2496 ‚-

86 2506 194 2544 caput
211 2507 326 2542 tuum,
355 2508 390 2535 et
405 2501 531 2535 faciem
551 2509 650 2535 tuam
668 2502 768 2543 lava,
796 2515 840 2536 ne
858 2504 1091 2549 conspicuum
1119 2516 1122 2533 ¹
1149 2502 1216 2534 qua
1244 2501 1412 2547 mensura
1441 2497 1638 2529 metimini,
1667 2503 1705 2523 ea
1738 2497 1931 2524 metientur
1958 2491 2058 2524 vobis
2083 2491 2157 2523 alu.

85 2551 129 2584 sit
154 2549 362 2588 hominibus
386 2561 418 2587 te
443 2554 624 2595 ieiunare,
653 2555 712 2588 sed
734 2555 827 2599 patri
848 2563 931 2597 tuo,
960 2558 1020 2603 qui
1042 2564 1093 2591 est
1119 2588 1122 2598 v
1149 2540 1221 2575 Cur
1239 2548 1357 2575 autem
1378 2542 1476 2576 mles
1496 2550 1696 2581 vestucam,
1727 2556 1818 2588 quae
1839 2549 1889 2577 est
1909 2543 1945 2575 in
1966 2543 2068 2575 oculo
2087 2542 2157 2574 fra-

85 2602 122 2636 in
150 2604 310 2645 occulto,
347 2612 381 2639 et
405 2613 508 2651 pater
536 2613 637 2647 tuus,
679 2607 739 2652 qui
767 2607 863 2641 videt
891 2609 926 2641 in
956 2610 1092 2650 abdito,
1119 2600 1122 2627 ί
1148 2594 1211 2627 tris
1235 2594 1305 2633 tui,
1339 2595 1477 2627 trabem
1503 2601 1644 2635 autem,
1681 2607 1772 2640 quae
1805 2602 1857 2629 est
1888 2595 1926 2627 in
1952 2595 2055 2628 oculo
2082 2600 2158 2635 tuo,

86 2657 210 2690 reddet
226 2656 289 2689 tibi
308 2657 343 2690 fn
365 2659 571 2704 propatulo.
620 2659 671 2693 Ne
692 2660 876 2703 reponatis
897 2662 998 2696 vobis
1017 2660 1092 2695 the„
1118 2659 1122 2712 Ι
1148 2658 1222 2678 non
1241 2645 1524 2680 animadvertis?
1579 2647 1649 2680 Aut
1669 2649 1853 2692 quomodo
1872 2648 1958 2680 dicis
1975 2646 2056 2679 fatri
2075 2652 2153 2679 tuo:

1118 2720 1123 2739 ε

1543 2324 1660 2368 Caput
1687 2322 1763 2359 Vll.

1252 2384 1372 2419 Nolite
1392 2386 1647 2425 condemnare,
1673 2398 1717 2419 ne
1735 2385 2038 2419 condemnemini.
2075 2385 2157 2431 Quo

1149 2437 1242 2469 enim
1263 2437 1395 2470 iudicio
1414 2437 1592 2477 iudicatis,
1621 2450 1662 2470 eo
1687 2438 1903 2471 iudicabitur
1921 2439 1965 2471 de
1983 2438 2098 2479 vobis,
2125 2445 2159 2471 et

120 2760 150 2787 ὁ)
171 2762 213 2789 et]
233 2761 280 2784 Ed.
304 2761 380 2787 1530.
399 2764 457 2792 typ.
478 2768 590 2786 errore:
618 2767 644 2786 et
665 2766 690 2786 et
1183 2766 1213 2796 6)
1236 2764 1302 2797 non]
1325 2766 1350 2788 in
1371 2767 1418 2789 Ed.
1441 2766 1515 2791 15³0.
1536 2767 1622 2790 deest.
