2389 3037
23 122 101 161 289
687 115 809 152 XCVI.

128 206 280 248 Civitas,
318 206 523 243 civitatum,
551 203 728 244 militum,
756 204 898 243 furum,
925 214 1029 248 agge·
1056 227 1059 235 ,

26 271 105 293 rum
125 265 190 292 etc.

127 309 245 343 Boum
272 307 474 353 ἀνώμαλον
499 313 562 341 est.

25 359 210 406 epenthesi
235 361 317 394 fecit
337 360 461 393 Poeta.

614 306 777 340 Alituum
802 318 870 351 pro
891 305 1032 345 alitum,

256 443 452 476 Datix·us
483 448 525 475 et
553 442 798 475 Ablativus

129 502 169 536 ln
185 503 251 537 bus
270 502 459 542 desinunt,
487 508 527 535 ut

233 562 381 596 Civibus
532 560 717 594 militibus.

175 644 193 658 C
231 614 355 648 Bobus
373 608 577 658 ἀνώμαλον
593 617 654 645 est.

283 701 459 747 Quarta
488 698 771 732 Declinatio.

26 802 33 804 ‚
130 761 300 796 Continet
319 761 408 794 duas
428 758 722 798 terminationes,
751 771 791 792 us
813 765 847 792 et
867 771 910 798 u,
939 771 1030 804 quae

24 819 237 847 neutrorum
260 818 400 845 tantum
411 810 457 853 ³5)
480 816 542 844 est.
590 809 763 843 Formam
781 810 1032 845 declinationis

25 877 68 912 ex
82 865 336 911 paradigmate
357 874 560 907 cognosces.

403 946 654 991 Singulariter.

58 1004 60 1007 ”
77 999 145 1034 Hic
162 1001 299 1034 fructus

32 1062 35 1067 '
54 1060 56 1063 ’
76 1050 348 1091 huiusfructus,

77 1101 161 1137 huic
177 1103 309 1136 fructui

400 1049 548 1083 'Veteres
565 1048 672 1082 etiam
687 1049 837 1084 sructuis
853 1050 1032 1084 dixerunt.

453 1101 661 1135 Terentius:
690 1101 778 1136 Eius
796 1103 898 1136 anuis
915 1114 1032 1136 causa.

78 1152 176 1188 hunc
191 1155 346 1188 fructum
452 1151 541 1186 Item
554 1180 563 1192 ‚
607 1151 707 1186 Nihil
743 1153 908 1194 tumulti,
943 1152 1034 1187 nihil

81 1219 102 1240 o
117 1206 254 1239 fructus
457 1204 597 1242 ornati,
623 1205 769 1249 antique
789 1205 923 1238 dictum
941 1212 1005 1240 est.

81 1270 100 1290 a
117 1258 237 1291 fructu

134 1316 241 1360 Apud
264 1321 389 1360 poetas
414 1311 497 1347 huic
514 1314 632 1347 fructu
651 1313 748 1349 κατὰ
767 1313 962 1362 ἀποκοπὴν
982 1317 1035 1350 in-

30 1379 162 1413 venies.

430 1425 635 1459 Pluraliter.

82 1476 121 1512 hi
140 1478 277 1511 fructus

80 1527 214 1564 horum
230 1529 411 1563 fructuum

82 1579 138 1614 his
155 1580 328 1614 fructibus

80 1630 148 1666 hos
165 1633 300 1666 fructus

83 1696 104 1717 o
120 1684 257 1717 fructus

84 1743 104 1764 a
119 1733 304 1765 fructibus.

486 1529 591 1573 Apud
628 1535 752 1574 poetas
780 1530 940 1565 invenies
968 1543 1035 1576 pro

487 1593 679 1622 curruum,
726 1578 893 1623 currum,
939 1582 1036 1619 κατά

488 1631 717 1680 συναίρεσιν.

137 1788 176 1823 In
200 1790 292 1823 ubus
321 1790 487 1824 desinunt
515 1789 619 1825 haec:
662 1794 830 1835 artubus,
874 1796 1026 1830 arcubus

34 1945 223 1979 doctorum
242 1946 464 1979 consuetudo
484 1947 708 1981 observanda
727 1956 789 1984 est.

411 2022 662 2066 singulariter.

139 2081 216 2116 Hoc
235 2094 369 2123 cornu,
396 2081 572 2119 ἄπτωτον
591 2091 641 2119 est
659 2085 695 2118 in
714 2086 900 2131 singulari.

345 2141 452 2177 huius
481 2155 594 2178 cornu

348 2192 432 2228 huic
462 2207 576 2229 cornu

348 2244 418 2279 hoc
446 2259 559 2281 cornu

349 2309 370 2330 o
399 2310 513 2332 cornu

347 2360 367 2381 a
397 2361 521 2383 cornu.

435 2417 641 2453 Pluraliter.

351 2475 439 2511 haec
468 2490 602 2511 cornua

350 2526 482 2563 horum
512 2542 687 2564 cornuum

351 2578 407 2615 his
438 2582 606 2616 cornibus

77 2695 125 2727 ³5)
145 2697 263 2726 tantum]
282 2695 308 2720 in
328 2698 376 2723 Ed.
396 2704 417 2721 s.
431 2704 456 2723 a.
477 2699 563 2722 deest,

78 2737 127 2769 ³6)
145 2739 264 2768 ficubus]
283 2740 310 2763 in
329 2740 413 2765 Editt.
436 2741 521 2769 1546..
541 2748 563 2765 a.
579 2746 603 2765 a.
624 2741 711 2766 deest.

50 2778 229 2811 Mssmru.
253 2782 358 2813 OFER.
383 2782 467 2812 Voi..
484 2782 558 2813 XX.

870 115 1050 151 GRAMM
1055 112 1202 150 ATICA
1236 111 1428 148 LAT1NA.

1056 740 1060 797 l
1243 760 1338 795 hanc
1363 761 1517 806 speciem

1030 1824 1038 1837 5

33 1842 227 1887 portubus,
264 1842 417 1882 acubus,
453 1842 619 1884 lacubus,
654 1845 839 1886 tribubus,
871 1848 1038 1889 verubus,

34 1894 230 1938 specubus,
258 1894 481 1939 quercubus,
509 1896 644 1930 ficubus
655 1895 722 1943 36);
758 1899 818 1932 sed
845 1897 881 1931 in
909 1900 1038 1934 talibus

2014 111 2090 149 290

1394 197 1485 232 haec
1512 210 1647 232 cornua

1398 262 1419 284 o
1449 262 1584 283 cornua

1395 313 1414 334 a
1440 302 1621 336 cornibus.

1345 384 1518 429 Quinta
1550 383 1831 419 Declinatio.

1188 443 1302 478 Unica
1333 444 1543 477 terminatio
1570 450 1621 477 est
1649 443 1765 490 quinti
1785 444 1939 485 ordinis,
1969 457 2024 484 es,
2052 451 2091 478 ut

1084 496 1237 542 species,
1266 496 1364 530 fides.

1466 554 1715 600 singulariter.

1243 608 1340 641 Haec
1368 606 1502 651 species

1241 657 1349 693 liuius
1378 658 1507 703 speciei

1242 709 1326 744 huic
1354 710 1485 754 speciei

1601 671 1618 691 e
1641 658 1747 702 longa
1774 663 1826 691 est
1850 657 1887 690 in
1907 658 2026 702 puris,
2054 658 2091 692 id

1600 716 1671 749 est,
1700 710 1860 742 vocalem
1880 717 1961 744 ante
1980 711 2010 744 ei
2030 707 2092 744 ha-

1599 760 1839 806 bentibus³⁷)‚
1861 762 1898 794 in
1917 762 1994 796 aliis
2012 763 2091 795 bre-

1244 826 1264 846 o
1293 813 1427 858 species
1604 813 1676 854 vis,
1704 819 1743 846 ut
1759 813 1853 846 fidei.

1245 879 1263 897 a
1293 865 1420 909 specie.

1484 924 1692 958 Pluraliter.

1401 975 1467 1009 hae
1495 976 1629 1020 species

1401 1026 1529 1061 harum
1557 1028 1755 1072 specierum

1400 1077 1456 1113 his
1484 1079 1668 1124 speciebus

1400 1128 1466 1165 has
1492 1131 1625 1175 species

1403 1195 1423 1215 o
1452 1183 1586 1226 species

1402 1246 1422 1266 a
1452 1235 1648 1278 speciebus.

1192 1294 1400 1334 Genitivus‚
1429 1294 1570 1328 dativus
1588 1301 1622 1327 et
1642 1294 1818 1327 ablativus
1836 1293 1873 1326 in
1889 1292 2012 1337 paucis
2026 1305 2091 1324 no-

1087 1346 1246 1379 minibus
1264 1343 1370 1379 huius
1388 1345 1525 1379 ordinis
1541 1352 1773 1390 usurpantur.

1191 1397 1290 1431 Olim
1322 1410 1364 1431 ex
1397 1397 1503 1430 tertio
1531 1397 1658 1430 ordine
1686 1397 1862 1442 quaedam
1887 1393 1956 1428 hoc
1982 1396 2092 1428 modo

1089 1449 1340 1488 declinabant,
1384 1449 1504 1492 plebes
1521 1449 1568 1491 ³⁸)
1598 1449 1726 1493 plebei.
1796 1447 1861 1481 Est
1890 1447 1926 1480 id
1950 1459 2094 1493 quoque

1090 1501 1377 1540 observandum,
1411 1500 1607 1543 genitivum
1638 1497 1802 1533 contrahi
1827 1499 1940 1533 solere
1965 1499 2002 1531 in
2029 1497 2095 1532 hac

1089 1552 1354 1591 declinatione,
1381 1558 1420 1585 ut
1445 1564 1510 1596 pro
1537 1553 1606 1586 die'i‘
1622 1552 1760 1585 dicatur
1779 1551 1856 1591 die,
1886 1551 1981 1596 quod
2001 1557 2094 1584 recte

1089 1604 1222 1638 scribas
1248 1603 1376 1649 diei39)
1406 1604 1553 1649 antiqua
1573 1601 1819 1648 diphthongo,
1847 1609 1887 1636 ut
1903 1604 1997 1647 apud
2016 1602 2096 1635 Vir-

1090 1656 1215 1700 gilium
1234 1654 1386 1703 [Georg.
1404 1654 1429 1695 l,
1448 1653 1574 1703 208.]:
1611 1655 1720 1688 Libra
1738 1656 1809 1689 diei
1827 1654 2015 1700 somnique
2033 1666 2096 1699 pa-

1090 1719 1146 1741 res
1164 1708 1225 1741 ubi
1242 1707 1363 1741 fecerit
1382 1705 1504 1741 horas.

1063 1767 1067 1824 l
1389 1784 1449 1817 De
1479 1782 1790 1817 heteroclitis.

1196 1843 1378 1878 Hactenus
1419 1843 1623 1888 analogiam
1665 1843 1938 1888 proposuimus,
1986 1855 2096 1889 quam

1092 1907 1223 1940 pueros
1259 1895 1380 1929 animo
1416 1896 1603 1940 complecti
1639 1902 1801 1940 oportet,
1837 1902 1876 1929 ut
1897 1896 2030 1940 fingere
2055 1908 2096 1928 ex

1092 1947 1287 1992 propositis
1314 1948 1574 1992 paradigmatis
1592 1948 1754 1980 omnium
1774 1959 1901 1981 vocum
1923 1959 2024 1982 casus
2041 1953 2095 1980 at-

1064 2021 1066 2030 .
1093 2011 1161 2045 que
1181 1999 1400 2033 variationes
1420 1999 1569 2044 possint.

1196 2050 1260 2083 Est
1284 2057 1402 2082 autem
1427 2050 1593 2094 analogia
1620 2049 1828 2094 proportiO,
1861 2062 1939 2083 cum
1964 2049 2096 2084 similia

1093 2101 1186 2134 inter
1202 2113 1238 2134 se
1255 2101 1508 2141 conferuntur,
1538 2113 1673 2134 nomen
1689 2102 1820 2134 sactum
1841 2101 1884 2134 ab
1904 2099 2097 2150 ἀναλέγειν

1092 2158 1260 2197 reputare
1286 2159 1393 2198 atque
1419 2153 1609 2186 aestimare
1622 2152 1691 2200 ⁴⁰),
1728 2154 1824 2198 quod
1842 2153 2008 2187 videlicet
2027 2153 2097 2186 col-

1092 2204 1227 2237 latione
1261 2203 1459 2238 similitudo
1493 2203 1805 2249 deprehendatur,
1848 2211 1883 2238 et
1911 2211 2095 2250 appareat.

1093 2255 1283 2300 Superest,
1314 2262 1355 2289 ut
1379 2257 1422 2289 de
1447 2257 1624 2290 anomalis
1644 2257 1816 2290 dicamus.
1868 2256 1959 2290 Sunt
1977 2263 2096 2289 autem

1094 2319 1274 2352 perpauca
1287 2333 1296 2346 ‚
1331 2307 1368 2340 iu
1386 2308 1514 2353 quibus
1530 2321 1614 2342 usus
1630 2308 1757 2341 Latine
1783 2308 2007 2354 loquentium
2028 2308 2097 2341 dis-

1094 2358 1197 2392 cessit
1220 2359 1264 2392 ab
1289 2359 1467 2403 analogia.
1505 2357 1672 2405 (Ομαλὸν
1691 2360 1837 2393 Graecis
1861 2360 2008 2405 aequale
2035 2365 2097 2393 est.

1094 2410 1199 2444 Unde
1217 2411 1384 2443 anomala
1401 2411 1570 2445 dixerunt
1587 2424 1625 2445 ca
1639 2439 1648 2452 ,
1678 2424 1768 2457 quae
1786 2424 1860 2445 non
1878 2413 2098 2457 quadrarent

1095 2463 1138 2495 ad
1158 2462 1331 2506 regulam.
1565 2472 1569 2476 ’

1066 2587 1069 2608 ι
1128 2580 1175 2610 37)
1196 2580 1244 2604 Ed.
1265 2587 1288 2604 s.
1302 2585 1326 2603 a.
1347 2579 1422 2603 addit
1441 2582 1468 2606 Ιι.
1482 2581 1499 2605 1.
1521 2582 1688 2612 exemplum:
1714 2583 1743 2606 ut
1764 2583 1901 2608 materiei.

1066 2610 1070 2656 1
1128 2622 1176 2653 aa)
1199 2621 1306 2654 plebes]
1331 2623 1414 2646 editt„
1437 2624 1521 2654 1546„
1541 2631 1564 2647 s.
1579 2630 1620 2650 a.:
1648 2626 1724 2655 plebs

1067 2660 1069 2669 ¹
1129 2666 1176 2696 39)
1198 2665 1267 2694 diei]
1290 2666 1373 2691 Editt,
1397 2666 1484 2697 1545„
1505 2674 1528 2690 s.
1544 2672 1587 2691 a.:
1614 2668 1674 2692 diks.

1132 2709 1178 2740 40)
1199 2705 1343 2741 ἄναλίγειν
1362 2723 1396 2726 -
1416 2710 1599 2739 aestimare‚]
1628 2711 1710 2735 Editt.
1734 2712 1823 2741 1546„
1849 2717 1871 2736 s,
1886 2717 1928 2736 a.:
1960 2708 2098 2745 ἀναλέγο-

1167 2751 1234 2775 pm,
1259 2745 1330 2775 quod
1348 2745 1487 2776 significat
1507 2750 1620 2777 reputo,
1645 2747 1769 2778 consero,

1531 2781 1575 2814 19
