2389 3037
66 146 118 185 57

82 235 125 270 P.
151 231 191 268 αἱ
206 227 397 277 λαμπάδες
501 229 584 264 Duo
611 228 786 263 adiectiva
811 227 924 274 μέλας
947 234 983 261 et
1007 223 1073 262 τά-

145 285 222 320 τῶν
237 281 448 328 λαμπάδων
501 285 567 321 λας
592 281 728 314 faciunt
753 281 931 325 genitivos
959 277 1073 325 μὲλα-

145 337 228 376 ταῖς
245 333 413 379 λαμπάσι
499 346 583 378 νος,
618 330 788 372 τάλανος.

147 385 215 426 τὰς
232 383 432 431 λαμπάδας

149 435 180 474 ὦ
196 434 399 484 λαμπάδες.

542 513 602 552 Ες.

174 581 215 616 In
235 595 270 621 ες
284 579 392 616 huius
409 581 547 614 formae
564 592 639 613 non
657 585 759 619 sunt,
793 578 863 612 nisi
887 582 1072 611 contracta

70 635 210 682 primae
227 632 496 673 declinationis,
524 633 567 666 de
586 630 716 677 quibus
733 642 797 665 suo
815 630 908 664 loco.

536 711 607 749 Ης.

175 778 217 813 In
231 791 273 824 ης
289 778 510 812 substantiva
529 776 725 811 masculina
738 803 747 817 ,
772 776 856 809 item
872 773 1072 808 foeminina

70 831 284 877 regulariter
300 842 365 875 per
382 842 445 869 τος
459 829 596 863 faciunt
620 829 814 873 genitivos,
850 833 891 862 ut
915 824 934 862 ὃ
959 822 1074 872 λάχης

71 882 228 930 λάχητος
241 881 289 928 ¹¹⁴²)
302 910 311 924 ,
334 880 472 916 Laches
490 878 670 915 Lachetis.

158 934 257 978 Sing.
282 932 306 980 ἡ
325 930 477 980 φιλότης

281 987 347 1030 τῆς
362 982 558 1031 φιλότητος

281 1039 327 1081 τῇ
345 1033 515 1082 φιλότητι

281 1086 350 1133 τὴν
369 1083 552 1134 φιλότητα

283 1135 314 1173 ὦ
335 1135 499 1185 φιλότης.

282 1188 331 1224 τὰ
349 1188 522 1236 φιλοτήτε

282 1242 369 1276 ταῖν
386 1237 612 1287 φιλοτήτοιν.

283 1290 322 1326 αἱ
340 1287 532 1338 φιλότητες

282 1345 360 1377 τῶν
380 1341 591 1389 φιλοτήτων

283 1394 365 1432 ταῖς
379 1391 550 1439 φιλότησι

283 1443 350 1484 τὰς
367 1443 567 1490 φιλότητας

283 1491 314 1531 ὦ
334 1491 538 1543 φιλότητες.

176 1548 362 1582 Adiectiva
385 1553 419 1580 et
438 1546 637 1591 composita
654 1546 726 1578 fere
741 1546 786 1579 ad
810 1545 966 1590 primam
991 1555 1075 1577 con-

75 1607 274 1636 tractorum
302 1599 580 1632 declinationem
609 1598 810 1642 pertinent,
853 1603 894 1631 ut
918 1592 1074 1643 ἀληθής,

76 1666 153 1698 εος,
181 1649 451 1698 Δημοσθένης,
481 1662 539 1689 εος
553 1649 613 1695 ¹¹⁵).

552 1729 574 1760 I
582 1740 609 1765 ς.

148 1190 255 1225 Dual.

152 1293 254 1327 Plur.

598 141 721 177 XCIV.
775 135 1106 176 GRAMMATICA
1143 140 1340 177 GRAECA
1377 140 1608 176 INTEGRA.

2076 140 2124 176 58

1137 228 1178 262 Ρ.
1208 226 1243 262 οἱ
1259 224 1428 272 Πάριδες

1200 281 1279 314 τῶν
1295 277 1483 325 Παρίδων

1201 331 1279 369 τοῖς
1298 327 1442 375 Πάρισι

1202 379 1290 420 τοὺς
1307 378 1483 426 Πάριδας

1205 428 1235 466 ὦ
1254 429 1433 479 Πάριδες.

1629 225 1664 262 οἱ
1681 224 1823 273 Πάριες

1628 281 1706 314 τῶν
1721 276 1885 325 Παρίων

1626 331 1705 369 τοῖς
1719 327 1864 375 Πάριοι

1626 380 1689 415 toi
1697 394 1713 420 ς
1732 379 1895 428 Πάριας.

1628 431 1684 465 Sic
1702 429 1837 476 μάντις
1853 438 1918 465 etc.

1233 491 1372 526 Eodem
1390 492 1500 524 modo
1519 497 1552 525 et
1568 491 1768 525 foeminina
1786 492 1825 524 in
1847 505 1898 533 ις,
1930 491 2128 531 acutitona,

1127 548 1189 575 aut
1218 543 1305 578 alias
1333 543 1572 588 penultimam
1606 549 1736 577 natura
1763 543 1910 587 longam
1943 540 2128 583 habentia,

1126 594 1365 635 declinantur,
1385 601 1426 629 ut
1442 592 1630 642 Πριαμίς,
1649 592 1746 635 ίδος;
1774 591 2011 642 θεραπαινίς,
2029 591 2127 633 ίδος;

1125 647 1256 691 μῆνις,
1284 644 1374 686 ιδος.
1430 646 1580 680 Caetera
1598 647 1635 679 in
1654 658 1704 688 ις,
1733 646 1890 680 verbalia
1911 651 1944 679 et
1967 645 2126 689 appella-

1127 697 1220 738 tiva,
1248 698 1487 743 penultimam
1515 705 1644 732 natura
1670 699 1816 742 longam
1842 710 1917 732 non
1941 695 2126 737 habentia,

1126 760 1191 792 per
1207 753 1262 789 ἰὀς
1287 750 1531 791 declinantur,
1571 756 1605 783 et
1629 751 1674 782 ad
1698 749 1975 783 declinationem
2001 760 2126 782 secun-

1127 801 1211 833 dam
1230 808 1500 836 contractorum
1517 801 1722 846 pertinent,
1744 807 1784 835 ut
1803 800 1904 848 ὄφις,
1931 812 2000 839 ιος;
2026 795 2124 845 μάν-

1126 864 1199 893 τις,
1229 865 1283 892 ιος
1299 859 1364 887 etc.
1381 852 1441 900 ⁴⁸).

1218 911 1313 946 Nota
1335 911 1388 951 ὄϊς
1407 909 1472 957 οἷς,
1492 912 1568 952 ὄϊος
1590 912 1680 952 οἷός;
1709 910 1826 959 φθόϊς
1842 909 1970 958 φθοῖς,
1989 906 2127 956 φθόϊος

1128 967 1162 994 et
1181 960 1333 1008 φθοιός.

1141 1012 1177 1048 S.
1206 1012 1353 1061 ἡχάρις

1205 1068 1270 1110 τῆς
1283 1063 1438 1112 χάριτος

1206 1118 1251 1162 τῇ
1264 1113 1391 1162 χάριτι

1205 1166 1275 1230 τῖὴν
1287 1165 1426 1227 χάριτα
1446 1167 1510 1204 καὶ
1524 1165 1640 1215 χάριν

1205 1231 1227 1252 α
1248 1231 1370 1265 χαρις.

1128 1269 1172 1304 D.
1202 1269 1248 1304 τὰ
1261 1269 1394 1318 χάριτε

1206 1324 1293 1358 ταῖν
1305 1321 1492 1369 χαρίτοιν.

1141 1373 1183 1408 Ρ.
1213 1373 1251 1408 αἱ
1265 1372 1416 1420 χάριτες

1205 1427 1283 1460 τῶν
1295 1423 1467 1471 χαρίτων

1205 1478 1286 1514 ταῖς
1300 1475 1430 1522 χάρισι

1206 1525 1272 1566 τὰς
1286 1525 1445 1573 χάριτας

1210 1574 1241 1613 ὦ
1255 1576 1416 1625 χάριτες,

1179 1638 1246 1672 Hic
1264 1639 1533 1672 observandum
1550 1645 1602 1672 est
1623 1637 1721 1671 varie
1747 1638 1966 1672 declinatum
1986 1634 2104 1683 Θέμις.

1342 1690 1440 1734 Sing.
1468 1688 1490 1736 ἡ
1515 1689 1635 1736 Θέμις.

1177 1744 1242 1788 τῆς
1278 1740 1433 1787 Θέμιδος
1470 1741 1712 1776 communiter
1728 1767 1736 1781 ‚

1517 1476 1650 1509 Poetae
1685 1487 1789 1519 saepe
1823 1474 1963 1508 dativos
1999 1479 2132 1517 augent

1524 1524 1729 1572 epenthesi‚
1762 1532 1801 1559 ut
1820 1524 2029 1573 χαρίτεσσι.

1795 1739 1948 1786 Θέμιτος
1983 1739 2130 1779 Dorice,

178 1787 285 1822 Nulla
323 1786 530 1820 terminatio
566 1786 671 1819 toties
707 1784 824 1817 variat
856 1784 996 1830 quoties
1033 1798 1075 1825 ις.
1101 1802 1105 1818 ι
1129 1800 1163 1826 et
1198 1793 1336 1838 poetice
1375 1792 1570 1838 Θέμιστος,
1614 1806 1632 1832 9
1668 1792 1852 1837 apposita,
1904 1798 1944 1824 ut
1978 1791 2130 1824 Homer·

77 1838 330 1874 communiter
354 1844 472 1871 autem
499 1844 572 1870 tam
595 1837 793 1871 masculina
818 1849 927 1882 quam
950 1837 1076 1870 foemi-

74 1891 160 1924 nina
179 1903 243 1935 per
257 1888 323 1929 δος
338 1889 514 1934 genitivos
532 1889 678 1922 faciunt.

176 1941 217 1975 In
235 1955 267 1982 ις
283 1941 431 1986 propria
450 1941 664 1985 regulariter
683 1940 827 1986 quidem
845 1952 910 1985 per
930 1937 995 1979 δος
1016 1940 1076 1972 de-

75 1993 230 2034 clinant,
255 1992 376 2027 Ionice
392 1999 512 2027 autem
532 2005 596 2038 per
613 2003 652 2029 ος
668 2005 798 2037 purum
811 2019 820 2033 ‚
847 1999 887 2025 ut
902 1991 950 2038 4⁶)

88 2045 123 2080 S.
152 2044 172 2080 ὃ
191 2042 318 2088 Πάρις
579 2041 599 2079 ὃ
618 2041 741 2089 Πάρις
755 2044 803 2090 ⁴⁷)

152 2100 222 2132 τοῦ
238 2093 411 2143 Πάριδος
574 2098 644 2131 τοῦ
662 2096 808 2141 Πάριος

153 2151 209 2195 τῷ
225 2145 370 2194 Πάριδι
579 2150 633 2194 τῴ
647 2145 773 2192 Πάριϊ
787 2145 851 2182 καὶ
869 2146 974 2193 Πάρι

152 2199 221 2235 τὸν
238 2197 396 2246 Πάριδα
579 2198 646 2234 τὸν
664 2197 792 2246 Πάριν

152 2247 184 2286 ὦ
201 2248 307 2296 Πάρι
574 2247 603 2285 αἶ
623 2249 740 2295 Πάρι.

70 2302 119 2338 D.
147 2300 203 2338 το)
221 2299 369 2347 Πάριδε
576 2300 630 2337 τώ
652 2301 775 2348 Πάριε

151 2356 234 2391 τοῖν
250 2351 440 2400 Παρίδοιν
575 2355 658 2390 τοῖν
674 2351 853 2401 Παρίοιν.

111 2486 161 2514 44)
180 2481 312 2515 λάχητος]
332 2482 380 2505 Ed.
400 2480 472 2505 1533.
493 2480 579 2504 male:
605 2478 726 2511 λάχιτος.

112 2528 157 2560 45)
182 2527 328 2552 Adiectiva
347 2538 380 2542 —
399 2526 466 2553 5051]
493 2525 560 2547 haee
587 2523 612 2546 in
639 2524 721 2547 Editt.
740 2522 815 2546 1542.
838 2528 896 2551 sqq.
924 2521 1078 2551 leguntur3

148 2564 177 2587 in
196 2563 280 2586 Editt.
298 2560 489 2584 1522—1551.
511 2559 620 2582 desunt.

115 2615 163 2641 46)
183 2614 213 2637 ln
232 2621 253 2640 ις
272 2625 306 2630 -
325 2615 368 2641 ut]
394 2613 433 2635 sie
459 2611 541 2635 Editt.
560 2609 634 2633 ¹512.
655 2615 730 2638 sqq.;
768 2608 852 2632 Edilt.
875 2607 940 2631 1522
955 2608 1079 2632 -1541,

148 2649 244 2672 horum
264 2649 323 2672 loco
343 2648 487 2671 exhibent:
519 2643 559 2673 τὶς
585 2641 656 2671 τινός
680 2649 764 2673 snpra
789 2643 815 2666 in
840 2642 966 2666 articulis
992 2642 1080 2666 decli—

152 2689 289 2707 navimus.

116 2734 164 2767 4⁷)
186 2735 245 2758 uae
264 2733 456 2758 declinationis
481 2733 587 2756 formae
614 2731 639 2754 in
661 2730 742 2753 Editt.
760 2729 950 2753 ¹522—1541.
978 2727 1081 2751 inscri-

152 2772 215 2801 ptae
236 2771 315 2793 suut:
344 2769 378 2793 Et
397 2768 506 2792 variata
525 2766 740 2791 masculinorum
759 2764 854 2788 tanum
868 2763 1063 2788 declinatione.

1129 1844 1257 1889 Odyss.
1273 1844 1380 1891 [3.'⁴⁹):
1402 1844 1576 1889 λίσσομαι
1592 1841 1685 1890 ἠμὲν
1701 1841 1823 1889 Ζηνὸς
1837 1840 2044 1887 Ὀλυμπίου
2058 1839 2125 1887 ἠδὲ

1132 1895 1317 1942 Θέμιστος.
1362 1896 1580 1930 Observabis
1598 1896 1682 1929 item
1701 1894 1802 1943 ὄρνις
1817 1894 1972 1942 ὄρνιθος
1989 1892 2124 1939 etc.⁵⁰).

1606 1983 1671 2020 Υς.

1181 2049 1221 2083 In
1236 2064 1278 2090 υς
1293 2050 1515 2084 substantiva
1536 2050 1713 2094 genitivos
1732 2061 1796 2094 per
1814 2061 1877 2088 υος
1897 2047 2052 2087 faciunt,
2087 2051 2127 2078 ut

1145 2101 1181 2136 S.
1210 2101 1229 2137 ὁ
1246 2099 1388 2148 βότρυς
1441 2102 1498 2136 Sic
1518 2098 1674 2149 ἐριννύς.

1207 2157 1276 2189 τοῦ
1294 2154 1457 2201 βότρυος

1207 2209 1262 2252 τῷ
1279 2205 1418 2252 βότρυι·

1206 2257 1273 2292 τὸν
1288 2255 1433 2304 βότρυν
1452 2262 1485 2289 et
1507 2256 1646 2300 poetice
1664 2250 1812 2302 βότρυα

1211 2305 1241 2343 ὦ
1257 2306 1391 2355 βότρυ.

1165 2446 1213 2477 425)
1236 2445 1335 2469 Eodem
1356 2443 1434 2466 inodo
1457 2456 1487 2457 j
1507 2443 1575 2470 etin]
1600 2441 1640 2464 sic
1667 2441 1716 2465 Ed.
1732 2439 1825 2465 1542.:
1862 2439 1888 2462 in
1915 2439 2000 2464 Editt.
2019 2438 2125 2462 1522-

1204 2481 1278 2503 1541.
1300 2480 1365 2502 liaeo
1386 2479 1409 2501 h,
1430 2478 1446 2502 Ι.
1467 2478 1575 2500 desunt.

1166 2533 1214 2562 49)
1237 2533 1313 2556 noni.
1335 2532 1383 2555 od.
1405 2530 1438 2556 ΙΙ,
1457 2530 1499 2553 68.

1166 2586 1214 2614 50]
1235 2586 1264 2608 ln
1284 2585 1332 2608 Ed.
1354 2583 1427 2607 1522.
1447 2583 1470 2605 11.
1489 2583 1504 2606 Ι,
1531 2580 1624 2604 addita
1647 2582 1726 2604 sunt:
1762 2579 1819 2607 „In
1846 2578 1945 2608 plurali
1965 2577 2054 2601 Attice
2080 2573 2128 2608 ὄρ-

1203 2628 1272 2649 νεις,
1305 2621 1333 2641 nt
1352 2619 1512 2642 Athenaeus
1538 2617 1617 2639 docet
1644 2616 1687 2639 lib.
1710 2612 1802 2643 1X.'’;
1842 2614 1866 2636 in
1894 2613 1976 2636 Editt.
2000 2610 2073 2633 1538.
2101 2611 2129 2633 et

1205 2656 1279 2679 1541.
1301 2660 1368 2677 vero
1387 2654 1502 2676 haecce:
1530 2650 1707 2681 „Vei-batia,
1734 2651 1763 2673 nt
1783 2646 1854 2676 τάξις
1870 2646 1973 2673 τάξιος,
1993 2647 2019 2668 ct
2036 2645 2132 2674 plera-

1204 2696 1255 2720 que
1274 2689 1344 2718 alia,
1364 2694 1432 2718 (niae
1452 2687 1560 2710 facilius
1580 2685 1778 2709 observatione
1798 2686 1824 2707 ct
1840 2689 1890 2706 usu
1906 2683 2025 2711 linguae,
2048 2685 2129 2709 quam

1204 2725 1301 2753 regula
1322 2722 1578 2752 comprehenderis,
1611 2721 1644 2744 ad
1665 2720 1876 2743 declinationem
1895 2716 2043 2740 secundam
2061 2720 2129 2738 con-

1205 2761 1322 2783 tractam
1340 2758 1494 2789 pertinent,
1524 2758 1554 2780 ut
1573 2753 1636 2787 ὄφις
1655 2752 1768 2787 ὄφιος.”
