2389 3037
75 131 150 166 733
585 127 660 162 Vll.

75 223 221 262 peccat,
256 216 353 261 quod
381 222 540 260 quatuor
564 213 728 248 terminis
756 215 899 248 conficit
924 215 1086 260 syllogis-
1114 224 1116 233 ’

222 267 296 302 Nec
315 267 429 300 variet
448 267 500 299 vis
520 266 780 299 vocabulorum
793 293 802 307 ,
827 267 863 299 id
885 269 980 313 quod
1003 279 1086 300 nus-

801 318 897 351 Male
915 319 1009 351 enim
1031 330 1086 350 ar-

77 280 167 301 mos.

78 331 186 365 quam
205 331 280 352 non
300 318 417 352 caveri
436 318 511 351 vult
528 318 745 352 dialecticus.

78 371 367 415 gumentaberis,
396 370 423 403 si
447 370 496 403 sic
518 369 737 415 colliges³2):
783 369 912 404 Omnis
934 370 1087 414 polypus
1113 411 1114 415 Ἰ

78 429 130 456 est
145 422 264 467 piscis,
291 421 439 455 morbus
456 421 601 467 quidam
623 423 777 467 polypus
797 428 858 461 est,
886 433 970 465 ergo
991 433 1087 454 mor-
1113 441 1114 444 =

77 474 144 507 bus
169 474 316 518 quidam
346 473 450 517 piscis
477 480 540 507 est.
601 473 785 512 Breviter,
821 473 1087 507 infoelicissime

79 525 241 569 colliges,
267 524 334 558 nisi
354 526 426 557 duo
443 525 705 569 simplicissima
725 525 903 558 axiomata
923 537 1086 564 consuas,

79 576 118 609 in
144 576 274 622 quibus
297 577 513 609 vocabulum
543 589 652 609 unum
683 577 736 609 bis
765 583 970 620 usurpetur.
1040 578 1086 609 At

77 640 290 662 revocemus
307 628 504 673 syllogismi
522 634 689 661 naturam
706 629 748 660 ad
769 627 880 660 animi
900 629 1086 668 iudicium,

79 685 120 712 ut
151 679 374 723 intelligatur
408 692 480 713 esse
505 680 680 713 naturalis
709 680 886 725 quaedam
918 678 1086 713 thematis

80 731 262 775 probandi
285 729 495 772 methodus,
537 738 571 764 et
595 731 643 765 sic
667 731 868 775 compingi,
912 739 949 765 ut
983 732 1086 765 aliter

80 794 156 815 non
173 783 284 827 possit
303 789 364 816 aut
382 784 520 816 debeat.
574 782 692 828 Atque
709 781 765 816 hic
783 784 989 816 dialecticae
1012 796 1086 817 cer-

81 834 273 868 titudinem
295 841 346 868 est
373 841 553 879 spectare,
583 836 679 880 quod
707 835 825 868 nullae
849 842 931 869 sunt
949 833 1085 869 Rheto-

81 897 161 919 rum
182 886 436 930 probationes,
466 898 558 932 quae
574 899 649 919 non
676 887 834 931 possint,
868 899 1084 933 quocunque

80 938 190 970 modo
209 937 342 978 dictae,
372 938 476 971 aliter
497 938 587 979 dici,
619 951 743 972 verum
770 939 975 972 dialecticae
1002 951 1084 983 pro-

79 989 244 1023 bationes
273 991 316 1022 ab
350 990 424 1034 ipsa
459 996 587 1023 natura
624 990 673 1023 sic
707 991 810 1024 nobis
841 991 1084 1035 praescriptae

80 1047 183 1080 sunt,
219 1047 278 1081 ut,
307 1043 402 1086 quod
424 1043 467 1074 ad
486 1048 781 1086 argumentorum
800 1044 954 1075 sormam
975 1043 1084 1087 perti-

80 1098 163 1132 net,
199 1094 333 1125 mutari
358 1094 457 1126 nullo
483 1100 588 1137 pacto
614 1100 759 1139 queant.
830 1094 947 1139 Quem
976 1094 1084 1139 syllo-

80 1143 278 1186 gismorum
315 1157 418 1178 usum
456 1145 594 1178 utinam
631 1143 951 1190 deprehendissent
982 1144 1084 1180 scho-

79 1195 154 1235 lae,
196 1201 230 1228 et
257 1198 507 1236 ostenderent,
549 1197 755 1243 quicunque
781 1204 962 1237 oratores,
1007 1205 1081 1231 tum

78 1258 211 1286 sacros,
238 1253 312 1280 tum
331 1246 542 1292 prophanos
561 1256 750 1289 enarrant,
777 1255 816 1282 ut
833 1250 985 1294 spectari
1002 1261 1083 1292 pos-

79 1304 158 1331 sent
188 1300 408 1333 necessariae
445 1306 478 1332 et
513 1300 740 1335 inviolabiles
771 1299 971 1333 thematum
999 1312 1082 1345 pro-

78 1349 254 1384 bationes.
307 1351 432 1397 Neque
451 1353 559 1385 modo
578 1353 626 1386 sic
646 1352 776 1385 eruditi
798 1351 992 1396 colligunt,
1021 1358 1083 1385 aut

78 1401 353 1436 ratiocinantur.
408 1404 476 1436 Sed
498 1410 531 1435 et
555 1415 686 1446 pueros
712 1409 746 1435 et
770 1403 898 1437 idiotas
923 1404 997 1447 ipsa
1019 1404 1081 1436 do-

78 1458 133 1486 cet
148 1459 277 1485 natura
304 1453 526 1486 ratiocinari.
581 1453 610 1487 Ε
641 1466 795 1498 quornm
821 1467 882 1487 ore
908 1455 1080 1488 iudicium

77 1503 274 1550 syllogismi
291 1510 384 1548 pete,
402 1517 476 1537 non
495 1518 512 1538 e
527 1505 683 1539 rancidis
697 1506 966 1540 dialecticorum
985 1519 1081 1540 com-

76 1555 275 1589 mentariis.
329 1556 374 1589 Et
392 1556 547 1600 primum
573 1557 716 1602 quidem
743 1558 970 1603 syllogismus
997 1571 1081 1603 pro-

77 1607 176 1640 batio
206 1607 356 1640 alicuius
383 1607 550 1642 thematis
582 1615 651 1649 est,
686 1611 838 1653 proinde
860 1608 981 1643 thema
1009 1611 1081 1655 pri-

77 1672 177 1692 mum
196 1659 318 1692 animo
347 1660 515 1704 concipe,
545 1661 643 1706 quod
667 1668 880 1704 argumento
909 1663 1080 1706 probatu-

78 1724 138 1744 rus
155 1723 210 1750 es,
239 1711 378 1757 eritque
402 1712 618 1756 syllogismi,
647 1725 751 1757 quem
780 1714 1006 1747 confecturus
1031 1727 1078 1754 es,

77 1762 270 1796 conclusio.
338 1763 455 1807 Vulgo
481 1764 542 1809 qui
569 1764 794 1808 syllogismos
818 1767 992 1798 conficere
1017 1768 1081 1798 do-

78 1821 177 1854 cent,
204 1826 278 1847 non
301 1816 499 1848 admonent
523 1828 540 1848 e
567 1814 783 1851 thematibus
813 1819 1013 1856 ducendos,
1044 1818 1078 1850 id

77 1866 175 1913 quod
197 1867 353 1900 maxime
379 1868 576 1906 referebat,
605 1869 675 1902 sint
692 1881 776 1913 ergo
795 1867 970 1903 themata:
1006 1870 1079 1902 Vo-

77 1919 194 1964 luptas
211 1920 304 1952 bona
325 1926 388 1960 est,
419 1920 565 1953 Clodius
585 1920 662 1953 iure
687 1934 807 1955 caesus
828 1929 890 1962 est,
920 1922 1078 1955 Mundus

77 1971 303 2015 providentia
329 1972 476 2016 regitur.
531 1972 676 2016 Singula
697 1973 844 2017 siugulis
865 1974 1079 2019 syllogismis

78 2023 373 2069 probaturus⁴³³)‚
415 2036 573 2057 caussam
600 2038 769 2070 quaeres,
814 2033 875 2058 aut
907 2026 1076 2059 iudicium

77 2075 331 2120 quodcunque,
351 2088 461 2120 quare
485 2076 649 2120 voluptas
665 2078 757 2110 hona
776 2078 839 2117 sit,
869 2090 979 2123 quare
997 2078 1078 2112 Clo—

77 2128 155 2160 dius
184 2127 260 2160 iure
289 2140 410 2160 caesus
434 2128 498 2166 sit,
535 2140 685 2174 eamque
711 2142 869 2163 caussam
897 2143 975 2163 cum
1004 2129 1078 2163 the-

79 2178 182 2211 matis
207 2179 408 2223 posteriore
432 2186 532 2222 parte
559 2192 620 2212 seu
650 2183 876 2224 praedicato,
920 2183 1075 2226 primum

78 2231 275 2273 producas,
320 2231 458 2276 eritque
490 2231 629 2264 axioma
657 2246 719 2265 reu
745 2235 945 2267 communis
970 2248 1077 2279 quae-

76 2284 158 2314 dam
179 2282 353 2315 sententia
380 2289 441 2315 aut
467 2295 616 2325 gnome,
653 2292 713 2317 aut
736 2286 833 2319 locus
863 2289 1077 2326 communiis,

77 2341 135 2373 ut,
171 2334 357 2379 Quidquid
385 2334 587 2378 appetitur,
621 2336 753 2369 bonum
781 2344 850 2375 esu
888 2339 996 2372 Cuius
1027 2339 1077 2372 xis

76 2387 200 2429 repelli
220 2386 363 2423 debuit,
391 2386 418 2418 is
439 2386 513 2418 iure
533 2399 654 2421 caesus
673 2395 740 2428 cst,
768 2390 896 2423 deinde
916 2403 1073 2424 caussam

77 2436 144 2470 hoc
165 2437 342 2470 axiomate
363 2450 586 2481 expressam,
615 2451 791 2484 compone
815 2454 892 2474 cum
917 2443 1075 2476 subiecto

76 2502 136 2522 scu
154 2490 274 2533 priore
292 2496 391 2533 parte
410 2487 598 2530 thematis,
627 2491 673 2524 ita
692 2499 772 2536 apte
797 2502 966 2539 sequetur
994 2508 1077 2527 con-

76 2541 244 2574 clusionis
263 2554 324 2575 seu
344 2541 398 2586 (ut
418 2542 542 2575 Cicero
562 2543 683 2588 vocat)
708 2546 965 2589 complexionis
989 2548 1076 2587 vice,

77 2590 208 2626 thema.
265 2593 359 2625 Haec
385 2594 530 2639 quidem
557 2595 753 2639 syllogismi
780 2604 907 2631 natura
935 2606 1004 2637 est,
1044 2606 1072 2631 et

112 2712 158 2740 42)
179 2713 280 2736 Annot.
301 2718 402 2744 marg-z
428 2714 573 2743 Ambigua.

111 2763 158 2790 v13]
179 2764 279 2786 Auuot.
301 2771 404 2795 marga
431 2766 511 2789 Ratio
532 2767 711 2795 componendi
732 2768 900 2799 syllogismi.

716 127 1088 163 COMPENDIARIA
1124 129 1442 166 DIALECTICES
1475 132 1639 168 RATIO.

2073 138 2147 173 734

1142 217 1216 250 sola
1237 216 1349 249 animi
1367 218 1584 262 cogitatione
1610 220 1833 265 deprehendi
1858 229 1987 266 potest.
2040 225 2146 259 Prin-

1142 268 1266 312 cipalis
1284 269 1456 315 cuiusque
1481 274 1683 315 argumenti
1702 286 1804 318 pars,
1831 275 2052 316 subiectum,
2078 275 2147 311 hoc

1142 326 1191 352 est
1212 320 1367 363 primum
1387 323 1601 356 vocabulum
1626 322 1814 366 thematis,
1843 333 1913 368 est,
1945 329 2060 374 deque
2084 329 2146 363 illo

1142 371 1278 416 aliquid
1314 372 1466 413 dicitur,
1510 381 1549 407 ut
1580 375 1757 421 Voluptas
1793 385 1844 411 est
1878 379 2034 418 bonum,
2077 393 2147 414 vox

1140 422 1349 466 principalis
1362 450 1371 462 ,
1398 424 1563 471 basisque
1581 427 1689 461 totius
1710 429 1963 473 disputationis
1980 432 2147 477 voluptas

1141 481 1213 514 est,
1258 475 1373 520 deque
1401 488 1440 509 ea
1468 477 1601 511 bonum
1630 480 1772 514 dicitur.
1842 481 2038 527 Propterea
2064 496 2145 518 cum

1141 525 1356 569 vestigatur,
1401 540 1512 573 quare
1545 531 1587 562 de
1622 532 1805 576 voluptate
1831 533 1970 567 dicatur
1995 537 2145 576 bonum,

1141 578 1255 621 prima
1278 578 1475 623 syllogismi
1498 594 1598 624 pars,
1627 596 1688 616 seu
1707 584 1864 628 primum
1891 588 2032 619 axioma
2060 599 2145 620 con-

1140 629 1276 670 ficitur,
1320 631 1449 664 deinde
1479 644 1516 664 ea
1556 635 1629 678 ipsa
1668 648 1788 669 caussa
1827 638 1871 668 ad
1908 638 2144 683 voluptatem,

1141 683 1303 727 adeoque
1334 684 1378 715 ad
1413 684 1567 719 cuiusvis
1599 683 1766 721 thematis
1799 689 1996 723 subiectum
2030 690 2144 736 appli-

1140 739 1237 772 cata,
1287 735 1523 777 posteriorem
1571 738 1767 782 syllogismi
1812 747 1950 784 partem
1990 743 2143 776 conficit.

1140 784 1325 818 Posterior
1340 784 1508 822 thematis
1527 800 1610 832 pars
1631 790 1665 822 in
1686 791 1842 834 primum
1863 793 2029 826 collocari
2046 795 2143 828 axio-

1112 874 1113 882 *
1140 849 1196 869 ma
1217 837 1344 877 debet,
1373 851 1452 872 cum
1472 852 1594 874 caussa
1619 844 1815 886 probante;
1852 846 1951 887 prior
1974 844 2143 880 thematis

1139 900 1222 932 pars
1243 897 1393 934 occupat
1413 894 1608 926 secuudum
1629 895 1769 927 axioma
1783 922 1791 933 ,
1821 908 1898 929 cum
1919 908 2040 931 caussa
2058 910 2143 942 pro-

1139 941 1269 981 bante,
1311 954 1419 987 quam
1445 945 1662 978 Aristotelici
1688 947 1845 980 medium
1871 955 2013 983 vocant.
2076 949 2142 983 Hic

1139 1004 1224 1025 vero
1243 994 1353 1033 ordo,
1382 1001 1456 1027 uta
1483 1003 1610 1029 natura
1639 999 1879 1043 praescriptus
1903 1007 1974 1041 est,
2009 1002 2055 1034 ita
2081 1014 2142 1035 ne-

1139 1044 1311 1078 cessarius
1329 1052 1397 1085 est,
1426 1053 1459 1079 et
1485 1047 1670 1082 immutari
1697 1052 1840 1096 nequit,
1877 1059 2000 1098 estque
2024 1053 2142 1087 omnis

1138 1096 1363 1141 syllogismus
1384 1101 1659 1144 consequentia,
1688 1110 1726 1135 ut
1750 1110 1900 1143 vocant,
1928 1105 2141 1139 necessaria.

1138 1182 1254 1226 Quid
1285 1182 1333 1215 M.
1363 1182 1522 1216 Cicero
1551 1186 1870 1230 syllogismum
1906 1197 2055 1232 vocet,
2100 1199 2142 1225 et

1393 1238 1618 1279 quomodo
1649 1239 1888 1274 conficiat,

1242 1300 1356 1334 Velim
1390 1304 1578 1339 artificium
1614 1308 1835 1343 dialecticum
1873 1325 1951 1345 cum
1986 1311 2141 1348 rhetori-

1136 1352 1185 1385 cis
1214 1352 1262 1385 ita
1298 1366 1440 1398 semper
1470 1361 1694 1403 comparari,
1735 1369 1774 1395 ut
1799 1370 2021 1407 spectaretur
2045 1365 2138 1400 idem

1137 1415 1210 1438 esse
1239 1405 1338 1445 finis,
1379 1406 1546 1454 idemque
1579 1424 1662 1445 usus
1688 1411 1889 1448 rhetoricae
1917 1429 1956 1449 ac
1980 1417 2139 1451 dialecti-

1136 1468 1208 1489 cae.
1264 1456 1385 1501 Quare
1404 1466 1437 1492 et
1456 1458 1523 1494 hoc
1540 1462 1617 1495 loco
1639 1464 1753 1498 visum
1774 1473 1825 1500 est
1850 1467 1937 1501 mihi
1963 1470 2138 1511 conferre,

1136 1520 1227 1553 quae
1250 1510 1292 1541 de
1316 1510 1530 1555 syllogismis
1556 1515 1599 1547 ab
1616 1516 1853 1552 Aristotelicis
1879 1521 2020 1564 prodita
2044 1529 2139 1563 sunt,

1135 1572 1215 1593 cum
1240 1560 1302 1599 iis,
1340 1574 1432 1606 quae
1458 1572 1540 1598 sunt
1565 1569 1658 1611 apud
1678 1569 1840 1603 Marcum
1864 1572 2072 1606 Ciceronem
2101 1574 2137 1607 in

1134 1612 1235 1645 libris
1265 1613 1307 1645 de
1344 1613 1573 1658 inventione,
1616 1619 1700 1652 item
1732 1625 1827 1666 apud
1852 1623 2062 1670 Fabium44)
2095 1628 2137 1659 de

1133 1662 1409 1708 Epicheremate
1443 1668 1537 1702 libro
1568 1671 1707 1716 quinto.
1776 1674 1819 1707 Et
1851 1676 1956 1720 plane
1985 1689 2022 1710 re
2048 1678 2137 1722 ipsa,

1135 1728 1213 1748 cum
1233 1716 1282 1749 M.
1302 1716 1486 1760 Ciceroni,
1510 1728 1583 1754 tum
1605 1723 1719 1755 Fabiu
1744 1727 1929 1760 nobiscum
1957 1731 2137 1774 convenit,

1134 1767 1199 1800 etsi
1217 1768 1333 1801 xerhis
1348 1770 1515 1805 nonnihil
1537 1785 1554 1805 a
1573 1781 1698 1808 nostro
1722 1790 1784 1810 usu
1810 1780 1977 1820 remotis,
2006 1781 2137 1814 discre-

1133 1832 1220 1863 pare
1255 1820 1430 1856 videatur.

1497 1823 1613 1858 Verba
1652 1828 1744 1866 eius,
1789 1830 1816 1863 si
1853 1832 1930 1876 quis
1964 1833 2136 1877 requiret,

1133 1872 1333 1906 subiiciam.

1415 1874 1763 1920 Ratiocinatio,
1816 1890 1866 1915 est
1914 1884 2051 1924 oratio,
2094 1898 2135 1918 ex

1134 1923 1208 1967 ipsa
1234 1936 1272 1956 re
1297 1926 1483 1968 probabile
1511 1929 1644 1974 aliquid
1672 1932 1835 1971 eliciens,
1872 1936 1969 1980 quod
1998 1937 2136 1980 exposi-

1134 1982 1230 2014 tum,
1266 1983 1299 2009 et
1327 1990 1389 2021 per
1414 1992 1448 2012 se
1478 1982 1682 2025 cognitum,
1723 1998 1783 2017 sua
1814 2000 1849 2019 se
1876 1987 1909 2018 vi
1935 1994 1968 2020 et
1993 1989 2134 2022 ratione

1133 2029 1331 2062 confirmet.
1389 2030 1463 2063 Hoc
1485 2034 1527 2065 de
1552 2046 1680 2077 genere
1705 2037 1766 2081 qui
1791 2037 1994 2080 diligentius
2019 2041 2135 2075 consi-

1132 2081 1331 2113 derandum
1353 2090 1589 2125 putaverunt,
1619 2100 1696 2120 cum
1718 2089 1809 2121 idem
1839 2090 1874 2122 in
1902 2104 1968 2124 usu
1992 2092 2135 2126 dicendi

1132 2140 1385 2177 sequerentur,
1414 2137 1558 2178 paulum
1578 2138 1614 2170 in
1631 2141 1873 2184 praecipiendi
1898 2144 2038 2177 ratione
2064 2146 2134 2179 dis-

1131 2192 1332 2220 seuseruut.
1384 2186 1475 2220 Nam
1497 2191 1626 2232 partim
1650 2192 1809 2238 quinque
1828 2194 1901 2228 cius
1919 2203 2036 2239 partes
2060 2211 2132 2232 esse

1132 2237 1318 2276 dixerunt,
1361 2239 1489 2281 partim
1519 2254 1591 2274 non
1625 2245 1722 2286 plus,
1768 2258 1875 2289 quam
1913 2254 1982 2282 tres
2014 2256 2133 2293 partes

1132 2300 1234 2331 posse
1268 2289 1432 2323 distribui
1466 2299 1695 2336 putaverunt.
1758 2296 1893 2330 Eorum
1925 2307 2133 2335 controver-

1131 2340 1219 2372 siam
1246 2353 1318 2373 nou
1345 2342 1614 2379 incommodum
1643 2348 1801 2387 xidetur,
1840 2363 1918 2383 cum
1950 2359 2132 2386 utrorum-

1131 2405 1199 2437 que
1217 2393 1357 2426 ratione
1375 2407 1565 2438 exponere.
1619 2398 1709 2432 Ram
1730 2407 1763 2433 ct
1780 2402 1897 2435 brevis
1914 2411 1977 2443 est,
2007 2412 2038 2437 et
2059 2418 2131 2438 non

1131 2445 1327 2485 eiusmodi,
1356 2454 1392 2479 ut
1413 2448 1513 2480 alteri
1533 2462 1680 2493 prorsus
1698 2450 1785 2484 nihil
1804 2453 1920 2487 dicere
1948 2463 2131 2499 putentur,

1131 2503 1165 2528 et
1184 2497 1280 2530 locus
1300 2496 1356 2530 hic
1370 2500 1473 2533 nohis
1493 2500 1528 2532 in
1548 2502 1699 2535 diceudo
1727 2504 1872 2537 minime
1900 2508 2131 2551 negligendus

1132 2548 1283 2582 videtur.
1339 2552 1408 2594 Qui
1430 2558 1557 2595 putant
1582 2554 1616 2586 iu
1640 2556 1798 2601 quinque
1821 2557 1986 2591 distribui
2013 2567 2131 2603 partes

1132 2608 1298 2644 OPOI'lUl'C
1311 2629 1318 2640 ‚
1362 2603 1463 2636 {iillllt
1498 2606 1654 2648 I)1'llllUlll
1691 2609 1884 2641 (f()11V(¹¹lisss
1898 2637 1906 2649 ‚
1951 2623 2129 2654 vxpssllel'e

1130 2665 1304 2685 summam
1325 2658 1658 2698 argumentationis,
1686 2661 1728 2691 ad
1748 2658 1842 2693 huuc
1859 2663 2024 2695 modum:
2056 2664 2129 2697 Me-

1166 2775 1216 2800 419
1236 2778 1259 2793 ,ει
1273 2774 1297 2795 11.
1321 2773 1432 2798 Fabium
1453 2775 1660 2803 Quintilianum.
