2389 3037
72 128 151 166 465

71 217 232 252 Pontum
254 216 437 253 Euxinum
463 223 649 257 tenerent,
691 224 731 251 ut
756 230 831 251 non
860 217 972 257 mari,
1003 229 1079 250 non

73 269 280 311 montibus,
315 283 389 304 non
420 269 670 314 magnitudine
694 269 824 303 Graeci
849 269 992 315 imperii
1019 269 1080 302 de-

71 321 190 355 territi
209 321 299 362 sint,
326 335 398 368 quo
417 322 536 356 minus
554 322 592 355 in
609 322 733 356 Asiam
756 328 790 355 et
806 321 992 367 Europam
1013 321 1080 353 im-

71 380 196 419 petum
232 374 411 414 facerent,
449 386 529 408 cum
570 374 716 420 quidem
755 385 904 419 magnas
931 373 1080 418 insuper

72 426 191 460 clades
221 425 441 470 acciperent:
485 438 531 459 an
558 438 655 460 nunc
678 427 828 471 adeptos
852 431 991 459 tantam
1015 437 1079 469 po-

71 478 244 518 tentiam,
279 484 398 513 tantas
422 477 538 519 vires,
574 484 608 512 et
631 476 700 512 hoc
721 477 925 522 fastigium,
961 476 1080 511 existi-

71 529 178 564 matis
194 541 270 563 non
286 530 457 564 delectari
472 529 621 576 Imperii
637 529 777 575 gloria?
810 530 861 564 Ac
878 541 964 563 vero
982 541 1079 562 acer-

70 581 186 616 rimus
210 588 262 616 est
285 582 452 617 stimulus
481 582 519 616 in
542 582 722 617 bellicosis
747 581 922 626 ingeniis,
959 593 1078 614 armo-

70 646 153 669 rum
170 639 205 668 et
222 632 370 680 Imperii
385 636 513 675 decus,
540 634 751 680 praesertim
771 634 800 668 si
815 633 949 678 aspiret
969 633 1077 667 etiam

67 687 229 721 fortuna.

174 737 312 773 Multae
337 745 457 772 autem
483 744 630 772 nostrae
656 738 775 771 clades
790 738 977 771 numerari
997 750 1079 782 pos-

68 796 154 824 sunt
170 789 255 824 inde
273 802 386 836 usque
403 802 422 823 a
440 790 578 835 praelio
590 817 600 831 ,
624 791 723 836 quod
739 789 991 834 Sigismundus
1008 788 1078 823 Im-

69 848 218 887 perator
237 854 317 876 cum
334 842 464 877 Turcis
486 841 678 876 infeliciter
696 841 896 882 commisit,
924 854 1004 875 cum
1024 841 1078 875 in-

68 900 167 927 terea
204 893 342 928 nullam
381 894 451 939 ipsi
485 894 662 939 insignem
693 894 831 928 cladem
861 893 1077 938 acceperint.

67 943 194 991 Itaque
211 946 249 979 in
265 952 340 979 tam
354 946 449 980 felici
465 946 701 980 victoriarum
721 958 846 986 cursu,
875 958 984 992 quam
1003 958 1078 979 non

68 997 263 1039 cessarint,
298 998 439 1033 videtis.
495 998 544 1032 Ut
568 998 663 1032 enim
689 999 855 1032 omittam
879 1010 936 1032 res
962 1005 1078 1043 gestas

67 1049 299 1094 superiorum
313 1077 322 1091 ,
351 1048 602 1090 Mahometus,
639 1050 702 1096 qui
724 1063 780 1084 me
805 1062 919 1095 puero
941 1049 1078 1091 floruit,

69 1113 212 1136 summa
229 1102 423 1144 celeritate,
451 1115 515 1137 ceu
529 1102 667 1136 fulmen
687 1104 885 1149 quoddam,
907 1114 1076 1147 magnam

69 1152 242 1199 Europae
267 1161 408 1199 partem
434 1161 651 1200 pervagatus
674 1161 744 1196 est,
773 1167 853 1189 cum
878 1154 915 1187 in
932 1155 1078 1188 Panno-

69 1205 140 1239 niis
167 1205 359 1240 infeliciter
384 1206 608 1247 dimicasset,
644 1207 758 1241 victus
783 1219 802 1239 a
825 1205 961 1240 Ioanne
977 1206 1078 1240 Hun-

70 1258 200 1298 niade,
232 1270 464 1305 nequaquam
490 1258 612 1292 animo
636 1259 770 1293 fractus
793 1265 865 1299 est,
897 1260 958 1293 sed
984 1258 1079 1292 Con-

71 1308 348 1355 stantinopolim
382 1312 552 1351 adortus,
594 1311 656 1344 diu
685 1311 886 1352 obsessam,
930 1312 1077 1344 tandem

71 1373 190 1402 anno,
226 1368 423 1408 antequam
448 1369 555 1397 natus
582 1375 682 1403 sum,
714 1369 834 1404 sexto,
869 1363 904 1395 vi
936 1370 1077 1408 captam

71 1413 223 1458 diripuit
235 1440 244 1454 ‚
273 1414 518 1449 crudelissime
536 1414 725 1448 interfecto
741 1414 967 1460 Imperatore
985 1414 1079 1449 Con-

70 1465 253 1506 stantino,
289 1473 444 1511 cognato
466 1473 613 1507 nostro,
643 1473 677 1500 et
702 1467 816 1512 raptis
843 1468 888 1500 ad
912 1473 1077 1512 stuprum

70 1517 146 1552 eius
163 1517 297 1552 liberis.

175 1569 308 1603 Postea
335 1576 437 1614 capta
458 1568 637 1612 Thracia,
665 1569 820 1617 Mysiam
846 1571 1006 1612 invadit,
1039 1582 1079 1604 ac

69 1620 144 1654 fere
162 1627 240 1655 toto
257 1619 402 1667 Illyrico
423 1622 562 1656 domito
575 1649 584 1663 ,
612 1629 646 1656 et
666 1630 841 1668 occupato
861 1636 972 1668 regno
990 1623 1080 1657 Bos-

70 1684 162 1713 nae‚
198 1671 391 1709 Graeciam
417 1674 594 1708 adoritur.
656 1673 872 1709 Corinthum
908 1675 939 1707 vi
970 1688 1079 1720 expu-

71 1730 175 1770 gnat,
210 1731 245 1759 et
269 1725 564 1770 Peloponnesum
588 1726 719 1759 ditioni
743 1740 827 1761 suae
853 1727 992 1767 adiicit,
1026 1727 1079 1760 in—

71 1777 227 1811 terfectis
262 1777 510 1823 Palaeologis,
549 1777 737 1812 Demetrio
773 1785 807 1812 et
835 1777 979 1812 Thoma
1008 1780 1079 1812 sra-

69 1828 197 1863 tribus.

176 1880 251 1915 Tot
271 1880 392 1926 regnis
419 1893 459 1915 ac
481 1882 679 1926 provinciis
702 1883 739 1916 in
756 1881 903 1927 Europa
931 1882 1079 1927 potitus,

71 1933 162 1967 adeo
188 1945 264 1967 non
288 1933 423 1978 recepit
440 1946 476 1968 se
496 1934 533 1967 in
552 1934 686 1976 otium,
714 1941 753 1969 ut
769 1935 920 1969 subinde
939 1935 1078 1968 maiora

69 1998 133 2030 spe
154 1991 261 2032 atque
285 1985 408 2019 animo
427 1986 646 2031 conciperet.
701 1986 913 2021 Constitutis
931 1987 1079 2032 provin-

72 2037 134 2072 ciis
158 2037 196 2071 in
221 2037 388 2083 Europa,
418 2038 551 2072 traiicit
574 2038 611 2071 in
638 2039 781 2079 Asiam,
809 2039 1077 2084 Trapezuntem

72 2096 253 2135 expugnat
273 2102 355 2134 rege
376 2091 578 2125 interfecto.
634 2090 774 2125 Deinde
792 2092 1003 2138 Mitylenen]
1023 2104 1079 2125 ar-

71 2142 140 2176 mis
163 2142 274 2186 cepit;
306 2154 460 2188 cumque
483 2142 554 2176 iam
572 2143 750 2177 minorem
766 2144 889 2178 Asiam
914 2157 954 2178 ac
969 2144 1078 2177 Ponti

74 2205 176 2227 oram
203 2193 410 2227 universam
435 2201 594 2235 teneret,
623 2197 792 2230 transfert
808 2196 941 2230 bellum
960 2196 997 2229 in
1015 2196 1079 2242 Sy-

71 2246 165 2279 riam
182 2252 217 2279 et
232 2245 451 2291 Aegyptum.
496 2246 564 2280 Sed
584 2260 663 2281 cum
683 2248 852 2283 Sultanus
872 2249 945 2282 acie
964 2249 1078 2283 victus

71 2310 199 2343 pacem
230 2304 387 2343 peteret,
431 2298 515 2344 quia
549 2299 696 2334 maioris
726 2301 862 2345 gloriae
887 2301 1075 2335 materiam

73 2349 164 2384 vidit
189 2362 264 2384 esse
290 2351 327 2383 in
350 2349 520 2395 Europa,
554 2352 679 2386 foedus
707 2365 786 2386 cum
809 2353 960 2387 Sultano
983 2353 1077 2394 ferit,

72 2408 109 2435 et
132 2402 275 2437 rediens
298 2403 335 2436 in
354 2401 561 2447 Europam,
590 2403 762 2438 instructa
784 2405 910 2446 classe,
940 2412 974 2439 et
993 2418 1078 2439 con-

73 2454 197 2488 tractis
231 2455 344 2500 copiis
371 2454 504 2488 traiicit
528 2455 565 2488 in
590 2454 749 2497 Italiam,
791 2464 826 2490 et
853 2458 1079 2503 oppugnavit

74 2505 324 2551 Hydruntem,
367 2519 407 2540 ac
435 2514 575 2541 tantum
601 2508 750 2543 terroris
770 2507 894 2543 Italiae
919 2511 1078 2550 incussit,

73 2564 115 2592 ut
128 2557 201 2591 iam
218 2558 408 2593 Romanus
424 2560 593 2594 Pontifex
611 2561 732 2605 fugam
755 2569 918 2606 pararet;
955 2563 1077 2596 omnia

75 2616 180 2644 erant
199 2609 237 2644 in
259 2609 360 2645 Italia
384 2618 418 2645 et
438 2612 555 2646 Gallia
580 2613 757 2647 bellorum
778 2614 897 2659 plena.
938 2614 1078 2648 Deinde

74 2674 151 2696 non
168 2662 285 2697 solum
303 2663 505 2699 Turcarum
524 2665 634 2706 vires,
662 2667 723 2700 sed
748 2666 862 2700 multo
886 2667 999 2711 magis
1015 2668 1079 2701 du-

74 2714 125 2749 cis
147 2714 373 2756 felicitatem,
413 2717 598 2751 scientiam
622 2718 674 2751 rei
703 2718 890 2759 militaris,
929 2719 1079 2763 vigilan-

74 2765 162 2799 tiam
189 2774 223 2800 et
250 2768 490 2807 celeritatem,
527 2782 651 2804 omnes
675 2776 797 2814 gentes
823 2771 1080 2805 formidabant.

120 2825 304 2858 Mamm.
327 2826 432 2859 OPER.
458 2827 543 2859 Von.
567 2829 639 2859 XX.

280 128 322 166 ΙΙ.
375 108 699 165 EXHORTATlO
725 128 1038 166 MAXIMILIANI
1065 129 1132 166 AD
1160 128 1364 165 BELLUM
1392 100 1570 164 TufiCIs
1597 129 1668 165 ΙΝ.
1680 127 1936 166 ..ΒΕΝΒΗΜ

2068 130 2143 165 466

1134 216 1287 250 Memini
1308 229 1366 250 me
1388 229 1502 261 puero
1519 215 1616 251 hunc
1634 223 1808 264 tanquam
1826 216 2073 251 Alexandrum
2093 217 2143 249 al-

1134 275 1251 302 terum
1285 268 1510 314 praedicari,
1544 269 1691 316 eiusque
1720 269 1846 304 virtuti
1862 269 1894 317 ⁵)
1922 276 1957 303 et
1980 268 2140 303 felicitati

1134 332 1249 365 prona
1276 320 1399 354 onmia
1424 320 1552 355 videri.

1236 370 1277 405 ln
1302 378 1401 405 tanta
1428 371 1672 416 trepidatione
1698 379 1929 414 nostrorum,
1957 372 2055 407 Deus
2073 373 2141 406 cle-

1134 429 1274 457 menter
1295 424 1452 468 respexit
1473 423 1671 458 Ecclesiam
1696 437 1818 465 suam,
1847 431 1881 458 et
1904 425 1955 458 illi
1982 432 2139 470 tyranno

1134 474 1206 508 iam
1232 474 1356 509 Italiae
1383 476 1521 509 aditum
1549 476 1685 510 tenenti
1711 488 1840 511 manus
1866 477 2008 517 iniecit,
2042 489 2140 511 eum-

1134 540 1225 573 que,
1253 540 1298 561 ne
1320 528 1482 562 funditus
1507 526 1753 562 Christianum
1781 541 1937 570 nomen,
1972 535 2052 562 a'ras
2076 541 2141 562 no·

1133 585 1244 620 streis,
1273 586 1306 614 et
1323 580 1601 614 sacratissimam
1619 580 1831 624 religionem
1849 582 2003 621 deleret,
2031 594 2049 614 e
2069 593 2141 613 me-

1133 631 1194 664 dio
1220 632 1382 673 sustulit,
1410 639 1519 678 atque
1546 631 1707 666 extinxit.
1769 633 1847 667 Hoc
1871 634 2045 667 beneficio
2072 633 2141 666 cla-

1133 683 1274 718 rissime
1313 691 1462 719 testatus
1500 691 1552 719 est
1578 683 1697 725 Deus,
1730 697 1796 719 nos
1824 685 1892 720 sibi
1920 698 2027 719 curae
2055 698 2141 719 esse.

1134 735 1243 780 Quod
1280 736 1426 783 quidem
1458 737 1485 771 si
1520 736 1768 781 agnoscimus,
1812 738 2031 782 cogitemus,
2074 750 2141 772 nos

1133 788 1279 833 quidem
1307 801 1349 822 eo
1373 795 1535 823 servatos
1561 800 1655 829 esse,
1687 801 1763 822 non
1780 796 1819 823 ut
1838 790 1946 824 otiosi
1964 797 2140 835 perpetuo

1133 840 1289 884 grassari
1315 840 1351 874 in
1368 840 1525 875 Ecclesia
1543 841 1681 875 Turcas
1703 840 1883 883 sinamus,
1911 843 1972 876 sed
1995 849 2034 876 ut
2051 843 2141 876 exci-

1133 891 1199 924 tati
1222 905 1289 926 nos
1314 905 1459 939 quoque
1485 905 1570 927 cura
1588 892 1768 927 Ecclesiae
1792 894 2001 928 liberandae
2027 901 2061 927 et
2081 895 2141 928 de-

1131 943 1333 978 fendendae
1357 945 1575 985 afficiamur,
1605 952 1639 979 et
1662 945 1817 980 sciamus
1832 946 1950 981 Deum
1972 959 2047 980 rem
2067 954 2141 980 tam

1132 996 1230 1040 piam
1265 997 1542 1042 suscipientibus
1578 998 1775 1032 affuturum
1805 1011 1890 1033 esse.
1950 999 2044 1034 Nam
2074 1012 2141 1034 nos

1133 1048 1293 1094 quidem,
1322 1049 1453 1095 quibus
1469 1049 1689 1094 reipublicae
1707 1051 1867 1084 defensio
1887 1053 2139 1085 commendata

1133 1106 1204 1141 est,
1232 1113 1307 1134 non
1335 1102 1445 1135 alium
1470 1101 1548 1135 Deo
1574 1103 1709 1136 cultum
1735 1103 1930 1147 gratiorem
1956 1111 2140 1148 praestare

1132 1164 1335 1197 possumus.
1390 1153 1574 1188 Divinitus
1592 1161 1626 1188 et
1644 1154 1733 1187 illud
1752 1155 1899 1196 accidit,
1928 1157 2027 1201 quod
2050 1169 2140 1189 non-

1132 1202 1223 1238 nihil
1249 1207 1483 1240 retardarunt
1506 1206 1740 1240 victoriarum
1767 1205 1969 1241 Mahometi
1995 1220 2137 1242 cursum

1132 1257 1320 1291 fortissimi
1344 1258 1434 1299 viri,
1461 1258 1620 1304 primum
1643 1257 1796 1294 Ioannes
1820 1259 2051 1301 Hunniades‚
2081 1262 2140 1294 de-

1133 1308 1217 1342 inde
1240 1309 1418 1355 Georgius
1445 1310 1725 1351 Scanderbeius,
1766 1318 1800 1345 et
1825 1311 1902 1345 Rex
1929 1311 2139 1357 Hungariae

1134 1359 1319 1396 Matthias.
1373 1361 1546 1397 Libenter
1570 1363 1667 1396 enim
1689 1375 1937 1398 commemoro
1951 1391 1959 1405 ,
1988 1371 2027 1399 ut
2045 1365 2141 1409 cogi-

1133 1413 1215 1448 tetis
1238 1414 1389 1448 salutem
1410 1413 1592 1449 Ecclesiae
1609 1414 1688 1449 Deo
1716 1427 1823 1450 curae
1850 1428 1944 1457 esse,
1972 1423 2006 1451 et
2025 1423 2065 1451 ut
2081 1418 2141 1450 de-

1133 1466 1249 1499 bitum
1284 1467 1428 1501 virtutis
1461 1467 1709 1502 testimonium
1744 1465 1800 1502 his
1827 1468 1977 1503 ducibus
2005 1469 2140 1514 optime

1134 1517 1273 1552 meritis
1303 1519 1518 1554 tribuamus.
1580 1519 1655 1554 Hos
1679 1520 1775 1554 enim
1801 1521 2049 1566 antagonistas
2077 1534 2142 1556 ceu

1134 1582 1281 1604 murum
1312 1572 1483 1616 opposuit
1515 1571 1614 1606 Deus
1644 1572 1798 1606 irruenti
1826 1571 2062 1614 Mahometo,
2097 1587 2141 1607 ne

1134 1622 1252 1656 subito
1272 1623 1410 1668 impetu
1428 1623 1634 1658 universam
1653 1623 1840 1670 Europam
1861 1625 2096 1671 opprimeret.

1238 1674 1404 1709 Primum
1440 1676 1478 1709 in
1506 1676 1736 1710 Pannoniam
1765 1677 1966 1722 ingressus,
2008 1690 2141 1723 magno

1135 1726 1249 1760 victus
1281 1733 1333 1761 est
1367 1728 1411 1761 ab
1435 1728 1642 1763 Hunniade.
1708 1728 1849 1763 Deinde
1877 1737 2058 1763 remorata
2091 1737 2141 1764 est

1135 1790 1215 1812 eum
1244 1791 1308 1823 per
1333 1780 1466 1814 multos
1489 1792 1605 1814 annos
1622 1780 1849 1816 Macedonia.
1904 1782 1997 1816 Nam
2019 1784 2138 1828 quoad

1135 1830 1222 1863 vixit
1239 1830 1519 1873 Scanderheius,
1546 1833 1715 1877 repressit
1731 1834 1942 1875 barbarum,
1971 1841 2005 1868 et
2021 1834 2141 1879 singu-

1134 1882 1202 1916 lari
1228 1883 1360 1917 virtute
1385 1891 1419 1917 et
1446 1885 1640 1918 foelicitate
1666 1886 1823 1930 patrium
1845 1898 1996 1930 regnum
2020 1887 2141 1921 defen-

1135 1935 1198 1969 dit.
1253 1935 1331 1968 Hoc
1355 1943 1501 1970 mortuo
1527 1938 1673 1971 tandem
1700 1937 1936 1979 Macedonia,
1963 1951 2038 1973 non
2062 1939 2142 1973 diu-

1134 1993 1243 2021 turno
1278 1987 1372 2022 bello
1408 1996 1556 2029 vexata,
1591 1989 1668 2023 sine
1703 1990 1900 2024 certamine
1928 1989 2140 2025 Mahometo

1134 2040 1248 2074 cessit.
1304 2039 1478 2075 Matthias
1499 2040 1676 2088 aliquotss)
1700 2042 1845 2087 praeliis
1862 2043 2038 2077 deterruit
2056 2056 2138 2077 eum

1134 2093 1178 2125 ab
1196 2091 1404 2137 Hungaria;
1433 2094 1477 2127 ad
1497 2091 1585 2127 haec
1601 2106 1719 2128 arcem
1741 2095 1772 2128 ei
1792 2094 2002 2133 Sabaceam,
2030 2096 2138 2130 truci-

1134 2145 1219 2178 dato
1237 2146 1395 2179 exercitu
1412 2145 1567 2179 Turcico
1579 2173 1587 2187 ,
1612 2146 1757 2191 eripuit.

1236 2196 1404 2231 Extincto
1426 2198 1537 2243 igitur
1555 2196 1767 2232 Mahometo
1785 2200 1969 2244 paulisper
1985 2200 2139 2245 respira-

1134 2248 1262 2283 vimus.
1316 2249 1410 2284 Nam
1435 2257 1468 2284 et
1488 2251 1683 2285 domestica
1702 2251 1875 2286 dissensio
1892 2258 2046 2285 mortem
2064 2253 2139 2286 eius

1132 2308 1283 2347 sequuta
1311 2309 1380 2341 est;
1415 2304 1476 2337 sed
1504 2303 1690 2350 aliquanto
1713 2310 1814 2349 post,
1849 2304 1980 2338 sedatis
2005 2304 2140 2338 discor-

1133 2353 1201 2387 diis
1216 2354 1406 2395 intestinis,
1430 2355 1561 2389 iterum
1578 2356 1704 2390 vicinis
1720 2356 1838 2400 regnis
1855 2356 1947 2390 bella
1966 2356 2137 2391 inferunt.

1132 2405 1297 2440 Pazaites
1333 2404 1544 2441 Metbonam
1582 2408 1729 2443 Venetis
1766 2408 1902 2453 ingenti
1941 2410 2137 2442 certamine

1133 2458 1277 2503 eripuit.

1236 2510 1333 2555 Quid
1354 2523 1449 2545 nunc
1466 2511 1678 2557 Selymum?
1706 2525 1829 2546 nonne
1851 2512 1979 2547 videtis
1998 2513 2136 2545 domita

1133 2562 1236 2608 Syria
1259 2569 1292 2596 et
1309 2563 1473 2609 Aegypto
1486 2592 1494 2605 ,
1522 2565 1730 2609 Hungariae
1747 2565 1982 2600 audacissime
2001 2564 2134 2597 bellum

1133 2614 1290 2648 inferre?
1326 2628 1343 2647 a
1371 2628 1440 2662 qua
1458 2616 1526 2651 nisi
1545 2630 1624 2650 eum
1643 2617 1876 2662 depellimus,
1905 2629 2012 2663 quam
2031 2616 2136 2649 facile

1165 2717 1196 2745 5)
1217 2715 1329 2755 yirtuti]
1356 2716 1398 2740 sic
1417 2718 1494 2740 recte
1514 2716 1599 2741 Editt.
1621 2715 1713 2743 1:2an
1742 2716 1834 2742 1581..
1863 2715 1956 2740 1624.:
1988 2716 2037 2739 Ed.
2060 2716 2133 2742 1572.

1167 2752 1337 2816 mvidiiiiiiit]
1357 2785 1406 2809 Ed.
1428 2785 1611 2855 15723131‘2:
1637 2785 1747 2815 aliquod
