2453 3037
314 124 388 158 103

611 206 701 241 ,Μετ’
725 207 841 246 ὀλίγον
863 209 1008 248 μέλλων.

312 258 348 289 S.
371 260 541 299 τετυψοίμ
548 271 584 300 ην
682 260 846 301 τετιῗψοιο
998 259 1185 301 τετύψοιτο

312 309 351 339 D.
375 320 449 341 τετι1
456 312 539 350 ψοίμ
546 312 631 342 εθον
682 310 920 351 τετιῗψοισθον
997 314 1236 354 τετυψοίσθην

311 361 351 392 P.
373 363 538 402 τετυψοίμ
545 364 613 392 εθα
680 361 896 402 τετιῖψοισθε
995 363 1210 405 τετύψοιντο.

549 419 626 451 Τῶν
654 416 890 453 ὖποτακτικῶν
918 423 1071 460 ἐνεστώς.

311 471 345 501 S.
370 470 432 501 ἐὰν
451 469 637 511 τιῖπτωμαι
681 473 789 519 τίπτῃ
998 476 1165 516 τύπτηται

311 521 351 550 D.
373 521 605 561 τυπτωμεθον
683 522 887 563 τύπτησθον
1000 526 1202 567 τύπτησθον

310 571 349 602 Ρ.
371 572 584 612 τυπτώμεθα
681 573 861 614 τύπτησθε
996 577 1201 610 τύπτωνται.

673 636 941 674 Παρακείμενος.

310 683 346 715 S.
371 682 431 714 ἐάν
447 685 651 723 τετυμμένος
684 680 709 715 οῗ
802 681 837 731 ᾖς
925 683 944 733 ᾗ

310 735 350 765 D.
374 737 567 774 τετυμμένω
797 734 876 779 ἦτον
922 734 1001 780 ἦτον

310 785 347 815 Ρ.
371 789 571 825 τετυμμένοι
660 784 751 827 ὦμεν
795 785 851 830 ἦτε
926 785 989 821 ὦσι

680 844 858 888 ’Λάριστος
880 848 922 881 α’,

311 896 347 927 S.
371 895 431 927 ἐὰν
445 897 571 938 τυφθῶ
679 899 817 945 τυφθῇς
995 900 1114 946 -τυφθῇ

310 948 352 978 D.
678 950 860 991 τυφθῆτον
993 951 1171 993 τυφθῆτον

311 989 349 1020 Ρ.
370 990 561 1031 τυφθῶμεν
680 993 837 1034 τυφθῆτε
995 994 1171 1036 τυφθῶσι.

691 1048 869 1091 ’Λόριστος
891 1052 931 1091 β’.

313 1099 350 1130 S.
374 1099 435 1130 ἐὰν
448 1099 545 1130 τυπιὶῖ
680 1101 788 1147 τυπῇς
995 1103 1084 1149 τυπῇ

311 1152 351 1182 D.
680 1152 830 1193 τυπῆτον
994 1154 1143 1195 τυπῆτον

312 1203 350 1233 P.
372 1200 532 1239 τυπῶμεν
679 1202 806 1244 τυπῆτε
817 1206 865 1243 ⁵²)
996 1206 1140 1238 τυπῶσι.

627 1261 704 1293 Τῶν
733 1261 996 1306 ἀπαρεμφάτων

306 1308 476 1348 Ἐνεστιός.
516 1312 712 1345 τύπτεσθαι

309 1365 579 1403 Παρακείμενος.
623 1365 797 1406 τετύφθαι

305 1412 484 1455 ’Λόριστος
507 1415 549 1446 α’.
594 1415 775 1457 τυφθῆναι

307 1462 486 1506 ’Λόριστος
509 1465 548 1503 β’.
594 1465 745 1507 τυπῆναι

310 1517 462 1548 Μέλλων
484 1516 526 1548 α’.
570 1517 823 1558 τυφθήσεσθαι

312 1568 462 1600 Mamm
485 1567 525 1607 β’.
569 1568 794 1610 τυπήσεσθαι

312 1617 401 1652 Μετ’
428 1616 546 1659 ὅλίγον
568 1619 715 1658 μέλλων.
759 1619 989 1662 τετύψεσθαι.

469 1690 814 1724 Annotationes
842 1692 887 1724 in
914 1691 1143 1735 passivam

609 1741 1006 1786 coniugationem.

416 1809 605 1843 Indicativi
628 1822 796 1854 praesens
823 1817 874 1845 est
898 1809 1096 1857 τύπτομαι.
1150 1811 1242 1845 Nam
1270 1818 1310 1846 ut

312 1862 433 1895 Latini
451 1862 566 1894 activo
582 1874 600 1894 r
620 1862 804 1896 adiicimus
825 1863 1016 1896 formaturi
1036 1862 1236 1907 passivum,
1260 1864 1309 1897 ita
1335 1877 1337 1885 ⁴

591 1911 736 1946 Interim
757 1915 919 1947 observet
935 1927 1024 1958 puer
1041 1921 1074 1947 et
1090 1912 1181 1947 hanc
1199 1915 1310 1959 passi·
1335 1910 1337 1922 ¹

312 1926 380 1958 μαι
396 1913 537 1946 Graeci.

313 1977 442 1998 vorum
464 1961 717 2008 diphthongon
746 1965 842 2009 longi
869 1965 1012 2011 quidem
1039 1966 1211 2010 temporis
1241 1978 1308 2011 pro

313 2017 411 2050 brevi
427 2014 550 2049 haberi
564 2043 573 2055 ,
600 2018 696 2062 quod
713 2029 786 2049 non
803 2014 989 2061 τυπτόμαι
1013 2017 1108 2050 iuxta
1135 2018 1310 2061 regulam,

314 2070 374 2102 sed
390 2065 576 2113 τύπτομαι
595 2069 861 2112 pronuntietur.

419 2117 547 2164 Τύπτῃ
575 2119 602 2152 si
628 2120 744 2154 solvas
767 2119 904 2161 lonice‚
942 2115 1095 2154 τύπτεαι
1120 2120 1190 2153 fiet.
1257 2118 1307 2152 lta

315 2170 434 2203 licebit
450 2170 558 2204 facias
576 2177 609 2202 et
624 2171 769 2216 reliquis
787 2171 949 2205 secundis
966 2171 1129 2215 personis
1146 2171 1309 2215 passivae

316 2219 516 2255 diatheseos
532 2235 554 2267 ῃ
571 2222 787 2257 finientibus.
844 2222 938 2255 Idem
958 2224 996 2256 fit
1015 2222 1051 2255 in
1080 2223 1205 2256 mediis
1232 2234 1309 2256 ver-

315 2273 388 2313 bis,
425 2280 463 2305 ut
481 2272 658 2307 Homerus
684 2272 772 2321 [Od.
789 2272 815 2313 I,
836 2275 935 2319 123]
960 2272 1050 2319 παρ’
1081 2273 1177 2319 ἄμμι
1201 2271 1309 2320 φιλήὴ

316 2336 414 2368 σεαι,
441 2337 506 2368 pro
532 2322 686 2371 φιλήσῃ;
721 2325 857 2371 reliqua
883 2325 969 2361 κατ’
997 2323 1205 2373 ἀναλογίαν
1232 2338 1308 2359 exe-

317 2389 438 2423 quere.

395 2425 625 2474 ’.Ετυπτόμην
640 2429 865 2473 par-'utaticon
881 2430 1018 2463 duabus
1035 2429 1148 2463 literis
1165 2436 1311 2474 superat

318 2479 422 2513 activi
440 2481 677 2523 parataticon,
704 2493 768 2526 μη.
804 2481 861 2514 Sic
880 2494 963 2525 ergo
982 2482 1165 2522 formabis,
1194 2480 1310 2514 omni-

317 2532 381 2565 bus
412 2531 521 2564 literis
555 2532 658 2564 activi
693 2533 888 2576 imperfecti
924 2533 1107 2577 praeteriti
1133 2533 1309 2566 manenti-

316 2584 402 2623 bus,
430 2596 452 2617 ν
472 2589 652 2627 postremo
670 2591 951 2629 ¹111222111ep01105,
980 2584 1137 2620 ἔτυπτον
1154 2581 1308 2620 ἐτυπτό·
1336 2613 1338 2625 ,
1366 2627 1370 2629 ¹

316 2648 391 2680 μην
399 2660 410 2678 ,
437 2633 560 2683 ἔλεγον
581 2632 768 2682 ἑλεγόμην.

351 2734 398 2765 52)
419 2735 533 2763 τυπῆτε]
553 2736 591 2758 Ed
622 2735 695 2757 ¹5:3⁸,
717 2734 801 2757 mato:
827 2733 947 2763 ιυῑιῆῐον

640 2793 658 2810 h

889 126 1013 161 PfflL.
1050 127 1162 162 MEL.
1197 127 1401 161 scmPTA
1437 111 1775 163 PfflLoLofflcA.

1334 998 1336 1093 i

1334 1152 1336 1167 1

1333 272 1471 309 'quam
1515 267 1609 310 apud
1654 273 1778 310 poetas
1820 273 2052 311 augmentum
2087 268 2243 309 tollitur,

1361 920 1498 964 Regula
1509 922 1566 969 53).

1465 213 1559 247 Nolo
1590 212 1768 248 schemate
1800 215 1986 261 persequi,
2032 217 2161 262 quibus
2190 229 2359 251 nonnun-

2297 276 2360 303 aut

2169 318 2210 353 Π.
2227 319 2359 354 Iliados

1362 316 1462 349 litera
1489 317 1679 362 quaepiam
1700 318 1890 358 exciditur,
1918 325 1957 352 ut
1975 321 2117 354 στεῦτο.

1334 377 1336 394 2
1363 365 1432 415 [vs.
1449 366 1556 416 597]
1575 369 1611 401 in
1629 367 1769 402 Thrace
1787 368 1963 415 Thamyri
1975 397 1983 410 ‚
2013 373 2142 405 στεῦτο
2157 369 2233 418 γὰρ
2254 370 2360 416 εὐχό-

1361 431 1473 464 μενος
1500 419 1718 465 νικησέμεν,
1761 433 1777 453 a
1804 418 1980 467 στεύομαι
2006 427 2160 467 paratat.
2215 420 2360 457 ἐστευό-

1335 506 1336 512 ἵ
1361 483 1456 516 μην,
1491 478 1524 504 et
1547 471 1650 505 tertia
1674 484 1827 516 persona
1855 470 2041 517 ἐστεύετο,
2075 474 2160 506 tolle
2188 485 2359 517 augmen—

1335 538 1336 543 *
1363 528 1461 562 tum,
1490 529 1523 555 et
1548 524 1678 568 systole
1702 524 1863 556 vocalem
1889 525 2125 568 penultimam
2152 525 2292 565 excide,
2320 524 2360 557 fit

1364 575 1506 609 στεῦτο.
1570 574 1636 608 Hic
1660 582 1803 619 oportet
1828 576 2016 608 admoneri
2039 588 2191 620 puerum
2218 587 2359 619 semper

1363 624 1514 657 activam
1531 626 1642 670 fingat
1658 639 1781 659 vocem
1794 653 1802 666 ‚
1831 626 2087 670 coniugaturus
2107 626 2214 661 huius
2239 627 2359 670 dispo-

1363 676 1502 710 sitionis
1535 678 1683 711 verbum
1715 679 1968 724 quodcunque.
2041 676 2095 711 lta
2129 678 2224 712 enim
2254 677 2359 711 facile

1362 733 1525 771 tempora
1546 729 1667 761 omnia
1685 736 1719 762 et
1737 730 1864 763 modos
1880 729 2065 763 formabit.

1694 804 1877 852 τέτυμμαι
1903 808 1998 839 unde
2008 805 2024 838 Ρ

1464 870 1704 906 Praeteritum
1738 874 1931 917 perfectum
1962 880 2015 907 est
2041 885 2134 918 pass.
2159 874 2203 906 ab
2229 873 2358 907 activo.

1623 924 1869 970 Quaecunque
1887 931 1938 957 est
1955 925 2062 957 activi
2079 924 2266 968 praeteriti
2288 931 2359 957 ter-

1362 972 1513 1005 minatio
1532 987 1608 1020 φα,
1633 988 1702 1019 κα,
1729 988 1801 1020 χα,
1831 988 1908 1008 eam
1928 975 1964 1007 in
1978 988 2048 1020 μαι
2064 975 2215 1016 vertito,
2244 981 2278 1008 et
2295 973 2358 1008 ha-

1361 1023 1460 1057 bebis
1479 1026 1658 1068 passivum
1677 1038 1965 1070 paraestmenon.
2010 1025 2073 1060 Est
2089 1039 2173 1070 ergo
2192 1039 2211 1059 a
2229 1024 2357 1061 τύπτω

1360 1073 1523 1121 τέτυφα,
1553 1075 1635 1110 hinc
1654 1090 1709 1124 φα
1727 1078 1761 1110 in
1778 1091 1847 1123 μαι
1865 1090 1967 1112 verso
1983 1079 2021 1110 fit
2037 1076 2234 1122 τέτυμμαι.

1465 1126 1581 1160 Porro
1600 1130 1663 1174 qui
1681 1130 1736 1168 fit,
1764 1136 1804 1162 ut
1822 1136 1855 1162 et
1874 1130 2024 1162 alterum
2043 1142 2074 1174 μ
2092 1127 2308 1162 adiiciatur?

1465 1176 1505 1210 In
1526 1191 1629 1213 causa
1648 1186 1718 1220 est,
1748 1182 1845 1225 quod
1872 1186 2014 1225 oportet
2038 1180 2255 1224 penultimas
2278 1190 2359 1223 pas-

1334 1266 1336 1268 *
1362 1226 1429 1258 sivi
1464 1228 1646 1272 praet'eriti
1678 1231 1804 1274 longas
1826 1243 1920 1271 esse,
1955 1243 2064 1277 quare
2090 1238 2172 1264 ante
2193 1230 2356 1265 ultimam

1335 1305 1336 1309 ,
1363 1275 1455 1311 hanc
1470 1283 1539 1315 τοῦ
1552 1294 1621 1326 μαι
1639 1282 1867 1316 inflexionem
1886 1284 2030 1315 variant
2048 1283 2168 1316 verba.

1682 1358 1831 1391 Prima
1862 1360 2034 1403 regula.

1464 1424 1609 1459 Primae
1630 1426 1894 1470 coniugationis
1910 1427 2030 1461 omnia
2048 1428 2118 1461 τοῦ
2130 1438 2200 1471 μαι
2211 1438 2242 1471 μ
2259 1431 2358 1459 ante-

1362 1481 1522 1517 ponunt,
1548 1475 1723 1524 γίγραφα
1745 1477 1973 1526 γέγραμμαι.
2026 1478 2120 1512 Nota
2140 1489 2232 1523 quae
2252 1488 2359 1510 voca-

1334 1525 1430 1557 :lem
1468 1534 1629 1568 mutant,
1678 1528 1826 1577 στρέφω
1860 1529 2096 1575 μἔέστραμμαι,
2146 1526 2268 1575 τρὲπω
2300 1525 2358 1562 τὲ-

1361 1589 1542 1623 τραμμαι.

1751 1656 1801 1689 Se
1813 1668 1829 1689 c
1841 1669 1863 1689 u
1875 1668 1898 1689 n
1910 1658 1931 1689 d
1943 1668 1973 1690 a.

1466 1723 1649 1757 Secundae
1683 1725 1945 1769 coniugationis
1978 1725 2099 1758 onmia
2129 1737 2154 1772 y
2184 1723 2358 1757 adiiciunt

1335 1753 1336 1758 ¹
1362 1775 1415 1821 τῷ
1431 1787 1499 1819 μαι
1512 1803 1520 1816 ,
1547 1774 1672 1821 λέλεχα
1692 1774 1873 1824 λέλεγμαι.

1769 1852 1942 1885 Tertia.

1465 1920 1597 1953 Omnia
1617 1920 1741 1952 tertiae
1757 1919 2018 1963 coniugationis
2037 1930 2059 1954 σ
2081 1920 2286 1963 adponunt,
2317 1925 2357 1953 ut

1362 1969 1513 2005 πέπεικα
1535 1969 1741 2016 πέπεισμαι.

1764 2046 1796 2091 Q
1807 2059 1828 2079 u
1839 2059 1856 2079 a
1869 2059 1886 2079 r
1897 2053 1909 2079 t
1921 2060 1952 2080 a.

1467 2106 1740 2151 Coniugationis
1759 2112 1927 2151 quartae,
1956 2119 2045 2151 quae
2063 2106 2099 2139 in
2115 2119 2164 2141 κα
2183 2106 2354 2151 praeteri-

1364 2166 1437 2192 tum
1463 2159 1617 2191 activum
1644 2158 1798 2197 faciunt,
1833 2168 1856 2191 σ
1877 2159 1930 2204 τῷ
1955 2170 2022 2202 μαι
2050 2159 2207 2198 addunt,
2234 2163 2274 2191 ut
2289 2155 2351 2192 πέ-

1363 2223 1490 2258 φρακα
1507 2207 1735 2256 πέφρασμαι.
1790 2208 1953 2254 Quorum
1974 2222 2058 2243 vero
2075 2209 2190 2243 activo
2216 2215 2354 2254 praete-

1362 2263 1432 2295 rito
1444 2275 1496 2307 χα
1519 2267 1587 2301 est,
1623 2274 1684 2305 per
1707 2273 1732 2307 γ
1756 2261 1932 2304 passivum
1960 2260 2192 2309 s01·¹nant⁵¹²),
2226 2259 2354 2308 ὤρυχα

1363 2313 1548 2361 ὥρυγμαι.

1760 2390 1944 2435 Quinta.

1466 2450 1504 2483 In
1521 2463 1575 2496 ρω
1592 2456 1625 2483 et
1642 2452 1693 2484 λω
1719 2451 1864 2495 quintae
1888 2447 2150 2494 coniugationis
2171 2461 2194 2496 ρ
2212 2455 2246 2482 et
2263 2452 2282 2483 λ
2300 2460 2354 2481 re-

1364 2503 1496 2543 tinent,
1538 2509 1576 2535 ut
1603 2502 1789 2548 Z‘ossotpptm
1813 2504 1856 2536 ab
1885 2501 2070 2548 ἴσπαρκα,
2111 2499 2273 2548 ἕψαλμαι
2309 2500 2352 2532 ab

1364 2554 1518 2601 ἴψαλκα.

1397 2655 1444 2686 53)
1465 2655 1648 2679 Praeteritum
1664 2670 1696 2672 —
1711 2656 1840 2686 Regula!
1861 2656 1902 2679 sic
1915 2656 1999 2679 Editt.
2019 2655 2212 2686 1522-1541.;
2232 2653 2353 2678 inEditt.

1434 2691 1508 2714 1542.
1525 2698 1583 2720 sqq.
1604 2692 1669 2714 haec
1690 2692 1792 2714 omissa
1812 2691 1882 2714 sulit.
2207 2712 2210 2714 .

1397 2733 1445 2765 54)
1465 2734 1596 2763 formant]
1619 2735 1698 2758 Editt.
1716 2734 1821 2759 1522-
1834 2734 1906 2757 15⁸¹.
1926 2734 2026 2757 format

2285 132 2360 168 104
2396 132 2400 138 '
