2389 3037
74 129 148 164 137
599 124 720 160 XCIV.
776 124 914 159 GRAM
920 123 1106 159 MATICA

72 215 229 252 Perinde
253 226 293 248 ac
318 214 346 248 si
371 213 500 247 Latine
524 213 638 247 dicas:
677 223 740 257 per
762 218 927 256 te,¹per‚
957 211 1019 257 qui
1042 217 1075 244 te

72 268 179 302 talem
199 278 354 312 genuere
371 272 549 311 parentes.
602 264 689 298 Item
713 276 860 305 coram,
887 261 979 310 πρὸς
1000 265 1077 297 τῶν

73 316 305 364 ἐπισκόπων,
342 331 462 352 coram
488 317 688 362 Episcopis.
743 316 791 350 Et
818 315 995 355 officium,
1033 313 1077 349 οὐ

72 370 166 420 πρὸς
182 369 394 419 φιλοσόφου
410 367 636 418 φιληδονεῖν.
691 369 773 404 Non
796 374 847 402 est
868 364 1078 425 philosophi

72 424 251 468 voluptati
270 423 466 467 indulgere.
519 421 591 467 Qu
583 434 689 467 inqu
682 434 738 454 1111
757 417 1048 453 Demosthenes
1040 431 1077 451 111

74 476 238 509 oratione
259 481 382 508 contra
401 471 616 509 Aeschinem
637 481 671 506 et
686 471 778 520 πρὸς
797 469 857 518 ἐαὲ
878 469 945 504 1130
969 471 1076 514 signi-

72 528 239 561 ficatione
256 533 423 571 usurpat:
462 527 506 559 ad
523 540 579 559 me
605 525 800 571 pertinens.
853 522 916 557 Est
940 529 974 556 et
998 523 1076 556 iun-

73 586 172 614 ctura
190 591 311 620 casus,
349 579 410 624 qui
437 579 579 624 passixo
599 577 839 616 construitur,
868 572 1078 621 Σωκράτης

73 633 234 680 φιλεῖται
255 628 346 679 πρὸς
362 629 555 676 δαίμονος.

177 683 332 723 Dativo,
375 694 513 728 supra,
550 688 589 714 ut
619 680 711 728 πρὸς
741 679 905 719 τούτοις·
902 680 960 727 '.7)

69 748 207 782 prope,
235 747 344 783 erga,
376 733 468 781 πρὸς
491 732 650 775 ἅπασιν,
683 730 958 766 Demosthenes.

179 787 392 821 Accusativo
426 786 568 825 iuncta,
619 792 692 819 tum
729 786 874 818 demum
908 783 1077 828 propriae

74 838 344 884 significationis
370 845 440 879 est,
474 844 514 871 ut
533 838 681 871 Manuel
701 837 935 881 Moscopulus
960 848 1078 880 gram-

74 892 226 925 maticus
244 890 406 924 omnium
420 917 428 929 ‚
457 890 495 923 ni
511 890 637 929 fallor,
666 889 729 935 qui
745 889 932 933 superiore
958 888 1077 921 seculo

72 944 195 977 literas
222 942 494 982 instaurarunt,
530 942 623 975 idem
652 942 759 985 longe
784 940 1079 985 diligentissimus

74 1008 115 1029 ac
133 995 380 1035 doctissimus,
408 994 544 1040 inquit:
571 993 631 1029 ὅτε
647 990 686 1029 δὲ
714 991 735 1038 ἡ
761 991 853 1038 πρὸς
875 990 921 1027 τὰ
947 991 1081 1036 ἑαυτῖς

75 1044 266 1093 σημαίνει,
294 1044 359 1082 καὶ
377 1045 422 1081 οὐ
445 1045 679 1092 λαμβάνεται
703 1043 788 1079 ἀντὶ
813 1043 958 1091 ἑτέρας,
993 1042 1077 1089 μετ’

74 1099 278 1145 αἰτιατικῆς
306 1097 561 1139 ξυντάσσεται.
627 1097 768 1130 Motum
805 1097 850 1129 ad
885 1108 1078 1141 personam

75 1151 269 1195 significat,
295 1150 354 1185 ἴθι
376 1148 468 1196 πρὸς
483 1148 551 1185 τόν
568 1148 756 1196 ἄρχοντα,
787 1149 821 1181 id
842 1155 915 1188 est,
944 1149 989 1181 ad
1004 1159 1079 1180 ma-

75 1203 276 1248 gistratum.
329 1202 403 1237 Nec
420 1203 463 1235 ad
483 1202 576 1235 solas
593 1213 782 1245 personas,
810 1201 870 1234 sed
895 1201 938 1232 ad
963 1199 1080 1232 inani-

75 1261 194 1294 mata,
223 1252 314 1299 πρὸς
331 1251 561 1299 περίπατον,
588 1253 706 1285 Plato.
749 1252 956 1287 Adversum
972 1251 1080 1295 signi-

75 1307 178 1347 ficat,
204 1304 348 1340 Γότθοι
370 1307 571 1349 πολεμοῦσι
590 1302 681 1351 πρὸς
693 1301 921 1349 Ῥωμαίους,
953 1300 1080 1337 Gotthi

76 1358 209 1391 bellum
231 1369 310 1390 cum
328 1356 504 1389 Romanis
520 1362 660 1400 gerunt.
698 1355 787 1388 Tale
808 1361 858 1389 est
876 1353 968 1401 πρὸς
982 1353 1081 1401 κάρα

74 1407 212 1456 κοίριζε.
253 1407 379 1453 Neque
397 1420 483 1441 vero
502 1414 641 1441 motum
659 1407 836 1451 significat
853 1408 968 1441 solum
981 1434 990 1447 ‚
1019 1407 1080 1440 sed

76 1467 111 1494 et
134 1460 313 1506 quietem,
340 1459 376 1492 id
400 1466 471 1499 est,
500 1472 573 1494 esse
600 1459 738 1505 aliquid
763 1459 801 1491 in
826 1460 927 1498 loco,
955 1457 1081 1492 habet-

76 1525 146 1558 que
164 1510 371 1557 emphasin,
398 1511 512 1558 apud.
565 1510 748 1545 Lucianus
772 1511 818 1555 in}
830 1511 968 1557 Cycno:
1009 1521 1080 1545 σει-

76 1561 277 1611 ρῆναςμὲν
295 1561 389 1599 εἶναι
410 1562 502 1610 πρὸς
529 1560 687 1607 αὐτούς,
716 1563 860 1597 Sirenas
888 1575 961 1597 esse
985 1563 1081 1607 apud

77 1627 150 1650 eos.
200 1615 247 1649 Et
263 1613 355 1662 πρὸς
373 1617 475 1661 σῆμα
492 1617 677 1662 μητρυιᾶς
700 1613 854 1657 κλαίεις,
883 1615 990 1659 Apud
1016 1626 1081 1647 no-

77 1679 202 1701 vercae
219 1668 398 1701 tumulum
418 1668 552 1712 ploras.
607 1666 849 1700 Imitationem
877 1668 1014 1711 signat,
1043 1673 1082 1699 ut

76 1717 169 1766 πρὸς
184 1716 331 1765 μύρτον
347 1716 452 1764 ᾄδειν
463 1745 474 1760 ,
503 1717 595 1764 πρὸς
610 1717 830 1765 κλεψύδραν
850 1717 983 1766 λέγειν.
1019 1717 1082 1752 Est

78 1783 95 1803 e
114 1770 262 1804 Graecis
282 1770 461 1815 quispiam
479 1782 553 1801 non
578 1770 747 1813 ignobilis
766 1777 891 1810 autor,
921 1770 983 1815 qui
1006 1783 1082 1803 ma-

77 1822 139 1867 gni
156 1821 317 1867 mysterii
335 1822 414 1854 loco
432 1819 525 1867 πρὸς
541 1821 781 1854 imitationem
811 1833 852 1854 ac
876 1821 1082 1855 similitudi-

76 1886 159 1908 nem
185 1874 371 1917 designare
390 1879 494 1917 putat
517 1873 612 1917 apud
630 1871 827 1906 Iohannem
857 1871 915 1921 [1‚
930 1871 1009 1920 -.1]:
1044 1873 1083 1908 ἐν

78 1924 175 1974 ἀρχῇ
193 1921 241 1972 ἦν
262 1923 281 1960 ὁ
298 1920 407 1973 λόγος
428 1922 492 1959 καὶ
515 1922 534 1959 ὁ
562 1923 670 1973 λόγος
690 1921 738 1971 ἦν
762 1923 854 1972 πρὸς
880 1923 948 1961 τὸν
976 1922 1082 1960 θεόν.

77 1977 124 2012 Et
149 1978 298 2011 verbum
323 1983 400 2010 erat
421 1977 517 2021 apud
534 1975 671 2017 Deum,
700 1978 848 2011 verbum
872 1990 907 2022 p
900 1978 1004 2017 stris,
1033 1977 1083 2011 εἰ-

78 2027 174 2066 κόνα
205 2041 278 2064 0550
310 2040 385 2061 11011
412 2028 590 2073 spiritum.
658 2028 865 2073 Composita
896 2029 947 2065 ad
976 2029 1082 2069 valet,

80 2094 189 2129 quam
214 2080 379 2127 equidem
400 2080 697 2124 significationem
717 2082 904 2126 propriam
928 2085 973 2128 τῇ
991 2079 1084 2129 πρὸς

80 2134 258 2173 arbitror,
286 2134 501 2179 προςκαλιῦ,
530 2134 680 2166 advoco.

185 2181 294 2233 Πρό,
323 2189 426 2223 ante,
454 2184 612 2218 Genitivi
630 2185 740 2219 solius
758 2192 830 2226 est,
859 2186 925 2219 loci
944 2192 1082 2229 tempo-

81 2238 202 2283 risque
231 2244 338 2275 nota,
365 2235 551 2270 Prisciano
580 2243 689 2277 teste,
726 2235 798 2284 πρὸ
824 2235 962 2284 πύλης,
999 2243 1081 2270 311ῑο

80 2295 237 2334 portam.
299 2286 506 2331 Composita
529 2301 621 2334 prae
644 2290 838 2333 significat,
866 2287 1080 2336 προβάλλω,

81 2352 291 2386 praepon0‚
318 2338 529 2386 πρόβλημα.
578 2341 850 2387 Nonnunquam
871 2339 956 2377 ἀντὶ
974 2341 1081 2385 signi-

82 2394 163 2427 ficat
176 2420 185 2434 ‚
206 2394 280 2440 γῆν
297 2389 368 2438 πρὸ
384 2394 468 2440 γῆς,
500 2399 629 2425 terram
649 2406 714 2438 pro
734 2400 840 2427 terra.

1032 678 1078 713 Et

167 2478 229 2511 De
259 2478 597 2524 disyllaharum
626 2479 994 2513 constructione.

188 2546 304 2595 Παρά
337 2547 515 2591 genitivu,
557 2547 678 2581 (1ι11νο
708 2555 741 2581 et
766 2549 968 2582 accusativo
999 2561 1081 2581 con-

87 2598 255 2640 struitur,
283 2601 342 2633 sed
370 2600 438 2632 3111
466 2599 738 2643 significitione.
792 2601 962 2633 Genitixo
986 2600 1080 2633 idem

87 2652 183 2697 quod
200 2649 291 2695 πρὸς
305 2652 353 2695 sig³
343 2664 448 2685 nans
467 2652 624 2685 exitum
618 2664 813 2696 ’1110150010
830 2649 1010 2699 βοήθειά
1009 2664 1083 2686 nov
1108 2642 1111 2700 1

87 2733 172 2736 »ἡ
283 2733 292 2735 »
1109 2677 1112 2752 ἱ

121 2771 170 2799 57)
191 2774 218 2794 ut
238 2770 306 2802 πρός
325 2768 441 2804 τούτοις]
464 2773 490 2796 111
511 2773 595 2798 Editt.
618 2773 809 2799 1522—1541.
833 2773 942 2799 desunt.
1110 2754 1112 2796 1

1142 124 1338 160 GRAECA
1373 124 1603 177 INTEGRA.
2062 129 2132 163 138

1132 212 1235 261 παρὰ
1253 211 1400 259 κυρίου.
1465 213 1649 247 Auxilium
1670 226 1789 247 meum
1819 225 1836 246 a
1865 214 2027 248 domino.
2081 215 2137 249 Sic

1132 266 1240 300 Plato.
1255 266 1292 298 in
1309 263 1494 298 Phaedroz
1525 263 1626 312 παρὰ
1641 263 1812 310 Λυσίου,
1841 261 1870 300 ὦ
1889 264 2102 312 Σώκρατες.

1236 317 1312 350 Hac
1344 317 1428 349 item
1464 317 1732 361 praepositione
1762 318 1945 362 passivum
1983 319 2134 352 verbum

1133 370 1229 404 casui
1252 374 1416 412 aptatur,
1451 374 1491 401 ut
1515 370 1686 403 adversus
1711 369 1919 413 imperitum
1938 368 2137 405 Lucianus:

1133 418 1330 466 ξυλλαβών
1351 418 1397 454 τὰ
1414 421 1482 454 τοῦ
1501 418 1740 455 Θουκυδίδου
1759 419 1829 456 ὅσα
1848 419 1950 466 παρὰ
1975 425 2044 458 τοῦ
2063 424 2139 468 Λη-

1131 471 1364 519 μοσθένους,
1398 469 1461 506 καὶ
1488 469 1585 506 αὐτὰ
1609 469 1756 512 ὀκτάκις
1780 473 2139 521 Διιετεγγεγραιιμιηεῖνα

1132 523 1281 571 εὑρέθη.
1338 523 1471 557 Nactus
1490 521 1726 569 Thucydidae
1746 537 1876 569 opera,
1909 538 2021 571 eaque
2047 538 2138 571 quae

1133 590 1151 610 a
1179 573 1425 610 Demosthene
1453 575 1562 609 octies
1586 576 1762 620 descripta
1788 583 1871 610 sunt
1896 583 1961 610 etc.
2022 578 2138 622 Signi-

1133 630 1215 662 ficat
1240 635 1275 662 et
1296 639 1455 674 supra,³
1439 627 1585 660 oe11itivi
1613 628 1774 673 syntaxi,
1804 635 1844 661 ut
1867 625 1956 667 θεὸς
1981 632 2048 664 τοῦ
2075 642 2139 673 ιιε-

1132 679 1266 741 γίστου
1282 682 1360 715 τῶν
1376 678 1557 727 ἀριθμῶν
1580 678 1764 727 ὑπεροχη,
1801 678 1904 726 παρὰ
1928 683 2006 716 τῶν
2029 680 2139 729 ἐγγυ-

1132 730 1271 768 τάτων.
1327 732 1362 765 id
1387 731 1605 772 05ῐ,Ι)0115,
1640 745 1674 764 m
1680 744 1790 765 ix1m1
1818 744 2055 766 numerorum
2083 745 2139 766 ex-

1135 798 1250 819 cessus
1273 796 1380 829 supri
1412 784 1598 828 proximos
1621 796 1793 818 numelos
1817 790 1879 817 est.
1934 783 2139 829 Athenago-

1133 850 1195 871 rae
1214 837 1323 870 verba
1338 836 1471 870 suntin
1493 836 1678 877 oratione,
1706 849 1776 882 qua
1799 836 1935 879 legatus
1964 838 2007 869 ad
2026 837 2139 869 Anto-

1134 890 1240 923 ninos
1260 888 1430 922 Caesares
1449 888 1590 921 circiter
1609 899 1744 922 annum
1771 888 1894 922 salutis
1919 889 2139 922 instauratae

1136 941 1368 975 centesimum
1389 946 1422 973 et
1439 940 1743 985 septuagesimum
1761 941 1929 983 dogmata
1944 938 2140 974 Christiani

1134 993 1293 1027 nominis
1310 999 1445 1026 tutatus
1463 999 1525 1026 cst.
1580 992 1662 1037 Quo
1681 993 1761 1026 loco
1781 1004 1893 1025 uuum
1909 992 2027 1026 Deum
2049 1004 2139 1026 asse-

1135 1046 1182 1079 rit
1209 1058 1226 1079 e
1250 1042 1553 1090 philosophorum
1573 1045 1735 1079 decretis.
1790 1043 1892 1077 Hanc
1910 1042 2140 1093 ὑπογραφὴν

1134 1097 1224 1139 Ι)01,
1251 1097 1467 1130 familiarem
1487 1094 1629 1130 scholae
1649 1095 1914 1142 Pythagoricae
1938 1110 1955 1130 e
1972 1095 2139 1130 Philolao

1135 1156 1260 1184 testem
1280 1149 1429 1182 unitatis
1445 1148 1510 1181 Dei
1538 1149 1667 1193 allegat
1692 1161 1840 1193 prorsus
1866 1144 2139 1197 αἰνιγματώδη.

1136 1202 1405 1247 Quamobrem,
1435 1213 1507 1246 quo
1533 1202 1701 1235 studiosis
1729 1201 1959 1245 elegantioris
1984 1199 2142 1245 philoso-

1135 1252 1241 1298 phiae
1270 1259 1411 1297 gratum
1437 1253 1588 1293 faciam,
1623 1266 1792 1298 scrupum
1819 1253 1969 1286 solvam.
2030 1251 2141 1298 quue

1136 1306 1191 1338 vel
1224 1305 1379 1338 maxime
1405 1305 1609 1338 oblectandi
1632 1305 1815 1339 Francisci
1841 1304 2005 1338 Stadiani
2035 1303 2143 1337 amici

1135 1357 1250 1391 nostri
1281 1357 1414 1390 summi
1446 1357 1582 1400 gratia,
1619 1357 1695 1397 cui,
1735 1363 1774 1390 ut
1806 1363 1858 1390 est
1889 1354 2141 1401 philosophiae

1136 1409 1255 1443 omnis
1277 1420 1393 1442 novae
1420 1421 1460 1441 30
1485 1409 1614 1442 veteris
1639 1409 1752 1453 probe
1775 1409 1930 1453 peritus,
1973 1409 2017 1441 ad
2054 1406 2141 1441 11300

1136 1459 1377 1504 Theologicas
1400 1460 1523 1494 literas
1546 1459 1613 1496 τὸν
1642 1463 1737 1495 νοῦν
1764 1458 2142 1504 κατασκευασάμενος

1136 1519 1256 1547 sancte
1283 1512 1510 1556 complexus,
1539 1524 1577 1545 ea
1598 1511 1827 1558 Pythagorae
1851 1512 2027 1546 sententia
2051 1511 2141 1544 mire

1136 1564 1284 1611 probari
1303 1564 1404 1598 solet.
1459 1564 1522 1598 Est
1539 1571 1658 1598 autem
1683 1577 1821 1598 summa
1847 1564 1912 1597 rei.
1964 1563 2062 1598 Deus
2085 1576 2142 1596 ex-

1137 1629 1253 1651 cessus
1271 1623 1341 1656 est,
1370 1629 1442 1662 quo
1468 1616 1646 1650 maximus
1667 1628 1860 1656 numerus,
1897 1616 2067 1650 denarius
2092 1616 2142 1647 vi-

1137 1669 1283 1710 delicet,
1313 1668 1519 1713 proximum
1540 1669 1734 1701 nonarium
1754 1674 1918 1713 superat,
1948 1667 2059 1701 vincit
2078 1679 2140 1700 no-

1137 1722 1280 1755 narium
1299 1720 1438 1754 unitate
1455 1720 1636 1755 denarius.
1691 1720 1788 1754 Deus
1815 1720 1924 1764 igitur
1940 1720 2060 1753 unitas
2079 1726 2142 1758 est,

1139 1780 1246 1819 atque
1268 1774 1359 1806 adeo
1379 1773 1519 1805 denarii
1546 1773 1684 1813 unitas,
1712 1772 1961 1817 perfectissimi
1986 1771 2143 1811 numeri,

1137 1825 1174 1858 id
1191 1831 1254 1864 est,
1281 1830 1434 1857 naturae
1454 1836 1579 1858 omnes
1599 1825 1761 1857 omnium
1782 1824 2043 1868 perfectionum
2061 1835 2141 1867 gra-

1137 1878 1203 1910 dus
1225 1876 1442 1920 complexae.
1499 1876 1614 1920 Supra
1634 1876 1818 1921 proximos
1839 1888 2030 1916 numeros,
2059 1881 2142 1909 sunt

1139 1935 1324 1963 creaturae
1350 1930 1527 1974 quaedam
1555 1927 1691 1968 εἰκόνες
1714 1927 1803 1968 Dei,
1838 1926 1901 1962 καὶ
1927 1925 2141 1971 θεοτυπίαι,

1138 1993 1229 2027 quae
1250 1980 1354 2014 nobis
1376 1992 1439 2014 ceu
1467 1979 1677 2014 methodum
1703 1981 1877 2025 praebent
1903 1979 2139 2024 cognoscendi

1137 2033 1217 2066 Dei.
1273 2032 1395 2078 Quare
1417 2033 1561 2077 sapiens
1588 2033 1642 2065 vir
1661 2030 1887 2078 Pythagoras
1911 2028 2142 2080 ὑπογραφὴν

1137 2085 1205 2118 Dei
1226 2097 1242 2118 e
1260 2085 1435 2129 proximis
1454 2085 1604 2118 denario
1624 2085 1801 2125 numeris,
1830 2084 1865 2117 id
1891 2090 1962 2123 est,
1988 2095 2005 2116 e
2031 2082 2141 2117 simil-

1136 2137 1233 2170 limis
1251 2136 1395 2170 divinae
1414 2144 1563 2171 naturae
1580 2136 1765 2181 spiritibus
1784 2135 1903 2170 traxit.
1957 2135 2140 2179 Tempero

1136 2187 1246 2228 mihi,
1274 2201 1318 2222 110
1337 2189 1478 2234 longius
1497 2196 1592 2222 extra
1611 2195 1708 2233 septa
1729 2187 1872 2229 evehor,
1897 2194 1937 2222 ut
1953 2187 2022 2220 dici
2039 2187 2140 2225 solet,

1138 2242 1233 2288 quod
1246 2267 1255 2281 ‚
1278 2241 1306 2275 si
1326 2241 1404 2287 quis
1424 2239 1510 2274 mihi
1538 2241 1720 2285 continget
1737 2241 1850 2273 lector
1866 2239 2046 2273 studiosus
2065 2250 2139 2283 my-

1137 2293 1329 2328 steriorum
1362 2291 1636 2337 philosophiae,
1678 2291 1765 2326 haec
1797 2305 1863 2337 pro
1897 2291 2040 2335 ingenio
2075 2303 2138 2324 suo

1136 2345 1281 2379 uberius
1301 2351 1394 2387 agat.

1240 2396 1373 2428 Dativo
1400 2393 1501 2442 παρά
1527 2396 1769 2435 construitur,
1800 2407 1917 2441 prope
1949 2395 2002 2427 vel
2027 2399 2137 2430 iuxta

1137 2448 1360 2492 significans,
1388 2445 1489 2493 παρὰ
1515 2451 1568 2495 τῷ
1592 2446 1712 2495 κυρίῳ
1738 2447 1852 2489 ἕλεος,
1889 2448 1996 2491 Apud
2012 2446 2139 2479 Domi-

1136 2513 1222 2533 num
1240 2499 1501 2533 misericordia.
1558 2499 1737 2533 Locorum
1758 2512 1798 2532 ac
1816 2511 2052 2544 personarum
2077 2504 2139 2535 est,

1135 2551 1346 2585 Aristoteles
1370 2552 1407 2584 in
1431 2551 1616 2586 Eudemiis
1643 2551 1839 2585 moralibus
1865 2548 1966 2598 παρὰ
1990 2552 2043 2596 τῷ
2061 2548 2140 2595 θεῷ

1137 2603 1246 2644 dixit,
1274 2615 1360 2648 pro:
1387 2616 1405 2636 a
1424 2602 1513 2638 Deo.

1240 2654 1453 2688 Accusativo
1489 2662 1626 2689 motum
1661 2657 1705 2688 ad
1738 2668 1813 2688 rem
1847 2655 2009 2697 signans,
2052 2650 2135 2697 παρ’

1142 2704 1259 2742 αὐτὸν
1276 2708 1411 2753 ἴωὸιιεν,
1447 2709 1491 2740 ad
1517 2708 1632 2751 ipsum
1660 2720 1793 2741 eaums.
1855 2705 1893 2737 111
1922 2703 2137 2737 parmenide

1138 2759 1301 2793 Platonis
1320 2756 1421 2803 παρὰ
1445 2758 1561 2794 πότον
1584 2758 1802 2804 βακχεύειν,
1824 2756 1992 2790 'Insanire
2011 2757 2054 2788 ad
2073 2768 2135 2799 po-
