2389 3037
54 116 138 154 2253
719 113 840 148 XCVI.

164 201 244 235 Alia
262 213 332 235 una
355 200 608 235 terminatione
627 201 694 233 tria
715 212 842 245 genera
862 201 1058 239 continent,

64 265 153 300 quae
170 253 338 287 dicuntur
357 254 473 287 omnis
492 252 643 297 generis.

217 310 294 350 hic,
349 310 454 352 baec,
508 310 576 345 hoc
602 312 709 345 foelix

217 362 272 397 hic
284 391 292 402 ,
345 362 450 403 haec,
507 361 575 397 hoc
601 363 759 408 locuples

215 413 292 455 hic,
346 413 452 455 haec,
506 413 574 448 hoc
602 427 737 459 pauper
749 412 808 458 2⁰).

164 474 314 520 Hospes,
335 487 467 519 sospes,
495 475 594 508 dives
612 474 647 507 in
666 481 793 507 neutro
810 484 937 516 genere
958 483 1059 506 usur-

60 532 193 571 pantur
215 538 476 572 nonnunquam
490 554 499 566 ,
528 533 584 559 ut:
620 525 750 559 Divitis
771 523 902 567 ingenii
925 530 975 556 est
994 523 1059 555 im-

59 577 179 611 mania
212 577 374 612 Caesaris
414 584 491 610 acta
526 578 710 617 Condere,
754 576 848 620 apud
883 574 1058 608 Ovidium

60 627 188 677 [Trist.
207 627 249 670 ll,
267 627 342 663 335
358 627 431 676 sq.]
443 629 502 676 21).

519 702 592 738 Vll.

162 764 357 798 Volucrum
391 764 561 804 nomina,
595 776 666 796 una
699 763 953 796 terminatione
985 765 1057 795 duo

60 827 190 860 genera
229 815 525 860 complectentia,
571 815 739 849 dicuntur
767 812 978 857 ἐπικοίνου,
1022 814 1057 847 id

59 873 130 907 est,
158 867 353 912 promiscui
377 867 538 911 generis,
565 867 660 912 quod
686 879 758 900 una
777 879 881 907 v,oce
909 878 983 899 uno
1002 878 1058 898 ar-

59 918 182 959 ticulo,
209 919 280 952 duo
299 931 427 964 genera
446 918 661 963 promiscue,
685 919 832 964 sineque
851 918 1057 951 discrimine

59 982 160 1004 sexus
177 969 390 1004 efferantur:

108 1027 198 1063 haec
213 1029 291 1074 pica

109 1079 168 1114 hic
185 1092 280 1126 pavo

109 1130 199 1166 haec
216 1132 344 1165 alauda

424 1028 482 1062 hic
501 1041 622 1074 passer

425 1079 514 1114 haec
529 1080 653 1114 cornix

425 1130 484 1166 hic
499 1132 610 1177 picus.

753 1027 840 1062 haec
858 1029 976 1074 aquila

755 1078 841 1113 haec
859 1080 1023 1114 coturnix

163 1191 390 1225 Terminatio
415 1192 603 1225 articulum
631 1191 820 1229 indicabit;
850 1203 932 1223 nain
951 1203 968 1222 a
988 1191 1059 1223 sere

58 1243 256 1277 foeminina
283 1243 490 1277 terminatio
516 1250 586 1283 est,
615 1255 653 1275 er
679 1243 894 1283 masculina,
921 1255 962 1276 us
986 1254 1059 1275 ma-

61 1294 209 1329 sculina.

479 1353 644 1398 Excipe

163 1404 329 1451 Quorum
355 1405 527 1439 discretae
555 1412 637 1439 sunt
663 1404 953 1439 terminationes:

215 1463 273 1498 hic
298 1465 410 1509 gallus
617 1463 673 1498 bic
698 1465 883 1499 columbus

214 1514 302 1550 haec
325 1517 455 1561 gallina
617 1515 702 1550 baec
726 1517 904 1550 columba.

163 1576 260 1610 Haec
278 1589 361 1622 grus
380 1577 519 1611 usitate.
549 1576 719 1622 Virgilius
736 1577 888 1626 [Georg.
901 1577 1058 1624 1,120.]2

60 1628 360 1675 Strymoniaeque
384 1641 500 1673 grues.
553 1629 598 1662 Et
623 1629 760 1664 Plinius
785 1628 894 1677 [Hist.
915 1630 997 1664 Nat.
1019 1630 1059 1670 X,

59 1680 122 1716 23.
146 1686 305 1714 veterum
331 1679 480 1728 Editt.]:
516 1680 691 1715 Excubias
716 1679 850 1714 habent
872 1682 1059 1715 nocturnis

59 1732 307 1777 temporibus,
343 1731 504 1776 lapillum
532 1733 619 1776 pede
645 1733 878 1772 sustinentes,
908 1734 968 1778 qui
994 1734 1059 1767 las-

62 1783 146 1817 satis
161 1795 289 1817 somno
306 1783 474 1817 decidens
492 1784 751 1828 indiligentiam
771 1796 859 1817 sono
878 1791 1059 1828 coarguat.

62 1834 231 1869 Caeterae
252 1835 450 1869 dormiunt.

163 1886 230 1920 Hic
245 1887 354 1920 hubo.

62 1988 232 2035 Virgilius
251 1988 359 2038 [Aen.
378 1989 438 2030 IV,
457 1988 574 2038 462.];
605 1990 759 2036 Solaque
779 1991 994 2024 culminibus
1014 1992 1060 2023 se—

62 2042 128 2074 rali
145 2045 303 2076 carmine
323 2042 435 2080 bubo;
464 2042 530 2075 Hic
550 2050 611 2076 aut
629 2040 714 2075 baec
732 2044 851 2076 dama.

517 2119 607 2153 Ylll.

167 2178 277 2213 Dubii
303 2179 441 2224 generis
464 2187 566 2220 sunt,

66 2237 171 2276 atque
190 2230 260 2264 alio
278 2243 405 2275 genere
424 2239 592 2275 usurpata
613 2238 716 2270 sunt,
745 2238 800 2265 ut:

56 2389 59 2392 ’
99 2385 146 2414 20)
166 2386 221 2409 liic.
241 2386 322 2409 haec.
344 2386 391 2408 Ιιοις
413 2387 529 2415 panperl
558 2386 582 2408 in
605 2386 684 2408 mnu.
709 2386 791 2409 1516..
812 2393 835 2410 s,
851 2392 875 2410 a.

99 2428 146 2457 21)
166 2430 274 2459 Hospes
295 2441 325 2445 -
347 2428 438 2460 Ovid.]
460 2430 554 2451 hortun
575 2429 634 2451 loco
654 2429 736 2452 Editt
759 2429 844 2454 15⁴6..
866 2437 887 2453 s,
905 2436 928 2453 a.
947 2430 1059 2453 liabent:

135 2464 275 2492 Quaedam
300 2462 409 2487 nomina
435 2463 585 2486 communis
612 2464 740 2490 ueneris.
773 2470 840 2493 quae
863 2465 1012 2493 plerunque
1033 2467 1061 2486 ut

135 2498 311 2521 substantiva
338 2500 522 2527 [usurpantur.
551 2498 684 2521 interdum
706 2501 795 2522 tamen
819 2499 956 2521 adiective
977 2505 1060 2521 usur-

137 2534 217 2561 pata.
244 2534 368 2555 neutrum
389 2539 475 2559 genus
497 2533 649 2561 resipiant.
670 2535 707 2559 ut,

307 2567 416 2596 Hospes
489 2568 572 2590 nives
644 2568 758 2596 Pauper.

137 2601 171 2623 [t
194 2600 263 2629 apud
283 2600 416 2624 Ovidium.
462 2602 561 2624 bix-itis
587 2602 687 2631 ingenii
716 2604 758 2625 ent
779 2601 906 2625 innnania
928 2602 1060 2625 Caesaris

136 2636 213 2663 acta,
233 2635 367 2658 condere.
405 2636 438 2658 Et
457 2637 526 2666 apud
550 2637 697 2664 Virgilium
720 2635 790 2667 [κει
804 2637 826 2661 1,
841 2637 913 2664 θεῆς
952 2636 1060 2666 Paupe—

137 2669 176 2692 ris
202 2671 228 2692 et
255 2669 343 2700 tuguri
371 2674 529 2701 congestum
550 2671 651 2700 cupito
672 2672 787 2694 culinen.

138 2704 198 2726 dum
225 2705 284 2727 est.
309 2709 376 2733 quos
401 2710 481 2728 casus
510 2706 642 2736 rereperit
669 2713 750 2728 nanu.

138 2743 257 2767 paupera
278 2738 428 2767 pluraliter,

896 2387 981 2410 deest.

901 111 1228 147 GRAMMATICA
1264 110 1455 147 LATINA.

393 1886 544 1921 Ovidius
567 1885 673 1935 [Met.
692 1886 734 1927 V,
748 1885 824 1922 550
840 1884 928 1934 sq.]:
960 1886 1059 1932 lgna·

62 1950 127 1972 vus
148 1939 264 1980 bubo,
293 1939 411 1972 dirum
437 1940 648 1972 mortalibus
668 1940 802 1977 Omen;
830 1938 929 1973 Haec
950 1939 1061 1979 bubo,
1087 1942 1089 1947 '

833 2672 884 2693 Sed
905 2672 1060 2694 observan-
1086 2680 1089 2704 j

781 2712 832 2728 non
858 2706 926 2728 enim
948 2706 1060 2729 dicimus
1086 2723 1089 2730 ,

2035 106 2111 144 254

1668 193 1726 228 hic
1743 195 1843 228 alvus
1895 191 1983 227 haec
2003 194 2103 228 alvus

1668 245 1725 280 hic
1742 247 1850 290 adeps
1893 243 1982 278 haec
2004 246 2112 289 adeps

1138 299 1194 334 hic
1214 312 1339 343 margo
1376 298 1462 332 baec
1483 311 1605 341 margo
1668 297 1725 331 hic
1745 298 1830 331 silex
1893 294 1981 329 haec
2001 296 2088 330 silex

1084 355 1087 396 ᾗ
1137 351 1195 385 hic
1212 364 1341 399 pumex
1374 349 1461 383 baec
1478 362 1607 394 pumex
1670 347 1726 382 hie
1744 350 1820 382 calx
1891 346 1979 381 baec
1999 348 2086 380 calx.

1218 411 1367 455 Rigidos
1387 411 1516 449 calces,
1544 410 1686 442 Persius
1710 407 1799 457 [Sat.
1818 409 1853 447 3,
1874 405 1984 455 105.].
2027 407 2112 440 Fer-

1113 470 1189 496 rata
1211 463 1322 501 calce,
1349 461 1525 506 Virgilius
1551 462 1654 505 [Aen.
1670 461 1729 500 Xl,
1748 458 1867 506 714.].

1217 514 1422 548 Priscianus
1448 520 1480 546 et
1508 513 1646 547 Nonius
1664 511 1854 544 Marcellus
1880 511 2033 555 plurima
2060 522 2114 542 re-

1114 572 1276 603 censent;
1320 578 1443 598 verum
1471 571 1521 598 est
1546 565 1582 597 in
1606 562 1660 597 liis
1682 564 1861 608 sequenda
1892 562 2112 595 consuetudo

1114 617 1439 661 receptissiinoruni
1470 623 1667 649 auctorum.
1716 615 1885 647 Frontem
1917 613 2114 647 masculino

1113 681 1241 712 genere
1259 669 1347 701 dixit
1365 668 1551 708 Caecilius,
1579 674 1615 700 at
1633 679 1728 700 nunc
1746 678 1820 699 non
1840 665 2014 711 liceat22).
2057 664 2114 697 Sic

1113 721 1295 754 cardinem
1316 720 1515 753 foeminino
1543 719 1632 752 dixit
1649 715 1842 752 Gracchus.
1897 717 1970 750 Nos
1996 716 2114 760 potius

1112 772 1301 816 Virgilium
1334 770 1442 819 [Aen.
1460 769 1485 811 I,
1503 770 1609 819 672]
1635 781 1845 815 sequamur:
1882 768 1985 801 Haud
2013 774 2112 800 tanto

1113 824 1261 858 cessabit.
1283 824 1427 857 cardine
1453 835 1587 857 rerum.
1639 821 1689 854 lta
1715 823 1757 853 de
1777 820 1924 865 reliquis
1942 819 2112 852 iudicabit

1112 888 1212 920 puer.

1137 197 1194 232 hie
1213 199 1287 232 dies
1377 195 1461 230 haec
1481 197 1554 230 dies

1136 249 1194 283 hic
1213 250 1292 283 finis
1375 247 1462 281 haec
1479 249 1557 281 finis

1240 961 1504 1005 Sequuntur
1532 959 1718 1002 regulae
1748 957 1988 1002 speciales.

1590 1028 1632 1061 A.

1218 1088 1257 1121 ln
1275 1100 1293 1121 a
1311 1088 1506 1121 foeminina
1525 1094 1628 1127 sunt,
1655 1093 1695 1120 ut
1713 1086 1799 1121 haec
1819 1086 1934 1120 Musa.

1215 1139 1346 1184 Excipe
1367 1140 1523 1179 Graeca,
1551 1137 1608 1172 hic
1632 1146 1735 1183 poeta
1750 1166 1758 1179 ,
1786 1137 1842 1172 hic
1864 1138 2028 1181 planeta,
2056 1134 2114 1169 hic

1114 1198 1266 1225 cometa.

1217 1243 1349 1287 Excipe
1376 1249 1410 1276 et
1436 1243 1586 1286 pluralia
1607 1242 1643 1275 in
1659 1254 1677 1274 a
1691 1269 1699 1282 ‚
1726 1249 1765 1275 ut
1781 1253 1879 1274 arma
1894 1268 1902 1281 ,
1925 1246 1961 1273 et
1977 1239 2113 1273 Graeca

1086 1298 1089 1334 i
1114 1301 1262 1335 neutra,
1288 1300 1328 1327 ut
1342 1306 1483 1338 poema.

1086 1342 1090 1395 l
1217 1346 1382 1385 polenta,
1404 1352 1571 1379 neutrum
1587 1346 1680 1389 apud
1694 1344 1801 1377 Ovid.
1819 1342 1926 1391 [Met.
1939 1342 1967 1372 Υ
1971 1339 2113 1389 ,.;450]

1114 1397 1226 1430 Dulce
1249 1397 1365 1437 dedit,
1392 1404 1481 1431 tosta
1494 1398 1541 1443 23)
1567 1398 1665 1442 quod
1689 1403 1833 1429 coxerat
1858 1401 1940 1428 ante
1956 1394 2114 1439 polenta.

1113 1449 1329 1482 Focminino
1359 1448 1462 1493 [ibid.
1482 1462 1531 1482 xs.
1550 1447 1675 1496 454.:]
1721 1448 1810 1481 Cum
1840 1447 1979 1492 liquido
2004 1447 2113 1479 mixta

1114 1500 1271 1545 perfudit
1295 1501 1377 1533 diva
1406 1501 1562 1545 polenta.
1615 1500 1726 1533 Adria
1749 1511 1857 1532 masc.
1880 1499 1975 1542 apud
2000 1496 2114 1531 Luca-

1114 1565 1199 1586 num
1226 1550 1406 1596 [Pharsal.
1425 1552 1468 1593 Υ,
1486 1551 1608 1596 614.];
1646 1551 1766 1595 Vagus
1783 1550 1893 1583 Adria
1906 1549 1964 1596 Ἧι).

1085 1615 1089 1652 Ι
1218 1605 1433 1637 Communia
1461 1611 1562 1643 sunt,
1591 1616 1682 1649 qum¹
1706 1604 1749 1635 ad
1778 1603 1873 1636 viros
1895 1607 1929 1634 et
1948 1602 2114 1634 mulieres

1085 1654 1088 1744 ἰ
1114 1656 1314 1700 pertinent,
1343 1663 1382 1689 ut
1405 1668 1446 1689 ex
1463 1656 1687 1700 generalibus
1707 1654 1836 1699 regulis
1856 1659 2005 1687 constat.
2059 1651 2112 1684 ln-

1086 1792 1088 1805 [

1115 1708 1210 1747 cola,
1239 1707 1448 1747 Homicida,
1476 1707 1659 1751 Indigena.

1218 1758 1364 1792 Veteres
1399 1760 1504 1792 etiam
1540 1759 1659 1791 dixere
1690 1757 1900 1801 ludigenus‚
1934 1756 2114 1799 indigena,

1115 1811 1322 1853 indigenum
1334 1810 1390 1854 Ἦ’).

1218 1862 1427 1905 Alienigena
1447 1862 1549 1901 vina,
1578 1862 1673 1906 apud
1690 1860 1886 1893 Valerium.

1219 1914 1457 1958 Caprigenum
1495 1926 1622 1957 pecus,
1664 1914 1758 1957 apud
1787 1911 1976 1955 Virgilium
2009 1908 2113 1957 [Aen.

1087 1964 1089 2001 J
1114 1964 1172 2006 Ill,
1191 1964 1311 2013 221.].

1219 2085 1258 2118 ln
1277 2098 1293 2117 e
1310 2092 1434 2118 neutra
1457 2092 1537 2119 sunt
1550 2112 1558 2124 ,
1587 2091 1625 2118 ut
1644 2082 1708 2117 hoc
1726 2096 1836 2116 mare.

602 2192 691 2225 quae
714 2181 758 2212 ab
783 2181 967 2213 autoribus
990 2180 1059 2212 alio
1088 2203 1089 2206 η

1149 2230 1197 2257 22)
1218 2233 1244 2253 at
1266 2237 1335 2252 nuns
1356 2236 1407 2252 uun
1430 2230 1536 2256 lis-eat.l
1557 2229 1640 2253 Editt.
1664 2228 1748 2251 15⁴6..
1770 2235 1791 2250 s,
1810 2233 1850 2250 a.:
1880 2226 1904 2248 id
1926 2232 1993 2248 unni*
2014 2225 2111 2248 eruditi

1184 2265 1251 2287 nulli
1271 2265 1419 2288 imitantur.

1150 2308 1197 2335 23)
1217 2309 1306 2335 tosta!
1329 2307 1410 2331 mut.
1432 2307 1516 2332 1526..
1540 2306 1611 2331 1529.
1631 2308 1712 2330 testa.

1149 2351 1197 2378 2⁴)
1217 2351 1334 2374 Potenta.
1365 2364 1370 2366 -
1405 2350 1514 2378 Adria]
1535 2355 1583 2379 pro
1604 2348 1645 2372 liis
1665 2349 1689 2372 in
1711 2349 1793 2372 Editt.
1817 2348 1902 2374 1546..
1930 2356 1952 2371 s.
1968 2355 1992 2371 a.
2014 2349 2110 2378 legun-

1184 2389 1228 2408 tur
1248 2387 1331 2408 naec:
1371 2385 1484 2408 Polenta
1504 2385 1610 2413 quidam
1632 2388 1755 2407 rnnitruin
1776 2389 1838 2406 esne
1859 2384 2022 2406 volucrunt.
2047 2383 2111 2405 moti

1186 2426 1268 2443 versu
1292 2420 1400 2443 Ovidii.
1433 2420 1516 2442 Dulce
1542 2419 1633 2441 dedit.
1662 2421 1736 2441 testa
1756 2418 1825 2447 quod
1845 2419 1957 2441 coxerat
1977 2419 2041 2441 ante
2061 2424 2109 2446 pu-

1186 2456 1269 2478 lenta.
1313 2455 1365 2477 Sed
1392 2454 1496 2483 decepti
1522 2456 1584 2476 sunt
1612 2453 1714 2475 vitiosa
1739 2453 1903 2482 scriptione,
1932 2459 1991 2475 cuin
2012 2457 2110 2475 versus·

1186 2490 1224 2512 sie
1252 2489 1304 2517 legi
1331 2489 1441 2511 debeat:
1481 2489 1565 2511 ltnlcc
1591 2488 1680 2511 dedit.
1708 2490 1781 2510 testa.
1809 2488 1879 2516 quod
1905 2488 2018 2510 coxerat
2047 2487 2110 2508 autc

1186 2525 1302 2554 polenta.
1343 2524 1427 2546 [vuli-c
1447 2525 1535 2546 autem
1557 2522 1729 2545 substantive
1747 2525 1913 2551 usurpatur.
1939 2528 1987 2550 pru
2007 2525 2110 2548 genere

1185 2561 1264 2588 potus
1292 2558 1378 2580 dnn-is
1409 2558 1472 2580 savii
1501 2564 1532 2580 cx
1559 2560 1633 2580 tosta
1657 2557 1783 2586 polenta.
1813 2556 1836 2578 id
1859 2557 1918 2579 est.
1945 2563 1974 2578 cx
1996 2554 2109 2580 hordeo,

1183 2600 1234 2616 aus·
1257 2593 1360 2619 inaltz,
1395 2593 1466 2615 sieut
1485 2594 1581 2621 postca
1601 2592 1695 2614 eodeni
1716 2591 1793 2614 inodo
1821 2594 1969 2620 usurpatur
1990 2596 2041 2611 vox
2062 2588 2106 2610 Li-

1183 2628 1291 2657 quidum
1312 2627 1388 2654 [ibid.
1411 2634 1468 2649 νὴ».
1484 2628 1535 2650 453
1551 2628 1623 2655 flfl-lss
1651 2626 1773 2648 sonuum
1796 2629 1876 2654 epota
1897 2629 1973 2653 parte
1994 2624 2107 2651 loquen-

1184 2666 1253 2690 tem,
1281 2662 1345 2683 (¹1nn
1367 2661 1465 2691 liquido
1488 2661 1571 2684 mixta
1592 2660 1709 2690 perfudit
1730 2660 1793 2683 dna
1814 2661 1931 2689 polenta

1149 2706 1197 2732 25)
1218 2705 1335 2728 Veteres
1356 2717 1386 2720 ff<
1407 2702 1585 2734 indigenum]
1615 2703 1660 2726 Ed.
1681 2710 1703 2727 s,
1720 2709 1760 2727 a.-

1185 2739 1326 2765 iudiuena.
1352 2738 1504 2763 indinennin
1526 2739 1657 2761 dixu—runt.

1802 2703 1918 2725 Vetere-
1951 2700 2095 2725 Ιιιάῐμτιιι
