2389 3037
18 124 21 125 ’
63 113 134 150 261
725 108 846 144 XCVI.

270 195 358 231 haec
464 197 558 231 salus
730 197 801 231 utis

269 247 358 283 haec
464 248 567 282 tellus
727 249 813 283 uris.

292 309 424 353 Excipe
447 308 687 343 masculinum
703 336 711 349 ,
741 322 833 344 mus.

421 368 557 403 Neutra
587 375 687 403 sunt:

214 419 284 454 hoc
307 419 362 454 ius
474 418 543 454 hoc
566 433 646 455 crus
751 419 820 454 hoc
843 433 904 455 rus

212 470 281 506 hoc
297 484 364 516 pus
470 470 539 506 hoc
564 473 644 518 plus
750 471 819 506 hoc
843 470 936 507 thus.

214 524 302 564 Sus,
338 526 429 568 grus]
447 525 653 559 communia
680 531 763 558 sunt
775 524 832 569 54).

267 583 427 618 Intercus
443 584 508 630 5⁵),
537 592 655 625 vetus,
684 585 801 619 omnis
819 584 970 632 generis.

160 634 202 669 In
220 648 261 670 us
279 636 406 669 tertiae
424 636 675 671 declinationis
694 643 822 670 neutra
841 643 925 671 sunt
948 648 989 670 ea
999 635 1060 684 ⁵⁶),

60 699 153 734 quae
171 688 208 721 in
227 688 382 734 obliquis
402 701 423 721 u
443 695 604 728 mutant,
629 695 668 722 ut

211 737 281 773 hoc
309 752 393 774 acus
498 740 612 774 aceris
640 738 833 786 σκύβαλον
858 739 999 787 Kaff57)

212 789 282 824 hoc
310 803 441 836 corpus
496 792 569 826 oris

210 841 280 876 hoc
308 856 415 889 pecus
495 844 580 878 oris.

160 894 348 940 Quaedam
368 895 406 928 in
422 907 462 928 us
478 896 577 929 varie
595 902 773 940 usurpant
790 902 954 936 autores,
982 902 1022 929 ut

107 943 166 979 hic
189 959 303 991 penus
383 946 480 991 peni,
612 947 731 981 Patris
747 959 880 991 penum
900 960 1060 988 omnem,

107 996 176 1031 hoc
195 1010 309 1043 penus
382 999 528 1043 penoris
614 1000 709 1043 apud
729 999 943 1032 Terentium
969 998 1060 1049 [Eu-

107 1047 167 1082 hie
187 1062 313 1095 specus
612 1048 720 1084 nuch.
736 1053 773 1092 2,
791 1051 827 1091 3,
850 1050 942 1100 18.].

108 1099 176 1135 hoc
195 1114 315 1146 specu.

163 1161 375 1196 Cuiusmodi
402 1161 517 1195 multa
539 1162 728 1195 adnotavit
752 1162 893 1197 Nonius
909 1163 1061 1198 Marcel-

58 1212 131 1253 lus,
158 1213 330 1260 pleraque
349 1213 455 1246 etiam
476 1212 591 1246 Valla.

506 1281 612 1316 AUS.

162 1341 201 1375 In
220 1354 283 1376 aus
300 1342 498 1375 foeminina
517 1349 619 1383 sunt,
648 1349 687 1376 ut
703 1342 749 1388 58)

215 1392 304 1427 haec
331 1394 422 1435 laus,
581 1392 669 1427 haec
697 1395 808 1428 fraus.

347 1455 392 1496 S,
421 1468 502 1489 cum
530 1461 765 1489 consonante.

163 1516 265 1562 Quae
290 1515 421 1549 finiunt
447 1528 482 1556 s,
516 1517 752 1561 praecedente
778 1528 958 1557 consona,
985 1529 1062 1551 mo-

60 1568 268 1614 nosyllaba,
295 1567 493 1601 foeminina
517 1574 618 1608 sunt,
646 1574 686 1601 ut

112 1619 199 1654 haec
219 1632 295 1660 ars,
401 1617 491 1653 haec
512 1632 631 1660 mors,
736 1617 823 1653 haec
842 1621 932 1665 puls.

477 1679 627 1725 Excipe:

114 1739 172 1774 hie
196 1741 276 1774 sons
288 1766 298 1780 ,
404 1752 508 1774 mons
520 1767 529 1780 ,
634 1751 726 1784 pons
736 1766 746 1780 ,
851 1752 941 1784 seps.

165 1800 257 1835 Sunt
290 1806 325 1833 et
361 1800 558 1834 masculina
591 1800 763 1840 nomina,
811 1800 941 1846 quibus
977 1801 1064 1835 assis

61 1860 181 1898 partes
198 1851 459 1897 significamus,
497 1864 588 1898 quae
613 1865 686 1898 quo
711 1852 841 1886 certius
863 1852 1063 1898 intelligan-

62 1911 140 1946 tur,
168 1904 290 1939 omnia
314 1901 371 1937 hie
395 1904 677 1939 recensebimus:

270 1955 320 1990 As
339 1956 395 1988 vel
412 1956 498 1990 assis
593 1957 720 1990 unciae
748 1954 809 1989 XlI
825 1956 872 2003 ⁵⁹)

271 2007 402 2041 Deunx
753 2007 799 2041 M

271 2059 432 2093 Dextans
451 2072 512 2093 seu
530 2061 667 2094 decunx
753 2060 783 2092 X

267 2111 349 2144 Dod
356 2123 439 2145 rans
752 2110 800 2144 IX

270 2162 339 2196 Bes
752 2162 835 2196 Vlll

271 2214 431 2258 Septunx
753 2214 817 2248 Vll

269 2265 432 2299 Semissis
756 2266 805 2299 Vl

269 2317 463 2362 Quincunx
559 2336 573 2348 ι,
755 2318 789 2351 V

269 2369 400 2402 Triens
760 2368 822 2403 llll

98 2452 144 2484 54)
164 2455 234 2480 Sus,
254 2460 321 2483 grus
342 2453 496 2477 communia
515 2451 600 2484 sunm]
624 2453 706 2476 Editt.
720 2454 811 2484 ¹516.‚
831 2460 855 2476 s.
874 2459 915 2477 a.:
935 2452 1065 2477 Commu-

134 2488 179 2511 nia
198 2490 278 2518 sunt,
304 2495 353 2512 sus
371 2490 397 2512 et
417 2495 495 2519 grus.

99 2529 146 2561 55)
166 2530 307 2560 lutei-cus]
344 2532 410 2555 haec
441 2538 493 2555 vox
526 2531 551 2554 in
579 2531 627 2554 Ed.
651 2531 725 2555 1526.
752 2531 939 2554 communibus
966 2530 1065 2555 adiun-

136 2567 181 2588 cta
200 2567 252 2589 est.

99 2607 147 2638 56)
167 2606 224 2639 em]
248 2608 441 2636 Editt.15⁴6.‚
462 2616 486 2632 s.
507 2614 549 2632 a.:
576 2609 640 2637 illa,

99 2650 149 2682 57)
170 2651 247 2679 Kaff]
269 2650 354 2676 Editt.
372 2651 463 2681 1529.,
487 2652 559 2676 15⁴6.
581 2658 727 2681 ,εμπ-επακ,
747 2651 797 2674 Ed.
819 2658 841 2676 s,
861 2657 886 2675 a.
906 2657 1037 2682 spi-ewen

102 2694 150 2721 58)
170 2694 199 2717 ln
219 2699 270 2717 ans
288 2706 322 2710 ——
342 2694 384 2722 ut]
406 2694 431 2717 in
452 2695 500 2718 Ed.
521 2702 543 2719 s,
565 2701 589 2718 a.
611 2695 725 2720 omissa.

100 2737 148 2766 59)
168 2738 264 2762 unciae
283 2738 348 2766 ΧΙΙ]
369 2737 451 2762 Eum.
476 2739 566 2769 154⁶„
593 2746 617 2765 s.
637 2744 679 2763 a.:
705 2738 827 2763 continet
848 2739 944 2763 uncias
962 2739 1013 2763 ΧΠ

901 109 1039 144 GRAM
1045 109 1232 146 MATlCA
1259 111 1452 148 LATINA.

2041 117 2117 151 262

1324 199 1519 244 Quadrans
1671 201 1799 234 unicae
1827 200 1874 234 ΙΙΙ

1325 251 1476 284 Sextans
1812 252 1844 286 ΙΙ

1332 302 1449 335 Uncia
1811 304 1837 339 l.

1593 378 1639 414 T.

1220 435 1260 470 In
1278 444 1292 470 t
1306 444 1433 471 neutra
1453 446 1556 479 sunt,
1584 447 1624 473 ut
1641 440 1779 485 Caput,
1804 441 1968 486 Occiput.

1219 496 1355 532 Dicunt
1377 506 1411 532 et
1433 500 1652 544 occipitium.
1706 500 1770 535 Est
1795 508 1914 535 autem
1939 501 2118 546 posterior

1115 548 1242 592 capitis
1261 562 1363 595 pars,
1391 551 1486 585 iuxta
1505 552 1654 587 Catonis
1680 551 1965 598 apoplitliegma:
2001 554 2117 588 Frons

1114 601 1283 646 occipitio
1302 603 1404 647 prior
1419 610 1489 645 est,
1519 604 1554 637 id
1570 611 1634 645 est,
1660 607 1861 649 praesentia
1882 605 2022 640 domini
2039 606 2118 651 plu-

1113 652 1247 687 timum
1267 656 1426 699 prodest.

1218 705 1402 751 sinciput,
1440 720 1542 752 pars,
1586 721 1655 754 qua
1682 721 1718 743 se
1748 710 1848 743 frons
1874 710 1919 742 ad
1945 709 2114 743 verticem

1114 757 1227 799 tollit,
1256 759 1393 792 Graece
1413 757 1578 808 βρέγμα.

1573 829 1649 864 ΑΧ.

1217 886 1257 920 ln
1292 901 1336 921 ax
1371 887 1523 930 Latina,
1571 889 1769 924 foeminina
1809 897 1911 931 sunt,
1961 896 2000 923 ut
2037 903 2118 934 pax,

1114 939 1255 974 fornax.

1218 992 1355 1026 Graeca
1375 993 1449 1026 fere
1466 993 1664 1026 masculina
1683 999 1786 1034 sunt,
1814 999 1854 1026 ut
1869 994 1990 1035 Abax,
2018 992 2118 1028 Tho-

1115 1055 1199 1084 rax,
1226 1042 1494 1090 Arctophylax,
1520 1044 1720 1091 Limaxffl).

1220 1096 1308 1130 Cnlx
1326 1095 1511 1142 usitateffl)
1529 1109 1659 1141 genere
1678 1097 1879 1130 foeminino
1897 1098 2056 1139 effertur,
2084 1105 2118 1132 et

1116 1159 1182 1192 pro
1201 1149 1369 1182 calcaneo
1390 1155 1424 1182 et
1441 1161 1506 1193 pro
1535 1149 1685 1182 materie
1697 1148 1757 1195 6²).
1811 1149 1959 1184 Veteres
1984 1156 2018 1183 et
2042 1163 2117 1183 ma-

1115 1200 1253 1233 sculino
1273 1208 1494 1245 usurparunt
1511 1200 1547 1234 in
1565 1208 1718 1248 utraque
1735 1198 2007 1246 significatione.

1581 1269 1655 1304 EX.

1168 1328 1192 1364 I.
1221 1328 1260 1362 In
1281 1342 1322 1362 ex
1341 1330 1590 1375 monosyllaba
1609 1337 1691 1364 sunt
1711 1330 1908 1363 foeminina
1922 1358 1931 1371 ,
1959 1338 1999 1364 ut

1273 1379 1361 1414 haec
1387 1381 1442 1414 fex
1656 1380 1745 1415 haec
1769 1382 1835 1417 lex.

1220 1441 1419 1475 Masculina
1440 1448 1543 1481 sunt,
1571 1448 1611 1475 ut
1628 1440 1685 1475 hic
1702 1454 1806 1486 grex,
1835 1441 1892 1476 hic
1915 1455 1989 1477 rex.

1168 1500 1211 1536 II.
1240 1501 1278 1535 In
1297 1514 1338 1535 ex
1357 1502 1578 1547 polysyllaba
1599 1502 1795 1536 masculina
1814 1510 1916 1544 sunt,
1945 1510 1984 1537 ut

1274 1552 1331 1587 hic
1357 1556 1467 1587 codex
1626 1555 1773 1589 Veteres
1792 1557 1937 1589 caudex.

1275 1604 1332 1639 hic
1357 1607 1474 1639 frutex
1620 1604 1677 1639 hic
1696 1607 1790 1640 latex

1272 1656 1334 1692 bix
1353 1657 1538 1703 vervexffi)
1619 1657 1676 1691 hic
1696 1660 1826 1704 pollex.

1221 1718 1354 1763 Excipe
1372 1719 1591 1758 foeminina,
1621 1717 1708 1752 haec
1728 1732 1850 1760 carex,
1878 1717 2005 1760 herba,

1222 1777 1393 1823 Virgilius
1421 1777 1573 1826 [Georg.
1591 1777 1648 1819 ΙΙΙ,
1674 1777 1800 1826 231,];
1845 1779 1891 1813 Et
1916 1780 2031 1814 carice
2058 1792 2119 1825 pa-

1117 1837 1191 1864 stus
1209 1837 1325 1864 acuta.

1222 1881 1311 1916 haec
1336 1883 1458 1923 vibex,
1504 1882 1648 1917 Persius
1676 1881 1770 1931 [Sat.
1789 1882 1824 1924 4,
1848 1881 1947 1931 49,];
1991 1884 2119 1918 Puteal

1119 1936 1231 1969 multa
1255 1934 1370 1968 vibice
1394 1935 1564 1979 flagellas.

1222 1985 1311 2020 baec
1340 1988 1544 2032 suppellex,
1585 1984 1673 2020 haec
1696 1987 1840 2032 sorpex,
1883 1985 1971 2020 haec
1994 1987 2119 2028 forfex,

1118 2038 1207 2073 haec
1232 2039 1312 2074 ilex.

1550 2099 1669 2133 Dubia
1683 2114 1689 2132 ;

1223 2161 1375 2201 Cortex,
1403 2160 1561 2201 imbrex,
1590 2161 1701 2201 obex,
1728 2172 1877 2205 pumex,
1905 2161 2005 2194 silex.

1590 2237 1648 2272 lx.

1221 2299 1246 2334 Ι.
1275 2299 1313 2333 In
1335 2300 1367 2333 ix
1385 2299 1576 2345 dissyllaba
1596 2298 1791 2332 masculina
1809 2300 1882 2331 sere
1900 2305 2001 2339 sunt,
2030 2306 2069 2332 ut

1171 2350 1227 2385 hic
1252 2353 1363 2392 calix,
1392 2350 1450 2385 hic
1475 2351 1595 2384 sornix
1621 2349 1798 2384 Iuvenalis
1825 2349 1917 2399 [Sat.
1935 2348 2119 2399 3,156.];

1118 2403 1309 2437 Lcnonum
1335 2404 1435 2448 pueri
1462 2415 1679 2449 quocunque
1708 2403 1743 2435 in
1768 2403 1904 2436 fornice
1927 2404 2015 2437 nati.

1224 2456 1290 2489 Hic
1308 2456 1447 2495 nutrix,
1476 2454 1643 2489 Lucanus
1668 2453 1815 2503 [Phars.
1834 2454 1893 2496 IX,
1912 2453 2039 2502 720,]:
2076 2454 2121 2488 Et

1118 2510 1238 2542 natrix
1257 2509 1411 2541 violator
1429 2520 1556 2553 aquae.

1151 2609 1202 2637 60)
1220 2609 1333 2639 Limax'l
1353 2611 1387 2633 ab
1408 2610 1455 2634 Ed.
1474 2609 1549 2633 1526.
1570 2611 1659 2633 abest.

1153 2653 1202 2681 61)
1222 2654 1337 2682 usitate]
1360 2654 1406 2677 Ed.
1427 2653 1500 2677 1526.
1521 2653 1624 2677 usitato

1152 2696 1201 2727 62)
1221 2696 1361 2727 materic,]
1380 2696 1463 2720 Editt.
1486 2696 1580 2725 mm,
1600 2703 1621 2719 s.
1643 2702 1667 2721 a.
1688 2696 1813 2720 materia.

1153 2740 1201 2768 ⁴335
1222 2739 1264 2762 hie
1285 2740 1404 2767 vervex]
1423 2740 1456 2762 ab
1477 2738 1526 2762 Ed.
1550 2739 1624 2763 1526.
1644 2740 1731 2763 abest.

1514 2773 1560 2807 17
1578 2774 1593 2789 ⁴⁵
