2389 3037
103 103 178 140 365
753 99 891 135 XCVII.

47 212 54 217 »
101 190 167 236 pit.
203 191 329 223 Annos
346 189 392 222 ad
409 187 672 234 quinquaginta
693 193 810 221 natus.
845 186 887 220 ln
905 187 1003 221 aliud
1024 194 1112 220 tem-

102 254 169 288 pus
195 247 383 286 expectare
403 247 436 274 te
461 239 588 279 velim,
617 240 694 272 auff
714 239 771 272 ein
798 241 910 273 ander
929 239 1008 273 zeit.
1063 238 1113 272 Ut

101 294 140 327 in
157 293 339 339 reliquum
366 304 491 326 omnes
515 291 735 335 suspiciones
760 291 858 326 vitet.
906 291 1022 324 Venio
1041 297 1112 323 ter-

102 345 153 379 tio
175 344 370 385 calendas,
406 351 440 377 et
463 344 507 376 ad
536 344 683 377 tertium
712 343 908 384 Calendas,
945 349 978 376 et
1002 342 1110 375 tertio

103 396 360 431 Calendarum.

350 489 598 524 Mensurae
627 497 665 524 et
694 491 860 535 spatia.

206 559 463 593 Mensurarum
486 572 586 593 casus
603 559 824 593 accusativus
843 565 906 599 cst,
926 565 982 592 Ut?
1012 558 1111 591 Muri
1138 581 1139 606 3
1166 593 1253 620 stem

102 613 261 646 ducenos
280 612 388 656 pedes
405 612 480 646 alti.
512 611 651 645 Plinius
677 609 740 659 [H.
760 611 804 645 N.
822 610 931 651 XXV,
949 608 1004 658 4.]
1026 610 1111 644 scri-

94 664 156 698 bit
179 664 345 698 effossam
370 661 518 698 herbam
538 663 640 708 Moly
662 663 792 697 radicis
810 663 938 707 longae
962 663 1109 707 triginta

277 716 422 750 Asseres
441 727 515 749 non
536 716 616 760 plus
635 715 791 760 spatium
811 713 983 749 habentes
1002 715 1110 759 pedes
1137 728 1139 736 ¹

102 717 223 762 pedes.

102 769 219 803 binos.
273 768 326 802 Ne
345 768 424 813 plus
444 774 593 812 pateant
614 768 774 812 palmam
789 767 849 814 99).

205 820 481 866 Nonnunquam
520 820 757 864 comparativi
792 819 1012 853 constructio
1048 818 1110 851 ob-

102 878 288 913 servatur,
328 878 385 905 ut:
431 872 527 905 Tota
556 870 685 906 cohors
709 874 798 917 pede
821 885 895 905 non
925 878 977 905 est
1002 870 1111 903 altior

101 936 189 958 uno.
242 923 399 958 Nucleus
417 937 554 958 crassus
572 937 631 958 sex
651 924 794 968 digitos.

206 975 253 1009 Et
268 989 333 1021 per
351 977 561 1021 genitivum.
592 975 759 1024 [Sueton.
778 976 850 1009 vita
862 975 1014 1020 Augusti
1028 972 1109 1022 79]

101 1026 158 1062 De
175 1029 359 1073 Augusto:
387 1028 530 1063 Statura
552 1029 712 1074 quinque
732 1029 863 1074 pedum
892 1035 925 1061 et
952 1029 1110 1061 dodran-

102 1080 148 1114 tis
162 1080 241 1114 fuit.

206 1131 272 1167 Est
287 1139 322 1166 et
342 1132 543 1178 spatiorum
563 1133 798 1167 accusativus.
1038 1132 1110 1164 Ab·

855 1132 999 1167 Cicero:

102 1289 244 1323 dierum
280 1289 348 1322 iter
378 1290 545 1334 expedito
579 1297 689 1334 patet.

102 1341 261 1386 spatium
281 1353 358 1374 non
379 1342 533 1386 amplius
553 1343 669 1376 ulnas.
724 1341 867 1375 Livius:
905 1341 1031 1375 Castra
1058 1341 1111 1373 lo-

102 1399 161 1426 cat
177 1393 275 1426 mille
294 1405 418 1438 passus
436 1395 480 1427 ab
496 1395 598 1435 urbe,
627 1401 660 1427 et
677 1394 774 1427 mille
793 1406 976 1437 passuum.
1019 1392 1110 1426 Cum
1138 1410 1139 1417 κ

101 1445 215 1479 tridui
238 1445 333 1478 viam
360 1446 610 1490 processisset,
651 1458 715 1479 nec
742 1458 942 1490 paucorum
968 1445 1110 1478 dierum

102 1497 172 1530 iter
188 1497 338 1532 abesset.
392 1496 542 1532 Caesar:
571 1498 662 1532 Cum
681 1499 725 1531 ab
749 1497 908 1532 hibernis
926 1497 1111 1531 Ciceronis

103 1549 218 1583 millia
253 1561 424 1594 passuum
461 1550 725 1597 quinquaginta
763 1551 913 1584 abesset.

103 1601 247 1646 longius
261 1602 374 1635 millia
392 1614 563 1647 passuum
590 1610 670 1637 octo
696 1604 740 1636 ab
766 1601 927 1636 hibernis
957 1602 1029 1636 suis
1051 1602 1111 1635 ab·

103 1654 224 1688 fuisse.

104 1703 300 1740 Murrhino
319 1707 463 1751 capaci,
491 1708 533 1740 ad
551 1707 725 1741 sextarios
744 1713 826 1741 tres.

105 1808 217 1859 [Aen.
242 1808 302 1851 XI,
321 1808 447 1858 907.]:
495 1811 569 1845 lNec
602 1811 719 1855 longis
755 1811 848 1843 inter
881 1823 916 1844 se
949 1809 1112 1854 passibus

105 1863 248 1896 absunt.

207 1913 328 1948 Distat
355 1926 436 1948 cum
460 1914 664 1948 accusativo
694 1912 822 1962 [Ox-id.
846 1912 1034 1953 Trist.1V‚
1054 1914 1113 1954 10,

105 1967 128 2001 3
145 1963 219 2013 sq.]
233 1980 238 1998 :

175 2026 271 2051 Sulmo
289 2024 354 2050 mihi
371 2024 464 2056 patria
483 2028 543 2058 est,
567 2026 670 2058 gelidis
689 2025 846 2051 uberrimus
867 2026 958 2058 undis,

175 2069 266 2094 Millia
284 2069 330 2100 qui
348 2069 448 2094 novies
469 2069 556 2094 distat
574 2071 608 2094 ab
626 2071 696 2094 urbe
716 2071 817 2094 decem.

106 2112 196 2148 Cum
213 2114 386 2148 ablativo.
439 2112 697 2160 Iugeribusque
714 2127 845 2148 novem
864 2126 1026 2148 summus
1051 2112 1113 2159 qui

105 2165 214 2200 distat
230 2167 274 2199 ab
293 2167 380 2200 imo.
434 2166 517 2200 Non
537 2166 718 2200 discedere
734 2167 846 2200 latum
868 2167 1033 2211 digitum.

482 2269 523 2310 [Α
543 2283 567 2311 o
585 2283 605 2311 c
625 2283 651 2311 a
667 2269 744 2323 ¹⁰⁰).

208 2346 429 2382 Nominibus
445 2346 635 2391 regionum
656 2347 943 2392 praepositiones
961 2347 1052 2381 sicut
1078 2354 1111 2380 et

107 2399 332 2444 appellativis
357 2399 561 2440 adduntur,
596 2399 670 2433 sive
696 2400 805 2433 verbo
834 2400 872 2433 in
894 2400 994 2440 loco,
1037 2399 1110 2433 sive

106 2452 149 2484 de
165 2451 244 2485 loco
255 2450 305 2498 ¹),
333 2451 406 2485 sive
426 2452 471 2485 ad
489 2451 607 2485 locum
633 2451 917 2495 significantibus
934 2451 1111 2486 adiician-

141 2578 190 2606 99)
209 2578 260 2603 Ed.
278 2579 354 2603 1539,
374 2579 464 2603 addit:
493 2579 598 2603 Plinius
617 2580 650 2603 de
670 2579 830 2604 Maiisoieoz
857 2579 938 2604 Patet
957 2580 991 2603 ab
1011 2581 1110 2604 austro

178 2614 206 2636 et
228 2614 417 2644 septentrione
436 2620 594 2645 sexagenos
613 2617 709 2639 ternos
730 2615 825 2644 pedes,

144 2665 209 2694 100)
228 2664 323 2698 Loca]
344 2666 393 2690 Ed.
413 2667 488 2691 1529.
509 2667 592 2691 Loco.

144 2718 175 2747 ι)
194 2716 256 2775 sivte
276 2717 309 2742 de
330 2717 425 2750 loco‚]
445 2718 485 2743 sic
504 2718 589 2743 Editt.
607 2717 702 2749 1526.‚
722 2717 817 2749 1539.;
843 2718 870 2743 in
888 2719 938 2745 Ed.
960 2719 1037 2744 1529.
1059 2719 1111 2744 de-

179 2759 230 2776 sun
247 2772 253 2779 ,

946 99 1070 135 PHIL.
1106 100 1221 136 MEL.
1260 102 1350 137 SYN
1357 102 1508 138 TAXIS.

1136 1008 1139 1012 “
1164 1001 1258 1035 fecit.

1136 1110 1138 1120 *
1164 1106 1317 1139 busdam
1344 1105 1452 1139 etiam
1482 1106 1625 1141 dativus
1648 1107 1777 1152 placet.

103 1196 215 1219 essem
234 1186 278 1218 ab
290 1185 434 1219 Amano
453 1185 520 1220 iter
534 1187 641 1220 unius
656 1186 740 1220 diei.
782 1185 914 1219 Caesar
935 1183 997 1232 [de
1015 1184 1108 1218 bello
1137 1180 1138 1199 ³
1166 1163 1200 1191 et
1219 1155 1444 1202 Cdrthagun’

92 1236 275 1278 *GalLVL
293 1235 396 1284 25.]:
425 1237 627 1283 Hercyniae
652 1239 772 1283 sylvae
800 1238 953 1270 latitudo
977 1249 1108 1269 novem
1137 1225 1139 1284 ζ
1165 1263 1196 1297 A
1249 1262 1273 1295 ll
1365 1275 1372 1280 ¹
1432 1263 1441 1295 l
1524 1263 1568 1296 dd
1593 1263 1630 1296 b(

754 1289 845 1323 Tres
873 1295 993 1334 pateat
1021 1288 1112 1322 coeli
1138 1295 1139 1311 ζ
1199 1274 1245 1307 po
1278 1275 1297 1295 0
1319 1275 1427 1296 oracu
1446 1275 1464 1296 a
1483 1275 1519 1296 re
1574 1276 1590 1296 e
1620 1269 1667 1297 at.

985 1549 1111 1595 Neque
1138 1556 1140 1564 ⁸

291 1654 431 1688 Plinius
458 1653 521 1702 [H.
542 1655 586 1690 N.
606 1654 780 1695 XXXVII,
800 1657 835 1690 2.
854 1661 938 1688 vett.
955 1652 1110 1701 Editt.]:
1138 1687 1141 1699 ἑ

2099 109 2173 143 366

1139 228 1141 230 v
1167 189 1288 235 tnrss'),
1323 196 1379 223 ut:
1418 190 1668 236 Fronspergus
1694 191 1795 226 duxit
1822 193 2016 227 exercitum
2046 195 2081 228 in
2105 194 2175 228 Ita-

1166 240 1266 275 liam.
1328 242 1454 276 Gallus
1479 242 1515 275 in
1543 242 1644 276 ltalia
1673 245 1858 279 dominari
1885 245 1994 291 cupit.
2050 245 2175 281 Gallus

1167 304 1209 324 ex
1241 291 1341 326 Italia
1376 295 1557 338 profectus
1592 303 1655 330 est.
1716 296 1815 331 Sicut
1839 298 1945 331 venio
1972 298 2009 331 in
2034 299 2174 339 urbem,

1166 344 1376 390 proficiscor
1400 358 1442 378 ex
1463 346 1563 380 urbe.

1268 395 1482 441 Figuratum
1502 404 1553 432 est
1571 400 1667 443 apud
1678 399 1870 444 Virgilium
1891 400 2000 450 [Aen.
2010 400 2070 443 1,ss
2083 400 2173 450 sq.]:

1236 455 1344 514 Igatltiam
1358 456 1421 505 3fato
1440 458 1578 489 profugus
1597 458 1759 490 Lavinaque
1779 461 1856 485 venit

1261 498 1267 514 1
1296 496 1346 515 ora
1369 495 1390 523 2.

1165 533 1214 567 Et
1241 547 1345 570 arceo
1363 537 1394 583 ἰ)
1423 534 1562 572 hostem
1593 537 1715 580 ltalia,
1750 540 1841 574 sicut
1869 552 1974 574 arceo
1999 543 2087 575 urbe
2111 540 2175 575 lio-

1434 658 1645 699 Urbium
1679 660 1904 701 nomina.

1628 731 1654 766 I.
1670 731 1715 779 5).

1270 790 1311 824 In
1337 792 1417 825 loco
1442 804 1516 826 esse
1541 792 1745 837 significant
1768 792 1927 837 genitivo
1947 805 2029 827 casu
2046 794 2083 826 in
2102 795 2175 839 pri-

1166 856 1222 876 ma
1243 850 1276 876 et
1293 845 1449 878 secunda
1469 845 1711 879 declinatione
1734 857 1887 879 numero
1906 845 2092 890 singulari,
2118 853 2174 880 ut:

1165 895 1251 930 Sum
1272 896 1433 937 Romae,
1466 903 1519 937 et,
1549 910 1627 931 suin
1654 898 1692 930 in
1717 897 1805 931 urbe
1827 898 1960 931 Roma.
2022 898 2175 931 Tarenti

1165 949 1263 993 degit
1279 946 1461 994 Archyta,
1490 950 1551 995 qui
1573 950 1729 994 ligneam
1755 950 1961 984 columbam
1989 950 2175 983 volatilem

1313 1001 1479 1034 Lutetiae
1494 1002 1787 1048 frequentissima
1807 1000 1929 1037 schola
1950 1001 2019 1036 fuit
2030 1001 2075 1048 6).

1271 1052 1310 1085 In
1337 1053 1579 1087 decimatione
1604 1055 1709 1088 tertia
1731 1054 1890 1088 ablativo
1909 1054 2066 1095 utimur,
2096 1054 2175 1100 qui-

1831 1107 1918 1141 Sum
1942 1104 2174 1151 Carthagine,

1269 1210 1408 1244 Plurali
1438 1223 1592 1244 numero
1625 1211 1784 1245 ablativo
1809 1211 1958 1246 utimur.

2025 1208 2176 1255 Delphis

1626 1329 1668 1366 II.
1682 1331 1726 1378 5).

1270 1392 1504 1426 Accusativus
1548 1403 1691 1436 semper
1734 1393 1779 1425 ad
1826 1392 1945 1426 locum
1988 1391 2176 1437 significat.

1166 1444 1326 1479 Noctuas
1361 1442 1535 1478 Athenas.
1597 1444 1814 1478 Proficiscor
1845 1444 2016 1477 Romam.
2082 1443 2177 1477 Con—

1166 1499 1242 1530 fero
1272 1509 1327 1530 me
1346 1496 1670 1540 Yuistenbergmn,
1705 1497 1871 1541 capiendi
1897 1496 2012 1530 cultus
2039 1495 2176 1541 ingenii

1168 1562 1286 1583 causa.

1615 1599 1730 1648 lllss).

1272 1663 1461 1697 Ablativus
1478 1674 1620 1707 semper
1639 1663 1681 1695 de
1702 1662 1782 1695 loco
1800 1668 1834 1694 et
1849 1673 1913 1706 per
1931 1661 2049 1694 locum
2069 1660 2177 1704 signi-

1138 1710 1141 1737 Ᾰ
1167 1716 1268 1755 ficat,
1298 1721 1352 1748 ut:
1382 1715 1505 1748 Rediit
1523 1712 1742 1758 Carthagine
1761 1714 1932 1758 Regulus.

209 1757 351 1791 Adiecit
392 1759 504 1791 verbo
548 1761 662 1793 abesse
706 1759 902 1791 ablativum
939 1757 1141 1802 Virgilius¹

1273 1766 1348 1799 Hac
1366 1766 1433 1799 iter
1449 1767 1562 1806 facio,
1591 1766 1767 1810 significat
1786 1778 1851 1810 per
1865 1766 1997 1799 locum.
2059 1764 2177 1798 Semel

1169 1825 1276 1864 atque
1313 1820 1443 1852 iterum
1484 1818 1648 1852 invenias
1692 1818 1833 1852 additas
1876 1816 2176 1862 praepositiones.

1169 1871 1294 1904 Cicero
1321 1869 1378 1918 [in
1398 1868 1540 1918 Verr.]:
1576 1870 1685 1903 Venit
1711 1871 1754 1903 ad
1774 1869 1978 1904 Messanam
1989 1869 2030 1912 ⁷).
2084 1867 2177 1901 Bru-

1168 1930 1223 1957 tus
1243 1923 1287 1955 ab
1306 1923 1423 1956 Roma
1445 1924 1569 1956 aberat
1585 1922 1628 1968 ⁸).

1272 1975 1329 2008 Sic
1353 1975 1526 2008 dicimus:
1557 1974 1644 2008 Sum
1666 1974 1779 2008 domi.
1832 1973 1886 2006 Eo
1909 1974 2080 2011 domum,
2110 1971 2177 2004 Ve-

1168 2026 1230 2059 nio
1266 2028 1389 2062 domo.
1462 2027 1508 2060 Et
1542 2026 1689 2060 adiectis
1723 2025 1875 2060 casibus.
1953 2024 2079 2058 Cicero
2112 2022 2176 2071 [de

1169 2077 1360 2127 Offic.1.]:
1400 2079 1497 2112 Malo
1534 2092 1607 2113 esse
1643 2091 1722 2112 cum
1760 2078 1890 2111 timore
1925 2077 2025 2110 domi
2062 2089 2177 2116 meae,

1169 2143 1277 2177 quam
1316 2144 1396 2165 cum
1431 2131 1592 2174 periculo
1623 2130 1721 2164 (lomi
1758 2130 1909 2164 alienae.
1977 2128 2043 2169 Et,
2088 2128 2176 2162 Sum

1167 2195 1270 2224 rure,
1300 2182 1355 2217 Eo
1373 2196 1454 2223 rus,
1482 2183 1599 2216 Venio
1616 2195 1720 2223 rure,
1749 2182 1862 2227 Serpo
1888 2179 2002 2216 humi.
2066 2180 2176 2214 Cuius

1168 2236 1371 2269 accusativo
1396 2248 1471 2269 non
1498 2235 1635 2269 utimur
1660 2233 1727 2268 hac
1753 2235 1888 2268 forma:
1933 2232 2086 2267 Labitur
2109 2231 2175 2266 hu-

1167 2300 1280 2322 mum.
1334 2288 1503 2322 Ablativo
1532 2287 1688 2321 utimur:
1729 2286 1888 2320 Tollitur
1914 2283 2039 2320 humo.
2094 2285 2174 2317 Vir-

1167 2340 1272 2384 gilius
1289 2338 1441 2387 [Georg.
1463 2338 1522 2380 ΙΙΙ,
1540 2337 1609 2387 9.].

1199 2457 1230 2489 2)
1254 2457 1449 2486 adiiciantur.]
1470 2457 1519 2480 Ed.
1537 2456 1612 2480 1539.
1632 2455 1790 2485 adficiatur,

1200 2501 1230 2532 3)
1251 2501 1376 2529 Littera]
1396 2501 1423 2524 in
1443 2501 1492 2525 Ed.
1509 2501 1586 2525 1526.
1607 2501 1694 2524 deest.

1201 2546 1232 2573 4]
1252 2546 1287 2568 Et
1306 2545 1406 2573 arceo]
1426 2545 1477 2569 Ed.
1494 2544 1571 2584 153‘3).
1592 2544 1714 2568 Dicimus
1735 2544 1830 2575 recte,
1854 2548 1937 2567 arceo

1200 2587 1324 2620 5)1...
1348 2589 1407 2614 11..
1428 2589 1516 2617 .111.]
1547 2588 1596 2612 Ed.
1619 2587 1695 2612 1539.
1730 2587 1846 2612 Prima
1872 2587 2008 2618 regula.
2035 2605 2067 2610 ..
2106 2587 2169 2610 Se-

1236 2624 1353 2648 cunda
1371 2630 1395 2646 r.
1416 2642 1422 2648 .
1445 2643 1452 2649 .
1473 2641 1480 2648 .
1519 2623 1640 2647 Tertia
1660 2629 1684 2648 r.

1201 2666 1232 2698 6)
1252 2667 1331 2696 fuit]
1356 2667 1406 2692 Ed.
1425 2667 1501 2692 1539.
1522 2669 1573 2690 est.

1202 2710 1233 2738 7)
1253 2708 1435 2742 Messanam]
1457 2710 1650 2739 Editt.1526.‚
1672 2708 1748 2733 ¹529.
1766 2709 1936 2732 Messanam.

1200 2752 1231 2784 8)
1253 2754 1354 2777 Brutus
1379 2767 1407 2771 -
1431 2755 1552 2782 aberat]
1569 2754 1602 2777 ab
1621 2753 1670 2776 Ed.
1688 2749 1764 2777 1539.
1784 2752 1892 2776 absunt.
