2389 3037
65 126 139 160 757
575 122 650 157 vu.

64 211 147 244 volo
180 210 403 244 dialecticam
434 217 640 256 certamque
679 211 959 254 argumentandi
992 210 1065 243 for·
1092 229 1096 283 ἰ

63 275 161 296 mam
195 268 314 295 exacte
338 262 525 306 cognosci,
566 262 614 295 ita
642 260 872 295 vehementer
897 262 1066 306 optarim,

64 314 226 347 oratorio
242 314 339 347 cultu
361 314 570 347 tenuitatem
596 314 816 347 dialecticam
842 313 1066 357 locupletari,
1091 286 1096 351 l

63 378 108 399 ne
126 365 247 399 ieiuno
265 365 407 398 dicendi
426 377 555 409 genere
575 366 797 399 sterilescant
813 365 968 408 ingenia.

225 441 286 474 De
313 441 484 486 figuris
512 441 904 487 syllogismorum.

168 500 258 535 Tres
273 501 405 544 figuras
428 501 717 546 syllogismorum
740 499 956 534 Aristotelici
981 510 1066 543 pro-

63 553 206 593 didere,
251 553 338 586 (luas
371 552 509 597 priores
536 553 618 585 volo
644 551 812 586 studiosis
837 563 943 596 quam
970 563 1066 583 com-

64 604 353 638 mendatissimas
389 617 473 638 esse.
551 604 712 637 Tertiam
750 615 867 649 neque
904 602 1065 641 reiicere,

63 668 180 702 neque
204 656 358 701 probare
383 656 524 689 animus
548 662 610 690 est.
668 654 761 689 Nam
792 667 870 688 cum
895 655 933 686 in
959 653 1066 699 syllo-

64 707 185 752 gismis
211 704 288 752 ipsa
313 714 442 741 natura
470 713 593 752 poscat
617 719 775 740 caussam
803 719 865 740 seu
894 706 1065 745 medium,

63 760 100 792 in
120 771 192 805 quo
209 759 262 793 vis
281 765 332 793 est
355 759 577 803 argumenti,
613 759 655 791 de
682 758 840 792 subiecto
867 757 1066 791 conclusio-

63 811 119 844 nis
135 823 199 855 per
217 810 493 844 affirmationem
512 816 573 843 aut
596 810 824 854 negationem
852 809 1065 854 praedicari.

63 861 103 894 ln
129 862 234 895 tertia
258 863 369 906 figura
393 862 590 896 subiectum
616 861 856 895 conclusionis
881 862 923 894 de
944 861 1064 894 medio

63 914 313 958 praedicatur,
349 908 475 946 ordine
501 920 652 946 naturae
677 925 846 958 perverso
863 912 923 959 ⁴⁸).
982 911 1063 957 Quo

63 965 121 1004 fit,
147 972 188 998 ut
204 965 297 998 ratio
318 965 593 1010 argumentandi
614 965 709 998 iuxta
731 966 874 997 tertiam
900 964 1065 1008 figuram,

65 1029 144 1050 cum
171 1017 217 1050 sit
241 1017 412 1057 obscura,
449 1030 467 1050 a
494 1017 679 1050 communi
701 1023 887 1049 oratorum
912 1028 979 1049 usu
1004 1016 1065 1048 ab-

63 1065 223 1102 horreat.
277 1066 434 1101 Ethaud
457 1068 551 1108 scio,
580 1081 626 1100 an
650 1080 811 1113 unquam
834 1067 980 1111 legerim
1009 1079 1065 1099 ar-

65 1126 274 1164 gumentum
292 1126 416 1164 aptum
442 1119 568 1153 tertiae
593 1120 738 1164 figurae.
793 1118 867 1152 lam
897 1125 932 1151 et
956 1119 1065 1164 syllo—
1089 1145 1091 1153 .

62 1170 167 1215 gismi
187 1178 315 1204 natura
336 1171 511 1204 maiorem
530 1171 768 1205 universalem
783 1198 791 1211 ,
819 1171 849 1204 si
866 1177 960 1203 recte
980 1183 1064 1203 con·
1088 1162 1092 1206 l

63 1223 267 1267 templeris,
294 1222 428 1267 poscit,
457 1224 553 1268 quod
572 1223 656 1256 satis
683 1229 823 1256 constat
844 1234 918 1255 non
943 1222 1063 1255 obser-

64 1274 141 1306 vari
179 1274 346 1307 omnibus
381 1275 505 1306 tertiae
541 1275 674 1318 figurae
714 1275 839 1307 modis.
914 1273 1063 1314 Rursus,

64 1337 172 1370 quom
211 1325 415 1359 dialecticus
451 1326 646 1370 praecipiat
680 1327 828 1365 alicubi,
878 1338 953 1358 non
989 1333 1061 1358 tam

63 1378 160 1422 quod
184 1377 260 1410 fleri
285 1377 393 1416 solet,
434 1390 540 1422 quam
567 1379 662 1422 quod
691 1384 826 1421 potest,
862 1378 975 1410 visum
1001 1383 1063 1416 est,

64 1435 98 1461 et
115 1426 208 1461 hauc
226 1429 512 1474 qualemcunque
531 1429 805 1472 argumentandi
831 1429 985 1461 sormam
998 1456 1006 1467 ,
1044 1442 1060 1460 a

63 1480 242 1513 veteribus
272 1481 462 1520 traditam,
506 1481 761 1524 praescribere.
830 1480 903 1514 Nec
935 1482 1063 1514 desunt

63 1538 274 1575 argumenta
309 1532 504 1577 syllogismi
544 1538 711 1564 naturam
745 1532 956 1572 excutienti,
1000 1544 1062 1565 cur

61 1582 307 1627 syllogismum
342 1583 599 1627 expositorium
637 1596 741 1628 quem
771 1590 919 1622 vocant,
957 1584 1061 1616 omit-

62 1640 149 1667 tam.
204 1634 328 1680 Neque
346 1635 439 1667 enim
459 1636 603 1668 evidens
621 1636 786 1679 probatio
805 1642 855 1668 est
879 1634 966 1668 haec
993 1636 1061 1680 syl-

61 1685 204 1730 logismi
230 1686 365 1726 forma,
395 1699 463 1732 qua
494 1686 541 1720 sic
565 1687 844 1726 ratiocinaumr,
874 1687 1062 1731 probaturi

62 1736 232 1782 pietatem
252 1750 324 1771 esse
351 1738 543 1772 iustitiam:
584 1738 660 1771 Huc
687 1745 738 1771 est
765 1739 897 1783 pietas,
935 1745 968 1771 et
994 1737 1061 1771 hoc

63 1795 114 1822 est
132 1788 264 1822 iustitia
280 1816 288 1829 ‚
319 1802 403 1834 ergo
428 1790 539 1834 pietas
558 1797 607 1823 est
629 1791 774 1823 iustitia.
828 1789 987 1828 Deinde,
1022 1796 1061 1823 ut

64 1839 213 1872 omnino
246 1842 290 1872 ad
325 1842 583 1885 expositionem
622 1842 844 1885 argumenti,
887 1843 983 1887 quod
1015 1844 1057 1874 ad

62 1892 248 1924 materiem
271 1893 443 1936 pertinet,
480 1893 612 1938 aliquid
638 1896 834 1931 conducat,
871 1901 963 1926 certe
988 1895 1060 1926 sor-

62 1954 142 1976 mae
161 1951 455 1987 argumentorum
475 1952 509 1977 et
527 1946 823 1991 consequentiae,
851 1947 894 1978 (le
914 1958 983 1991 qua
1003 1943 1059 1978 hic

62 1994 135 2028 sola
154 1994 290 2038 agitur,
319 1994 407 2028 nihil
427 1997 574 2029 confert.
621 1996 689 2029 lam
712 1997 983 2041 etsyllogismus
1004 2009 1059 2030 ex-

62 2046 257 2089 positorius
289 2047 406 2090 potius
439 2054 489 2081 est
515 2048 734 2092 singularum
769 2049 1057 2093 propositionum

63 2098 272 2142 explicatio,
317 2111 422 2144 quam
451 2100 559 2133 totius
583 2101 798 2145 syllogismi,
841 2113 912 2146 quo
948 2100 1059 2143 magis

63 2149 195 2188 miror,
234 2150 319 2195 quid
345 2150 380 2182 in
407 2158 560 2183 mentem
580 2153 714 2184 venerit
732 2149 881 2191 scholis,
910 2164 971 2184 cur
992 2153 1059 2197 syl-

63 2200 234 2243 logismos
255 2202 378 2234 tertiae
397 2202 530 2246 figurae
550 2201 616 2235 hoc
637 2205 742 2236 morlo
765 2205 973 2249 probarent.

454 2271 486 2303 R
499 2284 544 2315 eg
555 2272 624 2305 ula
637 2284 666 2306 e.

165 2327 205 2361 ln
223 2330 436 2374 syllogismis
454 2344 592 2365 necesse
609 2340 659 2365 est
678 2346 785 2366 unam
805 2333 962 2378 aliquam
981 2333 1059 2365 uni-

63 2380 234 2413 versalem
253 2394 346 2421 esse,
376 2384 661 2429 praestiteritque
687 2385 857 2417 maiorem
879 2385 1059 2417 universa-

62 2431 131 2464 lem
149 2444 242 2472 esse,
269 2434 297 2466 si
315 2441 480 2467 naturam
499 2435 693 2480 syllogismi
713 2444 804 2469 recte
822 2436 1059 2480 introspicias.

62 2482 108 2515 Et
132 2484 274 2516 tertiam
295 2486 444 2529 figuram
467 2488 583 2520 'ninus
604 2489 738 2531 probo,
767 2490 862 2533 quod
885 2488 1056 2520 maiorem

64 2534 221 2568 admittit
240 2537 561 2579 pitrtlclllilre1¹l⁴⁹).
613 2539 793 2579 Proinde,
822 2540 940 2584 inepte
962 2540 1058 2573 colli·
1084 2576 1086 2581 ,

1083 2585 1086 2630 i

98 2636 146 2661 ⁴59)
168 2638 267 2659 Annot,
289 2644 393 2668 marg.:
419 2639 511 2661 Tertia.
531 2639 620 2669 figura
640 2639 772 2664 relicitur.

96 2678 143 2707 49)
164 2681 264 2703 Annot.
286 2686 387 2710 marg.:
421 2681 448 2704 lu
476 2682 546 2705 omni
573 2682 740 2711 syllogismo
767 2689 881 2707 neccsse
907 2686 950 2707 est
969 2685 1058 2707 maio-

134 2720 190 2736 rem
211 2720 273 2737 esse
293 2716 488 2740 universalem.
528 2717 593 2739 Nam
615 2718 799 2747 syllogismus
819 2722 862 2741 est
877 2721 1056 2749 argumenta-

133 2747 171 2771 tio
191 2749 224 2771 ab
244 2749 448 2773 universalibus
468 2752 502 2774 ad
521 2752 684 2778 singularia.

62 2789 242 2820 Munium.
267 2793 370 2821 (wan.
418 2793 591 2822 v01,.xx.

712 123 1081 159 COMPfiffimARlA
1106 125 1420 161 DlALECTlCES
1448 126 1612 162 RATIO.

2045 129 2119 165 ⁷38

1120 225 1181 256 gas
1206 219 1240 245 et
1265 213 1495 247 inefficaciter
1518 226 1559 247 ex
1582 215 1666 249 soli5
1691 214 1989 260 particularibus,
2034 216 2118 249 item

1120 265 1276 308 ineptius
1305 277 1346 298 ex
1370 265 1454 299 solis
1479 266 1665 309 negativis.
1732 266 1804 299 lam
1843 267 1880 299 in
1912 267 2118 312 syllogismo

1119 316 1148 349 si
1166 328 1234 361 qua
1262 317 1371 350 fuerit
1394 317 1620 361 particularis
1645 323 1706 351 aut
1728 319 1914 363 negativa,
1951 325 2120 364 sequetur

1119 368 1320 411 complexio
1356 381 1418 402 seu
1455 369 1635 403 conclusio
1672 370 1920 413 particularis,
1964 376 2026 403 aut
2060 383 2121 404 ne-

1119 425 1250 463 gatlva.

1404 503 1465 537 De
1495 506 1641 549 prima
1670 506 1836 550 figura.

1221 573 1344 606 Prima
1378 573 1490 617 figura
1517 574 1807 619 syllogismorum
1840 581 1875 608 et
1905 576 2119 609 creberrime

1118 631 1334 669 usurpatur,
1364 631 1399 658 et
1416 632 1567 658 naturae
1584 626 1749 670 proxima
1770 634 1839 666 est,
1876 633 1910 660 et
1928 628 2044 661 forma
2064 640 2119 660 ra-

1118 676 1317 710 tiocinandi
1349 676 1455 720 longe
1488 677 1753 712 evidentissima
1772 678 1830 724 ⁵⁰).
1897 679 1961 715 Est
1986 687 2119 720 autem,

1118 727 1156 761 in
1173 741 1243 774 qua
1263 729 1419 762 medium
1440 729 1513 762 sive
1533 742 1655 763 caussa
1685 730 1944 773 conclusioniS,
1979 733 2015 765 in
2046 745 2115 765 ma-

1118 779 1189 813 iori
1213 780 1362 814 subiecti
1388 780 1481 821 vice,
1518 781 1555 813 in
1577 782 1709 814 minori
1726 784 1922 826 praedicati
1944 785 2018 818 vice
2040 785 2119 819 fun·

1118 832 1225 875 gitur.
1289 832 1345 866 Sic
1362 832 1456 865 enim
1487 833 1655 866 convenit
1677 834 1714 866 in
1739 835 1900 869 absoluta
1928 838 2120 871 ratiocina-

1118 883 1236 923 tione,
1273 883 1308 916 id
1335 885 1431 930 quod
1455 884 1649 928 intelliges,
1678 885 1707 919 si
1733 888 1776 919 ad
1807 888 1919 920 animi
1947 889 2118 923 iudicium

1118 936 1310 969 revocaris.
1371 935 1464 970 Nam
1494 936 1576 969 ideo
1604 938 1847 981 praedicatum
1880 941 2119 976 conclusionis

1117 988 1160 1019 de
1178 986 1336 1021 subiecto
1355 988 1595 1022 conclusionis
1611 989 1760 1030 dicitur,
1795 992 1879 1036 quia
1895 993 1937 1026 de
1955 1006 1996 1026 eo
2015 1006 2117 1038 prae-

1117 1038 1277 1079 dicatur,
1314 1040 1411 1084 quod
1432 1040 1523 1072 idem
1545 1047 1596 1074 est
1612 1054 1690 1074 cum
1712 1043 1891 1083 subiecto,
1926 1057 2055 1090 nempe
2076 1047 2119 1079 de

1118 1090 1250 1123 medio.

1222 1141 1321 1175 Modi
1357 1150 1513 1188 quatuor
1540 1151 1643 1183 sunt,
1681 1144 1902 1181 Universalis
1933 1149 2118 1182 affirmati-

1117 1206 1201 1233 vus,
1239 1193 1458 1228 Universalis
1491 1196 1696 1239 negativus,
1740 1204 1773 1230 et
1801 1199 1861 1244 qui
1896 1212 1936 1233 ex
1971 1199 2026 1235 his
2056 1214 2119 1234 na-

1116 1252 1283 1285 scuntur,
1319 1246 1549 1280 particularis
1573 1248 1828 1290 affirmativus,
1863 1258 1897 1283 et
1922 1251 2118 1286 Particula-

1116 1297 1166 1330 ris
1184 1298 1447 1343 negativus⁵¹),
1477 1300 1583 1343 vulgo
1610 1301 1840 1344 appellantur
1853 1302 2034 1344 Barbara,
2065 1317 2118 1338 ce-

1115 1348 1252 1388 larent,
1286 1350 1397 1390 darii,
1433 1351 1544 1389 serio,
1582 1351 1711 1396 quibus
1736 1354 1943 1388 nominibus
1965 1357 2118 1389 docendi

1116 1401 1228 1444 gratia
1259 1413 1323 1434 nos
1349 1414 1493 1447 quoque
1523 1409 1675 1436 utemur.
1729 1404 1792 1438 His
1819 1413 1976 1451 quatuor
2001 1409 2117 1443 modis

1116 1464 1256 1486 necesse
1288 1460 1340 1486 est
1371 1454 1547 1486 contineri
1578 1467 1702 1488 omnes
1726 1457 1951 1501 syllogismos
1979 1461 2117 1503 primae

1115 1504 1261 1547 figurae.
1315 1504 1387 1538 Nec
1406 1505 1468 1538 ulli
1490 1513 1570 1550 apte
1589 1513 1685 1540 extra
1704 1505 1770 1542 hos
1794 1510 1919 1544 modos
1939 1510 1975 1543 in
2000 1512 2115 1556 prima

1116 1556 1226 1598 figura
1250 1562 1430 1590 texuntur.

1114 1606 1188 1640 B..r
1221 1607 1349 1641 Omnis
1368 1608 1501 1642 iustitia
1522 1615 1573 1642 est
1592 1609 1714 1644 virtus.

1115 1659 1158 1690 ba
1221 1659 1350 1693 Omnis
1368 1661 1478 1704 pietas
1497 1667 1548 1694 est
1568 1661 1700 1695 iustitia
1713 1689 1722 1702 ,
1751 1675 1834 1708 ergo

1115 1722 1154 1742 ra
1219 1710 1348 1744 Omnis
1365 1713 1478 1755 pietas
1497 1718 1547 1745 est
1567 1712 1689 1747 virtus.

1115 1760 1162 1794 Ce
1216 1761 1321 1796 Nulla
1339 1763 1471 1796 iustitia
1491 1770 1541 1798 est
1561 1764 1707 1805 vitium,

1114 1813 1146 1845 la
1217 1813 1346 1847 Omnis
1366 1815 1477 1859 pietas
1493 1822 1543 1849 est
1562 1815 1694 1849 iustitia
1707 1844 1716 1857 ,
1745 1830 1827 1862 ergo

1114 1872 1193 1898 rent
1218 1865 1323 1899 'Nulla
1344 1866 1457 1910 pietas
1475 1873 1526 1900 est
1546 1867 1683 1902 vitium.

1114 1916 1167 1949 Da
1217 1916 1345 1951 Omnis
1382 1917 1570 1951 hominum
1608 1920 1759 1954 societas
1804 1922 1940 1966 legibus
1979 1925 2113 1958 muniri

1526 1972 1650 2011 (lebet,

1114 2020 1144 2051 ri
1219 2019 1352 2054 Civitas
1371 2027 1421 2054 est
1439 2019 1626 2055 bominum
1647 2024 1796 2058 societas
1809 2051 1817 2063 ,
1847 2038 1930 2069 ergo

1114 2070 1125 2102 i
1218 2070 1352 2106 Civitas
1372 2073 1506 2116 legibus
1523 2075 1656 2107 muniri
1675 2076 1790 2109 debet.

1112 2121 1161 2155 Fe
1216 2123 1320 2157 Nulla
1336 2122 1525 2158 hominum
1540 2127 1690 2160 societas
1702 2127 1837 2169 legibus
1851 2131 1981 2163 muniri
1996 2132 2111 2171 (lebet,

1114 2174 1144 2206 ri
1220 2175 1354 2209 Civitas
1374 2183 1424 2209 est
1443 2174 1630 2210 homiuum
1650 2179 1818 2219 societas,
1849 2194 1931 2225 ergo

1115 2239 1135 2259 o
1219 2226 1351 2261 Civitas
1371 2228 1507 2271 legibus
1527 2230 1659 2262 muniri
1677 2243 1750 2263 non
1770 2232 1886 2266 debet.

1217 2286 1280 2320 His
1298 2288 1479 2321 adduntur
1497 2290 1594 2321 modi
1610 2290 1835 2335 Baralipton‚
1865 2294 2028 2334 celantes,
2049 2297 2109 2328 da-

1114 2338 1207 2371 bitis.
1260 2338 1293 2371 O
1311 2339 1462 2373 insulsos
1481 2338 1661 2381 homines,
1691 2343 1751 2388 qui
1775 2351 1947 2387 putarunt
1970 2347 2106 2390 uspiam

1115 2402 1214 2422 usum
1253 2403 1326 2424 esse
1361 2393 1599 2426 conclusionis
1635 2395 1849 2435 indirectae,
1901 2410 2008 2443 quam
2048 2412 2108 2431 vo-

1113 2441 1266 2487 cant⁵²)!
1309 2442 1401 2476 Satis
1427 2445 1498 2477 scio
1518 2446 1677 2478 converti
1695 2458 1796 2490 posse
1815 2450 2106 2491 pronuntiatum:

1145 2564 1193 2591 50)
1216 2565 1315 2587 Annot.
1344 2569 1447 2594 marg:

1181 2599 1343 2623 rectissima.

1144 2643 1192 2670 51)
1211 2644 1310 2665 Aunot.
1332 2648 1433 2672 marg:
1464 2643 1548 2665 Notae
1572 2643 1713 2667 literarum
1740 2645 1769 2667 Α.
1791 2644 1958 2667 universalis
1977 2645 2101 2669 affirma-

1179 2677 1246 2701 tiva.
1283 2677 1312 2699 E.
1335 2677 1502 2700 universalis
1520 2678 1656 2707 negativa.
1697 2679 1714 2702 l.
1737 2679 1911 2707 particularis
1926 2679 2104 2704 affirmativa.

1181 2712 1212 2735 0.
1233 2712 1409 2741 particularis
1430 2712 1569 2739 negativa.

1144 2754 1191 2783 5⁴2)
1215 2756 1312 2778 Aunot.
1335 2760 1438 2786 marg:
1459 2755 1631 2778 Reiiciuntur
1647 2756 1718 2779 modi
1737 2756 1845 2786 quidam
1863 2757 1966 2787 primae
1987 2758 2104 2790 figurae,

1529 2789 1579 2824 47

1486 2565 1514 2587 ln
1544 2565 1639 2588 formis
1672 2566 1901 2597 syllogismorum
1927 2568 2013 2597 prima
2037 2575 2102 2598 per-
