2389 3037
97 91 176 129 553

207 175 411 213 CXXXIHI.
450 177 582 212 Noster
606 174 811 220 Imperator
835 174 988 209 Carolus
1011 173 1116 220 quin-

101 238 158 266 tus
179 243 259 265 curn
281 236 372 265 esset
394 229 603 263 adolescens
628 234 662 261 et
684 228 824 261 nobiles
853 227 1039 261 coaetanei
1062 226 1116 258 in-

100 284 217 318 vicem
250 288 433 316 certarent
463 281 663 321 currendo,
709 280 846 314 adstitit
877 280 951 325 ipse
983 285 1018 312 et
1049 278 1117 312 fuit

101 342 296 381 spectator.
351 333 441 368 Cum
460 333 615 379 aliquem
634 332 771 366 videret
787 333 982 378 superbum
995 358 1005 372 ,
1031 330 1116 376 quia

102 395 209 422 antea
229 387 346 421 victor
366 387 404 419 in
426 386 606 419 currendo
632 391 816 425 evaserat,
853 390 977 429 postea
1004 383 1042 415 in
1065 395 1117 417 se·-

103 442 222 475 cundo
240 451 346 473 cursu
365 438 584 484 interposuit
606 437 638 471 ei
656 438 785 483 pedem
799 463 808 478 ‚
835 443 874 471 ut
892 437 1055 476 caderet,
1085 441 1119 468 et

103 493 195 527 alter
211 492 313 525 fieret
328 490 457 525 victor.
512 490 605 523 Hinc
623 490 918 523 animadversum
937 494 1001 528 est,
1031 500 1119 533 qua-

101 545 146 579 lis
173 549 263 578 esset
289 549 443 584 natura,
480 555 611 588 nempe
641 543 739 589 quod
761 540 926 586 superbis
950 540 1119 574 inimicus

107 603 210 632 esset.

211 646 384 683 CXXXV.
421 645 461 680 In
480 653 604 680 monte
618 646 758 679 Mariae
775 644 866 678 dixit
884 644 1031 690 quidam
1047 643 1120 677 Bo-

102 699 249 736 hemus:
279 699 382 737 §mein
409 700 491 736 meib
518 709 585 734 met
606 701 666 745 giit
690 699 724 735 in
748 699 799 735 ein
821 699 902 743 gtofi
926 698 1041 743 tbiimb
1069 707 1120 742 ge:

104 753 201 799 mest,
243 755 310 789 ban
342 762 414 788 men
443 752 487 797 id)
514 751 554 795 sie
577 762 614 797 31¹
642 762 779 797 morgen
804 750 868 795 {tm
895 761 938 786 cm
968 750 1019 785 ein
1044 749 1121 794 θῦε

104 806 228 853 fcbtag,
256 804 289 848 so
316 804 449 841 brambt
472 804 513 849 sie
538 807 599 840 ben
623 812 756 850 ganam
781 808 849 849 rag.

211 864 399 900 CXXXVI.
434 864 518 898 Dux
535 863 690 899 Ioannes
705 863 911 898 Fridericus
930 862 1048 896 dicere
1066 873 1122 895 so—

106 918 192 952 litus
221 923 291 952 est:
339 917 472 952 Melius
500 924 552 951 est
577 924 736 951 scortum
763 914 968 955 honorare,
1011 925 1120 960 quam

105 969 298 1005 honestam
316 976 525 1003 matronam
543 976 606 1003 aut
622 969 801 1014 virginem
820 968 972 1002 violare.

214 1029 422 1066 CXXXVII.
467 1030 676 1065 Fridericus
701 1029 905 1070 Miconius‚
950 1027 1014 1075 qui
1045 1033 1125 1061 erat

109 1083 310 1130 aliquando
340 1083 554 1117 iracundior
583 1081 694 1131 (sicut
718 1083 837 1116 bonae
858 1087 1013 1115 naturae
1041 1085 1126 1115 sunt

109 1135 326 1181 iracundae)
353 1133 482 1170 habuit
513 1135 599 1170 satis
635 1135 791 1169 multum
821 1133 1061 1168 certaminum
1087 1131 1124 1165 in

110 1188 332 1223 consulibus.
386 1187 439 1221 tbi
458 1200 523 1233 ego
541 1185 790 1235 Philippusffl)
809 1185 1025 1220 adhortatus
1042 1197 1124 1219 eum

109 1253 209 1277 sum:
246 1239 406 1274 Domine
424 1239 632 1281 Friderice‚
667 1241 853 1281 dicebam,
890 1244 1036 1284 oportet
1059 1249 1126 1270 nos

110 1293 312 1338 reprimere
331 1292 422 1326 iram
443 1299 477 1326 et
492 1305 567 1326 non
593 1292 748 1326 excitare
774 1298 828 1326 tot
853 1291 950 1326 rixas
975 1296 1127 1336 propter

110 1345 296 1391 publicam
322 1356 448 1390 pacem
476 1352 510 1379 et
535 1351 691 1380 vestram
718 1344 831 1390 ipsius
854 1342 1127 1383 conscientiam,

111 1403 148 1431 et
171 1396 287 1437 suasi,
330 1403 370 1430 ut
402 1397 528 1431 saltem
557 1409 576 1430 a
605 1409 681 1431 non
707 1396 917 1431 necessariis
945 1395 1031 1430 rixis
1061 1394 1128 1428 ali-

112 1449 291 1496 quamdiu
308 1448 525 1491 abstineret,
553 1456 588 1483 et
604 1449 679 1483 dixi
704 1462 784 1484 eum
812 1450 1127 1493 obtemperantem

111 1501 227 1536 multa
243 1502 341 1535 bona
359 1501 444 1535 inde
459 1502 573 1548 sequi.
627 1502 803 1536 Promisit
820 1514 856 1536 se
880 1498 972 1534 mihi
990 1501 1129 1534 obtem-

113 1560 340 1600 peraturum.
395 1554 484 1589 Post
511 1554 700 1589 biennium
725 1554 818 1588 redii
838 1555 883 1588 ad
908 1566 1012 1594 eum,
1047 1564 1127 1586 cum

114 1607 230 1641 multa
247 1606 320 1639 iam
340 1618 421 1640 cuin
440 1619 504 1640 suo
523 1607 668 1641 consule
693 1607 820 1652 egisset
843 1605 1074 1640 familiariter
1096 1610 1131 1638 et

115 1658 255 1705 aliquid
270 1659 504 1699 concedisset,
533 1659 622 1693 dixit
640 1660 685 1692 ad
702 1671 776 1693 me:
806 1657 840 1692 Ο
857 1658 1005 1692 domine
1021 1655 1130 1697 Phil„

116 1717 295 1757 quantum
333 1711 519 1744 commodi
553 1712 675 1756 accepi
708 1711 776 1746 isto
809 1717 930 1745 vestro
966 1709 1131 1749 consilio,

114 1763 280 1808 profecto
298 1763 452 1797 multum
473 1776 530 1796 me
548 1763 698 1798 adiuvit.
753 1762 889 1796 Verum
909 1769 961 1796 est
974 1790 982 1803 ,
1012 1762 1131 1808 quod

115 1815 276 1850 brevis
302 1815 546 1860 sapientia
576 1821 716 1860 parat
744 1815 1017 1849 diuturnam
1054 1825 1132 1858 pa-

116 1880 233 1909 cem,
259 1868 320 1902 sed
342 1867 438 1902 illius
466 1868 571 1913 parvi
597 1868 771 1913 temporis
796 1867 969 1913 patientia
988 1873 1129 1899 tantum

117 1920 256 1954 doloris
274 1919 379 1954 affert
395 1927 436 1954 ut
452 1921 588 1954 malum
613 1921 761 1965 longum
785 1920 934 1954 bellum.
987 1919 1070 1956 {Bab
1097 1922 1132 1954 eg

118 1972 158 2017 ist
178 1971 267 2017 also,
296 1979 450 2007 naturae
474 1979 559 2007 sunt
581 1973 689 2013 tales,
725 1973 817 2007 sicut
842 1970 1001 2006 Achilles
1027 1970 1130 2004 dicit:

117 2023 230 2060 Irasci
247 2025 339 2060 sicut
356 2026 427 2059 mel
447 2025 586 2059 dulcius
605 2032 668 2060 est.

226 2076 446 2113 CXXXVIII.
483 2079 653 2112 Albertus
672 2077 835 2111 Durerus
853 2077 1019 2111 narravit
1041 2073 1132 2109 mihi

119 2130 164 2164 de
181 2129 456 2170 Maximiliano‚
486 2132 549 2166 ῠαῧ
570 2131 627 2166 ber}
643 2129 883 2170 ffltuttmitiani
908 2130 969 2166 bic?
999 2140 1042 2165 an
1071 2131 1132 2165 ben

119 2183 245 2218 utinen
261 2180 314 2226 fet)
333 2181 365 2226 fo
384 2184 467 2229 gro&
481 2181 624 2229 gemet'en
647 2184 702 2229 αῑβ
725 2183 793 2228 sein
816 2184 945 2218 femur.
1006 2181 1051 2214 Et
1080 2188 1131 2214 ta-

120 2246 206 2268 men
227 2235 295 2268 fuit
316 2236 486 2269 Albertus
513 2236 704 2270 mediocris
727 2242 898 2270 staturae.
950 2234 997 2269 Et
1016 2233 1132 2267 Maxi-

119 2287 293 2321 milianus
310 2287 381 2321 Iam
403 2300 511 2322 senex
537 2300 617 2322 cum
641 2295 730 2322 esset
748 2290 931 2333 Augustae
956 2288 993 2321 in
1022 2286 1131 2320 comi—

120 2339 199 2380 tiis,
225 2340 377 2374 certavit
390 2340 441 2373 ibi
463 2353 542 2374 cum
562 2340 766 2381 nobilibus,
793 2341 981 2386 ponebant
998 2351 1133 2374 asseres

123 2399 159 2426 et
175 2393 364 2427 certabant
382 2393 574 2427 iaculando
588 2420 596 2433 ‚
633 2392 712 2439 quis
732 2393 853 2437 plures
872 2399 993 2438 posset
1017 2399 1133 2426 trans-

123 2445 242 2489 figere.

123 2508 198 2531 uno
216 2497 310 2539 ictu,
336 2501 434 2545 quod
460 2511 568 2532 nemo
593 2498 770 2531 nobilium
794 2505 978 2544 praestare
1002 2497 1133 2543 possit;

124 2549 192 2583 fuit
220 2556 294 2583 tum
322 2563 438 2586 annus
462 2550 706 2585 Maximiliani
730 2548 792 2585 59.
846 2550 951 2586 Nunc
979 2561 1132 2595 corpora

124 2599 316 2635 hominum
348 2616 424 2638 non
452 2611 535 2639 sunt
560 2603 716 2649 amplius
740 2610 812 2636 tam
839 2604 1007 2643 robusta,
1044 2604 1135 2636 fiunt

125 2654 340 2690 infirmiora.

162 2757 212 2785 62)
232 2757 391 2788 Philippus]
412 2758 496 2784 Com:
525 2765 548 2790 ψ

291 88 336 126 V.
389 86 652 124 HISTORIAE
682 86 928 134 QUAEDAM
956 84 1238 121 RECITATAE
1266 81 1418 119 INTER
1447 79 1683 116 PUBLICAS
1710 78 1996 115 LECTIONES.

303 2444 356 2480 Ibi
379 2445 652 2480 Maximilianus
679 2447 769 2480 duos
795 2458 929 2480 asseres
955 2444 1131 2479 transfixit
1160 2470 1161 2474 ,

1160 2538 1162 2542 ’
1190 2532 1376 2568 edentem;
1422 2530 1623 2569 mirantur,
1660 2527 1746 2574 quid
1772 2527 1827 2562 sit.

2104 77 2182 114 554

1276 169 1463 205 CXXXIX.
1501 169 1664 203 Medicus
1691 168 1840 215 quidam
1869 169 1912 201 ad
1941 166 2179 200 virumnobi-

1171 224 1242 257 lem
1261 229 1449 267 aegrotum
1473 228 1621 255 vocatus
1648 228 1698 255 est
1723 227 1757 254 et
1783 221 1827 253 ab
1857 233 1898 253 eo
1932 220 1975 253 de
1994 219 2138 263 origine
2154 225 2188 252 et

1173 288 1278 309 causa
1303 275 1389 308 mali
1409 274 1672 317 interrogatus,
1702 272 1911 318 respondit,
1943 272 2145 305 fluxionem
2170 283 2187 303 e

1172 339 1284 361 manu
1301 328 1425 360 dextra
1444 326 1481 358 in
1501 332 1608 369 caput
1624 324 1839 358 defluentem
1854 352 1862 364 ,
1890 331 2011 359 motus
2039 336 2184 357 causam

1174 381 1262 414 esse.
1337 378 1501 424 Cumque
1531 377 1591 410 ille
1622 377 1724 423 quasi
1763 377 1947 411 admirans
1983 382 2186 423 quaereret,

1174 432 1236 478 qui
1264 431 1341 464 fieri
1368 436 1510 475 posset,
1536 429 1696 463 medicus
1723 427 1958 469 cantharum,
1988 429 2049 475 qui
2074 440 2188 473 prope

1175 485 1213 518 in
1231 496 1353 518 mensa
1374 482 1540 516 adstabat
1561 495 1639 515 cum
1660 482 1745 514 vino
1759 508 1767 521 ‚
1797 481 1975 526 arripiens
1995 482 2037 514 ad
2064 493 2103 514 os
2127 481 2189 513 ad-

1175 537 1346 570 movebat
1364 536 1556 569 ostendens
1573 532 1666 567 hanc
1685 546 1758 568 esse
1782 533 2000 574 fluxionem,
2030 545 2122 579 quae
2144 532 2190 567 sit

1176 602 1281 624 causa
1301 588 1531 621 morborum.

1282 648 1386 684 CXL.
1423 648 1513 682 Cum
1534 660 1595 681 rex
1611 644 1820 692 Alphonsus
1839 659 1921 680 casu
1938 645 2191 680 intervenisset

1177 701 1416 748 disputationi
1434 702 1590 735 duorum
1609 713 1651 733 ex
1667 699 1895 739 consiliariis,
1925 711 2082 745 quorum
2101 698 2192 731 alter

1178 756 1274 801 apud
1291 767 1413 799 regem
1434 753 1574 788 Galliae
1596 753 1734 791 fuerat,
1764 757 1798 786 et
1817 757 2026 797 quaereret,
2052 751 2095 784 de
2119 762 2191 796 qua

1178 820 1216 841 re
1235 814 1325 842 esset
1344 805 1562 851 disputatio,
1590 804 1778 850 respondit
1792 817 1904 843 unus,
1935 804 1997 849 qui
2015 803 2090 848 regi
2107 801 2193 837 Gal-

1178 861 1247 894 liae
1271 859 1507 898 inservierat,
1544 858 1643 904 quod
1670 869 1770 900 reges
1793 869 1868 889 non
1891 856 2045 888 debeant
2071 855 2194 889 literas

1179 913 1336 953 discere,
1364 912 1427 945 sed
1451 910 1537 945 satis
1563 922 1658 949 esse,
1686 910 1715 944 si
1743 909 1906 942 literatos
1929 909 2088 942 foveant.
2139 905 2193 940 lbi

1179 965 1271 999 dixit
1287 976 1350 998 rex
1368 961 1596 1009 Alphonsus:
1627 962 1708 995 Vox
1725 961 1849 1002 bovis,
1878 974 1953 994 non
1971 958 2144 994 hominis.

1285 1033 1405 1068 CXLI.
1450 1033 1592 1078 Capnio
1617 1030 1708 1065 mihi
1735 1030 1901 1065 recitavit
1931 1029 2122 1064 historiam
2150 1029 2195 1062 de

1180 1086 1281 1120 Duce
1296 1083 1512 1120 Eberhardo
1531 1084 1827 1129 XVirtebergensi
1846 1090 1879 1117 et
1897 1081 2103 1123 Cardinali,
2132 1081 2196 1127 qui

1180 1139 1248 1173 fuit
1270 1139 1346 1173 eius
1371 1151 1491 1172 comes
1519 1137 1661 1171 Romae
1692 1137 1730 1170 in
1756 1136 1955 1181 templum,
1992 1135 2083 1170 sicut
2108 1134 2197 1168 tales

1181 1192 1364 1238 principes
1387 1190 1576 1236 magnifice
1596 1196 1810 1224 tractantur.
1841 1189 1913 1234 Qui
1931 1201 2012 1222 cum
2029 1187 2100 1220 iam
2122 1199 2198 1219 am-

1181 1245 1228 1278 bo
1248 1244 1400 1289 ingressi
1419 1249 1536 1278 essent
1560 1243 1736 1288 templum
1750 1269 1759 1283 ,
1792 1241 1900 1276 simul
1926 1239 2200 1285 ingrediebatur

1182 1309 1276 1331 unus
1310 1296 1459 1330 indutus
1489 1296 1647 1329 lacerata
1684 1301 1800 1335 veste,
1842 1293 1905 1340 qui
1938 1293 2085 1338 gerebat
2118 1303 2199 1336 gra-

1182 1349 1303 1390 mina,
1333 1348 1464 1394 quibus
1485 1354 1681 1381 ornaturus
1701 1353 1792 1381 esset
1815 1345 1990 1391 templum
2005 1372 2014 1385 ,
2044 1355 2199 1390 cumque

1184 1403 1351 1436 cederent
1385 1401 1417 1434 ei
1448 1398 1635 1440 homines,
1676 1399 1844 1444 pervenit
1876 1399 1920 1431 ad
1952 1398 2093 1438 locum,
2136 1395 2200 1430 ubi

1183 1455 1281 1489 stetit
1311 1453 1486 1498 Princeps
1512 1449 1747 1487 Eberhardus
1782 1458 1817 1484 et
1845 1450 2050 1484 Cardinalis
2079 1461 2200 1483 comes

1184 1507 1272 1541 eius.
1318 1504 1371 1539 Ibi
1388 1505 1526 1550 spargit
1541 1504 1706 1550 gramina
1719 1531 1727 1544 ‚
1758 1510 1791 1537 et
1811 1503 1918 1537 simul
1936 1516 2015 1537 cum
2034 1501 2200 1547 gramine

1186 1556 1343 1593 extrahit
1358 1558 1467 1592 sicam
1487 1564 1522 1591 et
1540 1557 1719 1591 interfecit
1738 1556 1989 1594 Cardinalem;
2025 1555 2094 1589 fuit
2118 1554 2200 1588 sub-

1186 1612 1377 1645 ordinatus
1401 1612 1445 1644 ab
1472 1610 1556 1644 alio.
1619 1609 1702 1643 Dux
1724 1607 1958 1643 Eberhardus
1982 1608 2103 1642 statim
2130 1607 2200 1641 dis-

1187 1664 1308 1704 cessit,
1337 1670 1371 1696 et
1387 1662 1505 1697 noluit
1523 1660 1674 1708 posthac
1692 1662 1832 1706 ingredi
1852 1661 2027 1706 templum
2040 1687 2049 1700 ,
2074 1671 2201 1706 quam-

1186 1717 1249 1750 diu
1265 1716 1407 1749 Romae
1424 1722 1512 1749 erat.
1568 1714 1676 1749 Tales
1693 1714 1813 1748 sicarii
1833 1721 1916 1748 sunt
1934 1713 2099 1758 Hispani.

1291 1784 1427 1819 CXLII.
1465 1785 1623 1830 Quidam
1646 1783 1785 1818 iuvenis
1812 1796 1891 1818 cum
1915 1784 2047 1816 multas
2070 1794 2201 1827 pravas

1188 1838 1403 1883 cupiditates
1419 1838 1589 1877 sentiret,
1619 1843 1653 1869 et
1675 1837 1848 1876 nesciret,
1880 1848 1950 1882 qua
1973 1835 2117 1869 ratione
2142 1846 2201 1869 eas

1187 1891 1380 1936 expelleret
1397 1903 1438 1923 ex
1455 1890 1592 1930 animo,
1609 1889 1789 1923 consuluit
1807 1889 2010 1929 eremitam,
2028 1887 2115 1934 quid
2132 1886 2201 1921 sibi

1186 1944 1390 1977 faciendum
1425 1949 1526 1977 esset.
1597 1941 1822 1987 Respondit,
1859 1954 1931 1987 quo
1964 1941 2085 1974 minus
2117 1952 2200 1974 aves

1186 2008 1294 2041 supra
1315 2002 1423 2040 caput
1445 2008 1549 2029 suum
1569 1995 1741 2035 volitent,
1775 1991 1970 2039 prohibere
1989 2005 2063 2026 non
2082 2004 2200 2037 posse,

1187 2050 1248 2083 sed
1282 2048 1369 2081 illud
1401 2060 1527 2081 cavere
1561 2059 1687 2092 posse,
1724 2059 1771 2080 ne
1799 2046 1835 2078 in
1859 2046 1975 2091 capite
2001 2045 2200 2079 nidificent.

1187 2101 1270 2147 Quo
1290 2100 1492 2145 significare
1512 2100 1639 2139 voluit,
1657 2111 1788 2144 pravas
1808 2098 2022 2143 cupiditates
2041 2110 2113 2143 quo
2133 2097 2199 2130 mi-

1186 2166 1254 2188 nus
1272 2153 1440 2193 veniant,
1470 2150 1658 2198 prohiberi
1674 2164 1748 2185 non
1768 2164 1872 2196 posse
1885 2178 1893 2191 ‚
1922 2152 1982 2185 sed
2002 2150 2198 2183 videndum

1188 2219 1280 2247 esse,
1308 2218 1352 2239 ne
1372 2206 1509 2239 radices
1529 2205 1566 2238 in
1589 2204 1693 2239 nobis
1721 2210 1829 2248 agant
1854 2210 1887 2237 et
1908 2204 1945 2237 in
1965 2203 2082 2248 ipsum
2110 2215 2200 2247 opus

1188 2264 1393 2303 erumpant.

1293 2317 1446 2353 CXLIII.
1489 2317 1528 2351 In
1555 2317 1708 2351 concillo
1725 2316 1917 2351 Basiliensi
1936 2316 2083 2362 quidam
2104 2314 2200 2349 docti

1188 2372 1257 2406 viri
1276 2371 1374 2418 (cum
1394 2383 1489 2405 nunc
1512 2371 1561 2403 ibi
1590 2370 1723 2417 essent)
1750 2369 2057 2403 deambulationis
2084 2368 2199 2413 gratia

1188 2426 1377 2459 exiverunt
1397 2425 1434 2457 in
1460 2424 1667 2469 proximum
1690 2435 1836 2460 nemus;
1867 2422 2021 2455 audiunt
2045 2421 2093 2455 ihi
2122 2432 2200 2455 sua-

1189 2478 1333 2512 vissime
1363 2483 1550 2510 canentem
1586 2476 1764 2509 aviculam
1800 2481 1833 2508 et
1866 2474 2058 2508 inusitatos
2093 2485 2202 2507 sonos

1895 2526 1947 2560 Ibi
1981 2539 2074 2560 unus
2107 2525 2202 2557 inter

1190 2584 1270 2618 illos
1295 2583 1515 2622 animosior,
1554 2582 1615 2628 qui
1641 2581 1840 2626 suspicatus
1866 2586 1916 2614 est
1941 2592 2015 2612 non
2043 2589 2116 2612 esse
2142 2589 2201 2610 ve·

1190 2649 1268 2669 ram
1287 2648 1388 2668 avem
1401 2663 1410 2677 ‚
1439 2635 1584 2669 accessit
1603 2640 1637 2667 et
1654 2633 1871 2680 alloquitur:
1907 2631 2047 2665 Adiuro
2066 2636 2120 2671 te,
2148 2629 2201 2662 in-

1191 2688 1288 2735 quit,
1322 2700 1385 2733 per
1410 2688 1523 2721 filium
1547 2686 1635 2727 Dei,
1670 2685 1872 2719 Dominum
1900 2690 2065 2718 nostrum
2083 2680 2201 2716 Iesum

1162 2738 1164 2780 s
1192 2739 1395 2782 Christum,
1434 2747 1474 2774 ut
1496 2740 1600 2782 dicas,
1619 2736 1730 2780 mihi,
1768 2738 1830 2785 qui
1856 2737 1914 2772 sis.

1976 2734 2180 2782 Respondit
2194 2748 2200 2767 :
