2421 3037
278 92 351 126 771

279 178 504 223 Plumeaque
521 177 557 210 in
576 176 683 221 sylvis
700 180 868 219 repetunt
888 171 1059 206 animalia
1079 171 1199 213 nidos,

280 230 423 264 Scilicet
437 236 471 262 et
489 235 645 262 rostrum
664 226 804 271 tepidas
819 227 926 259 fixere
943 224 1008 258 sub
1028 223 1118 257 alas:

282 282 423 325 Clangit
444 282 487 313 ad
505 291 604 312 arma
624 280 767 318 furens,
795 284 829 311 et
848 289 934 309 voce
953 275 1094 310 silentia
1113 275 1247 314 turbat,

281 333 327 367 Et
344 338 461 366 rostro
478 333 610 364 fractos
626 330 764 364 sonitus
781 329 947 362 imitante
969 328 1138 361 tubarum

281 384 478 419 Excubitor
494 384 609 417 lucem
632 381 846 415 mortalibus
863 380 998 413 indicat
1017 379 1100 413 ales.

281 436 378 469 Idem
396 435 503 469 etiam
523 434 653 479 pugnis
672 440 795 478 aptus,
823 444 930 466 nemo
951 431 1070 464 acrior
1086 430 1148 463 illo

282 488 412 532 Ungue
427 493 556 520 notare
572 484 694 520 hostes
714 492 748 518 et
772 497 847 518 rem
868 485 1060 517 decernere
1078 488 1211 516 rostro.

282 540 378 573 Tum
396 551 521 572 vocem
539 538 677 583 excepit
694 537 867 582 Fringilla
886 535 1067 582 loquentis
1082 534 1126 566 ab
1149 545 1228 567 ore:

281 591 316 626 Ο
333 591 362 626 si
377 603 452 624 non
468 590 612 636 pluviae
624 617 632 630 ,
658 601 724 623 nec
742 588 1015 633 tempestatibus
1033 586 1120 619 atris

283 643 462 683 Serviret,
488 654 697 687 pennasque
715 642 761 675 ad
778 647 918 674 motum
930 640 961 685 5)
980 643 1137 671 verteret
1155 648 1264 670 aurae

283 695 426 737 Gallus,
455 707 560 740 quem
581 694 691 728 variis
712 694 749 726 in
767 693 905 726 coelum
928 690 1095 724 laudibus
1112 689 1229 723 effers.

282 747 407 793 Sitque
423 747 562 780 utinam
580 745 710 790 pugnis
727 752 832 790 aptus
845 772 854 785 ,
882 756 927 777 ne
946 742 1086 786 turgida
1107 741 1212 785 pulsu

283 799 430 833 Solvere
446 799 545 832 labra
564 804 688 844 queat:
719 804 814 831 certe
835 808 942 829 nemo
961 794 1079 828 acrior
1096 793 1158 826 illo

282 852 377 885 Ante
396 850 507 885 aciem
521 877 529 890 ,
558 850 655 884 solus
672 861 748 883 non
768 849 863 882 mille
884 846 1067 881 verebitur
1082 843 1215 879 hostes.

283 903 386 937 Stare
402 904 482 936 loco
501 902 631 943 nescit,
659 902 768 935 micat
785 901 945 941 eminus,
970 905 1003 931 et
1019 897 1144 931 tremit
1158 897 1241 935 alte,

282 955 329 989 Et
344 955 460 989 levior
475 954 569 988 foliis
585 953 712 999 quavis
731 952 929 997 impellitur
947 962 1049 984 aura.

284 1008 387 1054 Quae
419 1019 502 1039 nam
536 1005 646 1050 igitur
676 1005 859 1043 volucres,
896 1014 988 1049 quae
1018 1013 1082 1035 vos
1115 999 1291 1034 sententia

919 1054 1015 1098 cogit

282 1111 484 1145 Praeficere
500 1108 654 1153 imperio
674 1109 818 1142 Gallum
832 1134 842 1147 ,
871 1107 933 1152 qui
952 1106 989 1138 in
1007 1105 1114 1139 sorde
1130 1104 1268 1138 solebat

283 1162 457 1198 stridenti
478 1161 648 1195 miserum
668 1167 786 1194 rostro
804 1159 1012 1204 disperdere
1029 1152 1189 1195 carmen,

283 1215 355 1260 Qui
375 1220 493 1248 rostro
510 1213 597 1258 petit
611 1240 619 1253 ,
650 1219 683 1245 et
702 1212 853 1257 pedibus
871 1211 932 1257 qui
953 1209 1089 1254 spargit
1107 1219 1269 1241 arenam.

284 1267 357 1312 Qui
375 1266 549 1300 Cuculum
566 1277 641 1298 non
662 1264 757 1305 odit,
786 1269 881 1296 amet
899 1269 958 1296 tua
980 1260 1140 1294 carmina
1162 1259 1277 1293 Galle.

283 1318 359 1354 Nos
374 1318 525 1362 legimus
543 1329 656 1361 regno
675 1317 879 1356 volucrem,
909 1314 965 1347 cui
984 1325 1067 1347 cura
1092 1312 1276 1345 modestae

283 1371 388 1405 Pacis
407 1370 494 1410 erit,
521 1370 648 1402 doctae
668 1368 725 1402 cui
743 1368 843 1412 copia
864 1366 962 1399 vocis
982 1365 1018 1398 in
1041 1376 1102 1398 ore
1121 1370 1184 1398 est.

284 1423 353 1457 Sed
370 1429 527 1456 veterem
544 1421 675 1466 repetit
693 1420 833 1465 Coccyx
849 1419 886 1452 in
902 1418 1031 1451 fronde
1048 1423 1227 1455 tenorem,

284 1474 358 1509 Nec
377 1481 471 1508 certa
491 1473 639 1518 regione
656 1473 745 1513 loci,
773 1484 838 1504 nec
856 1472 932 1516 lege
952 1476 1108 1508 tenetur,

284 1527 359 1562 Nec
380 1538 551 1571 praesens
569 1523 678 1558 habet
697 1525 755 1557 ille
774 1524 879 1557 fidem
894 1549 903 1563 ‚
930 1522 1014 1555 licet
1028 1521 1157 1554 arbore
1177 1519 1215 1551 in
1232 1519 1293 1551 illa

287 1579 464 1613 Consessu
482 1577 641 1610 medium
659 1588 733 1610 sese
753 1575 852 1614 tulit,
882 1586 993 1619 ocyor
1010 1572 1110 1606 Euro

286 1631 410 1676 Turpe
427 1630 495 1663 iter
511 1629 685 1673 arripuit,
712 1628 906 1672 sedemque
924 1626 961 1658 in
978 1637 1065 1658 voce
1083 1623 1242 1669 reliquit,

285 1683 331 1718 Et
344 1681 555 1727 singultanti
572 1680 725 1713 involvit
741 1691 868 1712 nemus
887 1690 994 1711 omne
1010 1676 1162 1709 ululatu.

285 1735 387 1769 Pone
405 1740 495 1774 stat,
523 1739 557 1766 et
577 1738 715 1765 moesto
736 1731 855 1765 tundit
873 1741 935 1764 sua
957 1734 1100 1774 pectora
1122 1727 1269 1771 planctu

285 1786 519 1832 Suppositum
541 1784 698 1818 Curruca
725 1795 858 1816 vocans
879 1782 916 1814 in
937 1781 1073 1814 crimen
1093 1780 1295 1818 alumnum,

285 1839 331 1873 Et
350 1838 474 1872 Cuculi
492 1849 627 1870 nomen
645 1836 759 1869 defert
775 1834 859 1880 deG)
882 1834 989 1867 caede
1006 1838 1163 1877 peracta.

286 1891 408 1926 Hostis
426 1897 465 1924 ut
482 1887 612 1934 hospes
630 1895 725 1928 erat,
754 1888 893 1932 generis
910 1899 994 1918 nam
1011 1885 1136 1918 funere
1154 1882 1269 1917 nostri

286 1942 485 1988 Ingluviem
507 1941 680 1986 explevit,
705 1946 882 1984 natosque
901 1944 984 1971 ante
1004 1948 1065 1969 ora
1087 1941 1279 1980 parentum

287 1994 467 2029 Immersit
499 1993 664 2027 rabidam
679 2019 688 2033 ,
731 1992 829 2038 quod
858 2003 924 2024 nec
955 1991 1046 2022 bene
1080 1994 1218 2029 vertat,
1256 1987 1294 2020 in

920 2042 1054 2083 alvum,

287 2100 348 2134 Me
366 2110 510 2146 quoque
531 2098 574 2130 ab
591 2096 702 2129 infido
720 2096 772 2128 nil
793 2093 934 2139 hospite
953 2094 1023 2127 tale
1042 2092 1242 2126 timentem.

288 2153 398 2187 Plura
415 2152 602 2184 locuturae
619 2149 799 2194 lacrymae
820 2159 927 2191 super
946 2158 1008 2179 ora
1028 2145 1200 2178 fluebant.

290 2204 474 2243 Substitit,
501 2209 535 2235 et
553 2213 677 2234 vocem
696 2199 852 2233 mediam
874 2198 1057 2242 indignata
1078 2196 1260 2241 repressit.

290 2256 480 2300 Excipiens
495 2253 668 2297 Fringilla
686 2264 815 2286 sonum
834 2263 919 2284 mox
937 2250 1020 2283 talia
1040 2249 1171 2283 subdit.

290 2309 357 2342 Hic
383 2319 526 2354 quoque
551 2319 629 2338 cum
656 2305 796 2349 tropico
813 2301 915 2349 Sol⁷)
941 2302 1093 2335 vertitur
1117 2301 1154 2333 in
1172 2300 1297 2344 Capri-

920 2366 1032 2387 corno

292 2411 409 2446 Vertit
424 2417 522 2454 terga
541 2410 645 2453 fugae
659 2435 667 2448 ,
697 2415 729 2441 et
747 2407 845 2452 putri
862 2420 898 2441 se
919 2406 1074 2440 occultat
1093 2405 1129 2438 in
1144 2405 1225 2438 alvo

292 2463 461 2502 Arboris,
504 2474 593 2507 eque
626 2459 814 2493 hominum
847 2466 992 2504 aspectu
1022 2470 1084 2492 sua
1119 2455 1299 2491 subtrahit

919 2523 995 2545 ora.

328 2650 358 2682 5)
378 2651 413 2675 ad
433 2647 548 2681 motuni]
570 2648 611 2672 sic
632 2647 681 2671 Ed.
695 2647 737 2677 23
765 2647 813 2670 Ed.
831 2647 853 2669 1.
873 2645 1055 2670 coniunctim:
1081 2644 1219 2669 admotum

329 2694 360 2725 6)
380 2694 470 2716 defert
490 2692 537 2720 de]
559 2691 599 2715 sic
617 2690 666 2714 Ed.
683 2690 726 2720 2.;
755 2689 805 2713 Ed.
822 2690 847 2712 1.
868 2689 901 2712 de
923 2688 1013 2712 defert

331 2736 361 2767 7)
381 2737 445 2764 Sol]
466 2737 507 2759 sic
526 2735 575 2760 Ed.
594 2736 634 2762 1.;
662 2733 710 2757 Ed.
724 2733 748 2757 2.
771 2734 849 2756 Mars

919 84 1286 121 ADDITAMENTA
1312 83 1380 118 AD
1407 82 1551 118 VOLL.
1580 83 1706 119 l—X.

2271 84 2347 122 772

1342 170 1436 204 Hinc
1450 169 1499 203 illi
1519 170 1695 203 obiiciunt
1712 175 1811 203 vates
1833 181 1899 213 pro
1920 169 2078 202 carmine
2096 171 2244 213 crimen,

1343 222 1453 267 Quod
1472 222 1577 255 salice
1597 234 1697 256 exesa
1718 222 1837 266 lapsus
1855 220 2062 255 discrimine
2079 222 2174 255 vitae

1343 274 1479 307 Pressit
1495 271 1645 308 humum
1660 300 1668 313 ‚
1698 274 1794 317 turpi
1816 273 1980 306 foedatus
1997 273 2144 317 pulvere
2160 274 2313 309 vultum.

1342 325 1425 358 Vidi
1448 338 1532 369 eg0,
1561 338 1626 358 nec
1645 325 1773 365 fallor,
1801 326 1886 358 dum
1912 325 2024 358 lustro
2045 325 2227 359 volumina
2250 326 2351 366 iuris,

1344 377 1526 411 Censurae
1544 377 1746 421 exemplum
1765 375 1921 410 flammis
1938 389 2030 422 quae
2045 377 2201 411 destinat
2218 377 2351 422 ipsum.

1343 428 1436 464 Nam
1455 436 1637 463 sarmenta
1658 429 1745 462 focis
1764 434 1956 473 postquam
1975 429 2152 472 congessit
2168 429 2306 464 alendis

1345 481 1470 515 Cultro
1488 481 1578 525 agri,
1603 487 1637 514 et
1654 480 1772 514 trunci
1789 479 1948 512 nemoris
1965 491 2050 512 cava
2068 481 2199 514 robora
2218 482 2352 526 passim

1343 532 1486 573 Volvit,
1515 539 1549 566 et
1571 531 1734 577 hyberno
1754 532 1826 564 iam
1848 531 1885 564 in
1903 531 2019 565 sidere
2038 532 2198 566 subdidit
2214 533 2302 578 igni,

1344 584 1406 618 llle
1425 585 1487 618 ubi
1504 584 1647 619 sufflato
1666 596 1728 618 sua
1750 584 1910 616 membra
1930 594 2066 627 vapore
2088 585 2221 618 resolvi

1344 636 1534 676 Senserat,
1562 636 1704 669 ardenti
1720 635 1860 670 sonitus
1881 635 2000 669 emisit
2016 635 2053 667 in
2071 629 2190 676 antro,

1344 687 1418 721 Ver
1434 695 1532 722 ratus
1552 688 1714 732 apricum
1734 687 1874 720 mediae
1891 687 1956 720 sub
1975 686 2109 731 frigore
2126 688 2289 723 brumae.

1345 740 1380 774 Si
1407 740 1487 786 quis
1511 740 1547 772 in
1575 739 1745 784 ambiguo
1771 745 1844 779 est,
1873 745 2050 785 quantum
2076 739 2176 774 focus
2198 738 2353 774 aetheris

1974 791 2057 835 igne

1344 844 1533 889 Discrepet
1545 871 1554 884 ,
1581 842 1641 875 ille
1658 842 1729 875 foci
1744 854 1880 876 crassus
1900 854 2015 887 vapor
2027 869 2037 883 ,
2065 848 2100 875 et
2115 842 2203 877 levis
2219 842 2312 888 ignis

1345 894 1512 930 Aetheris
1524 923 1533 936 ,
1560 895 1656 928 inter
1672 907 1709 928 se
1728 907 1797 940 qua
1815 894 1887 927 sint
1902 894 2045 927 ratione
2060 895 2217 939 repulsa,

1345 948 1392 982 Et
1408 954 1584 994 quantum
1603 944 1766 992 hyberno
1789 946 1951 991 tepidum
1970 958 2032 979 ver
2050 946 2184 991 frigore
2205 945 2329 980 distet:

1346 1000 1404 1034 An
1419 1000 1606 1033 volucrum
1626 998 1726 1031 norit
1741 998 1951 1032 discrimina
1971 1009 2107 1042 ponere
2124 997 2282 1043 linguis?

1347 1052 1446 1098 Quin
1466 1051 1573 1085 etiam
1592 1051 1707 1084 suriae
1724 1062 1813 1096 quas
1830 1050 1905 1094 ipsa
1927 1062 1945 1083 e
1963 1049 2074 1094 stirpe
2090 1055 2283 1095 parentum

1346 1103 1486 1144 Induit,
1514 1103 1697 1136 incessunt
1712 1102 1866 1136 stimulis
1882 1101 2095 1147 praecordia
2110 1128 2119 1143 ,
2145 1108 2185 1136 ut
2201 1102 2303 1135 omni

1346 1156 1483 1201 Impete
1502 1155 1680 1188 bellorum
1698 1155 1840 1187 fervens
1854 1153 2005 1187 Aedona
2023 1154 2184 1188 lacessat.

1347 1208 1409 1241 Illa
1429 1207 1545 1247 canit,
1571 1206 1699 1250 strepit
1716 1206 1884 1250 opposito
1903 1205 2002 1239 rudis
2019 1205 2162 1249 agmine
2181 1205 2332 1251 Coccyx.

1349 1259 1521 1294 Certandi
1538 1258 1656 1292 studio
1669 1285 1678 1298 ‚
1709 1258 1893 1303 crudoque
1910 1256 2043 1291 fatiscit
2062 1255 2177 1291 hiatu.

1348 1313 1432 1358 Quo
1450 1323 1574 1344 morsu
1591 1309 1743 1354 appetiit
1761 1315 1966 1344 mansuetas
1982 1310 2120 1353 praedo
2140 1308 2328 1343 volucres?

1348 1365 1456 1410 Quod
1475 1369 1656 1407 superest,
1686 1361 1858 1407 quoniam
1882 1367 1986 1394 coetu
2003 1361 2239 1396 convenimus
2254 1361 2330 1401 illo,

1348 1416 1394 1450 Et
1411 1416 1570 1449 calamos
1588 1413 1714 1446 inflare
1733 1413 1827 1447 leves
1839 1439 1848 1453 ,
1875 1419 1909 1445 et
1925 1413 2043 1445 dicere
2062 1424 2201 1446 versus:

1348 1468 1445 1501 Tum
1472 1467 1619 1499 missum
1644 1465 1750 1497 facite
1773 1477 1794 1497 o
1820 1475 1985 1508 proceres
2002 1475 2113 1508 genus
2129 1476 2237 1497 omne
2254 1464 2356 1498 volu-

1979 1527 2094 1555 crum,

1349 1570 1457 1616 Quod
1474 1581 1583 1602 curvo
1604 1568 1794 1613 increpitat
1815 1573 1954 1607 rostro,
1982 1566 2245 1614 strepitumque
2260 1574 2356 1602 retu-

1975 1631 2055 1652 sum

1348 1673 1463 1707 Mittit
1474 1699 1482 1712 ,
1511 1678 1545 1705 et
1561 1671 1713 1705 offendit
1730 1670 1817 1704 diris
1832 1670 2048 1704 stridoribus
2065 1681 2180 1705 aures.

1349 1726 1427 1759 Heu
1439 1723 1471 1770 Β)
1489 1724 1633 1757 valeant
1652 1735 1776 1757 omnes
1793 1722 1909 1767 genii,
1939 1722 2002 1768 qui
2021 1722 2100 1756 iura
2120 1734 2251 1756 canore

1348 1777 1537 1811 lnvertunt
1555 1777 1637 1809 ficto
1650 1803 1659 1816 ,
1686 1774 1959 1820 peregrinisque
1977 1774 2118 1808 aemula
2136 1774 2267 1819 linguis

1349 1830 1496 1864 Solvere
1512 1834 1627 1862 rostra
1645 1829 1800 1866 student,
1816 1825 2082 1871 hominumque
2097 1826 2247 1860 illudere
2263 1828 2355 1863 voci.

1348 1882 1399 1916 Ut
1416 1880 1553 1914 merula
1567 1907 1575 1919 ,
1605 1886 1639 1913 et
1656 1880 1768 1924 nigris
1787 1879 1902 1912 velata
1923 1877 2119 1911 Monedula
2137 1879 2278 1922 pennis,

1348 1934 1506 1979 Picaque
1523 1944 1615 1977 quae
1633 1932 1750 1965 varias
1767 1930 1898 1964 emittit
1914 1930 2064 1963 stridula
2082 1942 2201 1971 voces,

1349 1986 1395 2020 Et
1411 1985 1527 2030 pictae
1543 1982 1705 2017 volucres
1723 1982 1840 2016 rutilis
1859 1982 1894 2014 in
1912 1988 2055 2025 tergore
2072 1982 2192 2026 guttis.

1350 2037 1493 2072 Occinit
1509 2034 1564 2070 his
1583 2042 1706 2069 contra
1725 2034 1827 2068 ferali
1845 2033 2003 2067 carmine
2022 2033 2140 2068 Bubo.

1454 2088 1551 2122 Haec
1569 2087 1741 2131 Fringilla
1760 2087 1823 2119 tibi
1845 2086 1966 2131 potior
1980 2085 2156 2120 sententia
2175 2085 2249 2119 visa
2267 2092 2319 2120 est

1350 2141 1538 2181 Forsitan,
1567 2146 1599 2173 et
1619 2139 1768 2184 proprio
1787 2138 1835 2173 sic
1854 2138 1984 2182 digeris
2002 2137 2123 2171 omnia
2142 2137 2238 2171 solus

1350 2194 1512 2228 Arbitrio
1525 2219 1534 2232 ,
1564 2198 1597 2225 et
1613 2190 1747 2224 Ialemo
1765 2198 1824 2224 tua
1843 2197 1986 2234 guttura
2006 2189 2114 2223 solvis
2135 2189 2303 2235 equestri.

1352 2245 1540 2281 Credimus
1559 2256 1603 2276 an
1623 2243 1684 2289 qui
1704 2249 1828 2276 amant
1847 2243 1914 2287 ipsi
1930 2242 1998 2276 sibi
2014 2241 2155 2276 somnia
2172 2241 2323 2286 fingunt.

1456 2296 1520 2330 Cui
1559 2296 1732 2339 Fringilla
1775 2296 1902 2328 refert:
1953 2306 1973 2327 o
2009 2305 2163 2327 narrans
2199 2293 2356 2338 plurima

1976 2345 2095 2386 Bubo,

1352 2400 1472 2435 Graiis
1490 2400 1673 2444 ingenium
1687 2426 1696 2439 ,
1724 2398 1844 2433 Graiis
1861 2398 1959 2431 dedit
1977 2410 2039 2431 ore
2055 2397 2213 2430 rotundo

1352 2454 1454 2487 Musa
1471 2453 1591 2498 loqui,
1620 2458 1654 2485 et
1670 2464 1797 2485 vocum
1818 2450 1920 2484 iussit
1937 2449 2143 2484 discrimina
2162 2460 2279 2488 nosse,

1351 2505 1399 2539 Et
1414 2517 1540 2539 suaves
1557 2504 1676 2537 avium
1695 2510 1820 2537 cantus
1837 2503 2039 2535 discernere
2058 2512 2180 2534 sensu:

1351 2559 1384 2592 A
1400 2556 1525 2590 Cuculi
1543 2556 1714 2600 strepitu,
1743 2566 1935 2588 corvorum
1956 2566 1975 2586 a
1993 2552 2152 2586 carmine
2174 2562 2305 2592 crasso,

1352 2610 1382 2642 A
1402 2608 1496 2643 Galli
1514 2608 1672 2653 crepitu,
1701 2613 1735 2641 et
1753 2607 1860 2640 Picae
1879 2606 2032 2640 stridore
2053 2603 2226 2650 loquacis.

1385 2730 1417 2758 8)
1440 2729 1514 2757 Heu]
1535 2727 1575 2751 sic
1594 2727 1642 2751 Ed.
1659 2728 1701 2757 1.;
1725 2726 1774 2749 Ed.
1788 2725 1814 2749 2.
1835 2723 1884 2748 uei
