2421 3037
287 124 362 159 399
876 123 934 154 PH
940 122 995 155 IL.

285 212 360 245 sine
390 212 541 244 eximam
569 211 736 243 festucam
767 220 806 241 ex
833 209 936 241 oculo
963 215 1045 248 tuo,
1074 214 1108 241 et
1124 221 1201 242 ecce
1221 215 1289 241 tra—

285 265 346 297 bes
363 263 398 296 in
417 263 520 295 oculo
537 269 597 294 tuo
610 260 626 293 ’ἔ
681 259 877 305 Hypocrita
891 287 900 300 ,
929 260 1015 293 eiice
1034 260 1134 305 prius
1150 260 1288 293 trabem

285 328 326 349 ex
345 315 448 347 oculo
466 321 547 351 tuo,
577 318 610 345 et
628 318 701 345 tum
722 312 914 356 perspicies
927 339 936 353 ,
966 318 1004 345 ut
1023 312 1157 346 eximas
1184 313 1289 346 festu-

284 379 361 400 cam
382 378 422 399 ex
442 366 544 398 oculo
564 363 684 397 fratris
703 364 766 397 tui.
805 364 858 398 Ne
879 364 982 404 detis,
1010 365 1107 410 quod
1125 371 1288 398 sanctum

283 425 355 457 est,
392 416 558 455 canibus,
593 427 636 448 ne
665 415 890 460 proieceritis
915 416 1128 460 margaritas
1154 422 1289 450 vestras

284 476 366 502 ante
392 481 541 513 porcos,
569 480 613 500 ne
640 468 787 513 quando
813 466 851 501 hi
876 468 1086 502 conculcent
1107 481 1165 502 eas
1191 467 1290 513 pedi-

282 522 346 555 bus
372 521 463 561 suis,
491 526 525 553 et
546 519 597 552 illi
614 519 707 553 versi
725 519 761 552 in
780 532 842 554 vos
857 520 1015 553 lacerent
1032 532 1107 554 vos.
1161 519 1289 559 Petite,

282 580 316 606 et
336 573 481 606 dabitur
498 572 612 611 vobis,
632 572 794 617 quaerite
820 578 855 605 et
872 572 1075 611 invenietis,
1099 572 1237 616 pulsate
1256 577 1290 604 et
1314 583 1315 586 ¹

652 623 825 670 Quisquis
845 624 939 657 enim
960 624 1060 668 petit,
1087 623 1227 667 accipit,
1256 629 1290 656 et
1313 613 1315 639 ἓ

283 677 490 723 quicunque
510 675 664 722 quaerit,
686 675 838 717 invenit,
870 683 903 709 et
918 675 1077 721 pulsanti
1094 675 1289 720 aperietur.
1313 708 1314 713 ,

279 728 338 761 An
368 728 559 775 quisquam
595 734 647 761 est
674 735 831 762 vestrum
857 726 990 767 homo,
1026 727 1109 773 qui,
1143 727 1172 761 si
1196 726 1289 760 filius
1313 742 1314 752 ¹

283 625 466 669 aperietur
483 624 597 657 vobis.

281 781 356 814 eius
393 780 536 825 petierit
572 792 701 825 panem
717 807 726 820 ,
761 780 917 824 lapidem
953 781 1103 813 daturus
1139 779 1185 813 sit
1211 777 1288 811 illi?

280 834 354 867 Aut
379 833 408 867 si
435 833 566 877 piscem
593 832 757 876 petierit,
787 844 871 865 num
898 838 1099 876 serpentem
1128 830 1290 875 porriget

280 883 358 918 illi?
411 885 447 918 Si
473 896 536 917 vos
560 884 688 928 igitur,
717 897 796 917 cum
824 883 899 917 sitis
924 884 1029 923 mali,
1055 883 1169 917 nostis
1192 883 1288 915 dona

280 938 375 971 bona
394 937 479 969 dare
497 936 578 969 filiis
597 935 735 975 vestris,
758 942 894 981 quanto
913 935 1025 979 magis
1042 941 1143 980 pater
1160 941 1289 974 vester,

282 990 344 1035 qui
363 995 414 1022 est
433 988 469 1020 in
491 987 609 1027 coelis,
638 987 737 1020 dabit
755 988 864 1027 bona,
889 987 917 1021 si
933 987 1119 1032 postuletis
1136 987 1180 1019 ab
1198 987 1289 1031 ipso·

280 1041 415 1074 Omnia
443 1040 569 1084 igitur,
599 1052 835 1085 quaecunque
860 1039 1067 1080 volueritis,
1098 1046 1136 1071 ut
1155 1039 1290 1071 saciant

280 1093 382 1126 vobis
400 1090 586 1131 homines,
615 1092 663 1125 sic
680 1098 713 1124 et
733 1104 795 1125 vos
814 1092 917 1125 sacite
937 1091 1016 1125 illis.
1071 1090 1169 1125 Haec
1193 1091 1288 1123 enim

281 1152 333 1179 est
352 1145 407 1177 lex
423 1151 457 1177 et
475 1141 685 1188 prophetae.
727 1142 878 1177 lntroite
897 1156 961 1188 per
979 1149 1115 1176 arctam
1132 1149 1290 1188 portam,

280 1197 454 1243 quoniam
480 1196 550 1228 lata
580 1202 631 1229 est
658 1202 762 1240 porta
783 1202 816 1228 et
834 1195 991 1240 spatiosa
1012 1196 1089 1234 via,
1119 1207 1210 1241 quae
1229 1195 1289 1227 ab·

278 1249 377 1283 ducit
403 1248 439 1281 in
464 1247 633 1288 exitium,
662 1247 838 1293 multique
865 1254 970 1287 sunt,
1000 1247 1060 1293 qui
1080 1246 1289 1292 ingrediun-

280 1309 338 1335 tur
356 1313 419 1346 per
435 1300 549 1340 illam,
577 1300 750 1346 quoniam
769 1306 919 1344 angusta
938 1306 989 1333 est
1008 1306 1126 1344 porta,
1155 1305 1190 1332 et
1209 1298 1290 1332 stri-

280 1360 334 1387 cta
360 1353 437 1393 via,
472 1363 565 1397 quae
593 1352 738 1385 abducit
766 1353 810 1384 ad
834 1352 967 1391 vitam,
1004 1358 1038 1384 et
1064 1351 1167 1396 pauci
1193 1356 1289 1391 sunt,

279 1405 341 1452 qui
365 1404 557 1438 inveniunt
580 1404 691 1438 illam.
747 1404 878 1437 Cavete
901 1416 987 1437 vero
1014 1404 1116 1438 vobis
1141 1415 1158 1435 a
1186 1415 1289 1447 pseu-

279 1454 516 1502 doprophetis
529 1483 537 1497 ‚
563 1456 625 1502 qui
643 1455 793 1489 veniunt
810 1457 852 1489 ad
870 1468 934 1490 vos
950 1455 987 1488 in
1004 1456 1135 1490 vestitu
1153 1455 1289 1494 ovium,

279 1510 339 1544 sed
374 1509 590 1542 intrinsecus
624 1515 707 1542 sunt
738 1508 813 1553 lupi
839 1520 999 1552 rapaces.
1059 1509 1091 1542 A
1115 1506 1289 1541 fructibus

279 1562 442 1606 ipsorum
469 1560 669 1604 agnoscetis
695 1572 767 1594 eos.
830 1559 1018 1606 Numquid
1046 1559 1219 1603 colligunt
1245 1559 1289 1591 de

279 1613 392 1658 spinis
414 1611 548 1646 uvam?
585 1619 646 1645 aut
671 1613 714 1644 de
743 1611 884 1645 tribulis
913 1610 1024 1645 ficus?
1088 1611 1144 1644 Sic
1171 1610 1289 1643 omnis

280 1667 389 1699 arbor
413 1665 509 1698 bona
534 1665 669 1698 fructus
692 1665 807 1698 bonos
830 1663 933 1704 facit,
961 1663 1076 1708 putris
1095 1670 1213 1697 autem
1233 1674 1289 1694 ar-

279 1720 347 1751 bor
371 1718 507 1751 fructus
531 1717 645 1750 malos
669 1715 766 1749 facit.
820 1715 904 1750 Non
928 1721 1046 1760 potest
1067 1716 1176 1748 arbor
1192 1715 1289 1747 bona

278 1771 415 1804 fructus
433 1770 546 1802 malos
562 1769 699 1808 facere,
727 1780 844 1813 neque
863 1768 971 1801 arbor
990 1767 1125 1812 putris,
1153 1767 1290 1800 fructus

279 1823 396 1856 bonos
413 1822 542 1855 facere.
598 1820 728 1854 Omnis
748 1821 878 1860 arbor,
907 1832 999 1866 quae
1020 1832 1093 1852 non
1112 1819 1197 1852 facit
1212 1819 1290 1851 fru-

279 1882 374 1908 ctum
410 1874 569 1912 bonum,
609 1872 804 1911 exciditur,
840 1878 873 1905 et
910 1872 946 1904 in
976 1872 1057 1916 igne
1087 1870 1290 1904 coniicitur.

278 1925 391 1971 Igitur
410 1938 452 1958 ex
471 1924 646 1959 fructibus
667 1925 828 1969 ipsorum
856 1924 1056 1969 agnoscetis
1081 1935 1154 1957 eos.
1207 1922 1292 1957 Non

279 1978 442 2025 quisquis
463 1977 549 2011 dicit
574 1975 683 2011 mihi:
718 1976 899 2017 Domine,
928 1976 1096 2016 domine,
1125 1973 1292 2008 introibit

279 2032 318 2064 in
340 2043 491 2074 regnum
519 2029 724 2068 coelorum,
757 2029 818 2062 sed
842 2029 905 2074 qui
923 2028 1048 2062 fecerit
1064 2027 1290 2061 voluntatem

279 2083 393 2128 patris
417 2082 507 2122 mei,
538 2081 599 2127 qui
623 2081 660 2113 in
688 2081 795 2114 coelis
823 2087 885 2115 est.
940 2080 1048 2114 Multi
1065 2080 1186 2113 dicent
1200 2076 1293 2112 mihi

280 2136 318 2168 iu
342 2135 403 2167 illo
425 2134 499 2168 die:
534 2133 711 2173 Domine,
740 2133 908 2173 domine,
935 2144 1059 2166 nonne
1075 2143 1140 2176 per
1155 2143 1292 2164 nomen

280 2194 382 2220 tuum
415 2184 738 2231 prophetavimus,
772 2191 806 2218 et
830 2198 895 2230 per
918 2197 1054 2218 nomen
1081 2190 1182 2217 tuum
1209 2184 1292 2217 dae-

280 2239 402 2272 monia
429 2237 624 2272 eiecimus?
653 2245 687 2271 et
710 2249 774 2282 per
793 2250 928 2270 nomen
952 2243 1053 2271 tuum
1074 2236 1205 2270 multas
1221 2235 1293 2268 vir-

283 2297 375 2324 tutes
391 2288 662 2334 praestitimus'?
694 2289 746 2322 Ac
762 2296 837 2323 tum
859 2289 1059 2323 confitebor
1075 2288 1161 2322 illis:
1190 2287 1293 2323 Nun-

280 2355 391 2389 quam
415 2343 502 2375 novi
527 2355 602 2376 vos.
655 2341 836 2375 Discedite
863 2354 882 2374 a
902 2354 979 2383 me,
1009 2341 1071 2388 qui
1090 2339 1294 2386 operamini

281 2394 527 2440 iniquitatem.
597 2391 727 2428 Omnis
745 2393 777 2441 ⁷)
803 2394 920 2435 enim,
955 2394 1018 2440 qui
1042 2393 1144 2427 audit
1168 2405 1210 2426 ex
1236 2404 1293 2425 me

282 2459 466 2481 sermones
484 2444 569 2486 hos,
592 2452 626 2479 et
643 2447 727 2479 facit
744 2458 824 2487 eos,
852 2446 1066 2480 adsimilabo
1091 2446 1192 2479 illum
1214 2445 1292 2478 viro

281 2498 472 2544 prudenti,
500 2498 562 2543 qui
585 2498 789 2531 aedificavit
813 2499 962 2532 domum
990 2510 1091 2532 suam
1109 2509 1218 2543 super
1234 2509 1294 2542 pe-

281 2558 376 2585 tram
389 2578 398 2591 ,
427 2556 461 2583 et
478 2550 662 2584 descendit
679 2550 833 2593 imberS)
845 2577 853 2590 ,
883 2557 917 2583 et
937 2556 1114 2584 venerunt
1130 2549 1295 2590 flumina,

284 2610 319 2637 et
340 2603 521 2636 flaverunt
546 2602 663 2642 venti,
693 2609 727 2636 et
749 2602 937 2636 irruerunt
960 2603 997 2635 in
1014 2604 1164 2637 domum
1182 2602 1295 2643 illam,

320 2732 351 2763 7)
372 2733 485 2761 Omnis]
507 2732 556 2756 Ed.
580 2732 655 2756 1530.
678 2733 737 2762 typ.
758 2738 870 2755 errore:
899 2733 1002 2756 Omnes

319 2777 349 2805 Β)
374 2775 487 2807 iumen]
513 2776 559 2799 Εὐ.
581 2776 656 2800 1530.
677 2776 700 2799 h.
717 2776 733 2799 1.
753 2778 779 2799 et
801 2776 826 2799 in
847 2782 940 2806 seqqn.
967 2776 1093 2806 hymber,

1035 122 1146 156 MEL.
1181 120 1385 155 SCRIPTA
1422 120 1760 156 PHILOLOGICA.

2272 124 2347 159 400

1346 215 1379 241 et
1398 221 1471 241 non
1495 214 1547 241 est
1557 208 1586 251 9)
1612 216 1803 253 prostrata.
1858 208 2022 242 Fundata
2042 209 2137 242 enim
2156 211 2274 244 fuerat
2291 224 2348 246 su-

1345 273 1409 305 per
1435 267 1587 305 petram.
1641 260 1688 293 Et
1712 261 1849 301 omnis,
1877 261 1938 306 qui
1964 260 2065 293 audit
2092 273 2110 293 a
2134 274 2190 295 me
2213 275 2348 297 sermo-

1345 325 1406 346 nes
1430 311 1514 353 hos,
1544 318 1578 345 et
1604 324 1678 345 non
1701 312 1786 346 facit
1810 324 1891 352 eos,
1920 311 2186 346 adsimilabitur
2204 314 2282 347 viro
2298 316 2349 348 fa-

1344 371 1428 405 tuo,
1456 364 1518 411 qui
1544 363 1745 397 aedificavit
1768 365 1917 398 domum
1943 376 2044 397 suam
2063 377 2170 409 super
2188 377 2350 408 arenam,

1344 423 1378 450 et
1403 416 1587 450 descendit
1612 416 1748 456 imber,
1784 422 1818 449 et
1841 423 2018 450 venerunt
2038 416 2208 458 flumina,
2237 423 2272 451 et
2288 417 2351 451 fla-

1345 475 1474 502 verunt
1498 468 1614 508 venti,
1643 474 1677 501 et
1701 468 1929 512 impegerunt
1946 468 1983 500 in
2001 469 2150 502 domum
2169 469 2290 510 illam,
2317 476 2352 504 et

1344 520 1480 554 deiecta
1506 527 1557 554 est
1583 527 1616 553 et
1637 520 1704 554 fuit
1720 519 1824 553 ruina
1844 519 1938 554 illius
1956 532 2100 564 magna.
2154 520 2200 555 Et
2216 521 2351 555 factum

1344 578 1413 612 est,
1442 579 1500 613 ut,
1527 586 1606 606 cum
1634 572 1767 606 finisset
1792 571 1887 606 lesus
1911 583 2095 606 sermones
2113 570 2201 614 hos,
2230 573 2352 607 obstu—

1343 631 1501 668 puerunt
1535 625 1662 657 turbae
1691 637 1799 668 super
1830 624 1994 657 doctrina
2022 624 2127 658 illius.
2188 624 2353 659 Docebat

1343 676 1439 709 enim
1461 689 1521 710 eos
1540 677 1637 710 velut
1654 675 1789 710 habens
1810 676 2064 716 autoritatem,
2093 682 2126 709 et
2150 688 2225 710 non
2247 677 2352 711 sicuti

1342 728 1491 762 scribae.

1444 795 1506 830 Ex
1535 771 1735 842 epistola
1765 796 1897 830 Pauli
1927 798 1980 830 ad
2010 785 2262 837 Romanos,

1720 848 1863 893 Caput
1891 847 1977 882 XII.

1449 910 1610 944 Obsecro
1637 922 1700 944 vos
1724 910 1872 949 fratres,
1909 921 1973 954 per
1997 909 2247 943 miserationes
2272 908 2354 950 Dei,

1344 970 1383 996 ut
1409 962 1611 1007 praebeatis
1639 974 1792 1006 corpora
1820 967 1938 995 vestra
1967 959 2123 995 hostiam
2157 961 2353 1002 viventem,

1344 1021 1526 1055 sanctam,
1556 1020 1737 1059 acceptam
1762 1012 1862 1056 Deo,
1892 1013 2109 1047 rationalem
2135 1013 2270 1047 cultum
2295 1026 2354 1046 ve-

1344 1073 1471 1102 strum.
1526 1065 1573 1099 Et
1595 1079 1640 1099 ne
1666 1065 1947 1099 accommodetis
1963 1077 2027 1099 vos
2043 1066 2088 1098 ad
2107 1066 2259 1110 figuram
2278 1077 2355 1099 sae-

1345 1119 1415 1152 culi
1432 1117 1557 1157 huius,
1586 1119 1646 1152 sed
1663 1117 1974 1152 transformemini
1994 1129 2059 1162 per
2077 1117 2354 1150 renovationem

1344 1172 1475 1205 mentis
1509 1177 1666 1211 vestrae,
1701 1177 1741 1204 ut
1770 1169 1952 1215 probetis,
1988 1181 2080 1215 quae
2112 1169 2158 1203 sit
2186 1169 2354 1203 voluntas

1344 1223 1432 1263 Dei,
1476 1224 1573 1269 quod
1610 1223 1746 1256 bonum
1783 1228 1836 1256 est
1873 1227 2132 1266 acceptumque
2171 1226 2206 1254 et
2240 1221 2355 1265 perfe-

1344 1283 1456 1310 ctum.
1519 1274 1610 1308 Dico
1641 1274 1737 1308 enim
1770 1286 1836 1319 per
1864 1273 2038 1318 gratiam,
2073 1284 2165 1318 quae
2193 1273 2275 1305 data
2304 1278 2357 1307 est

1344 1326 1453 1368 mihi,
1482 1327 1628 1361 cuilibet
1651 1326 1811 1360 versanti
1837 1326 1932 1359 inter
1960 1337 2045 1366 vos,
2080 1336 2126 1358 ne
2151 1324 2231 1369 quis
2255 1336 2356 1358 arro-

1344 1386 1471 1424 ganter
1495 1380 1538 1413 de
1564 1392 1600 1418 se
1625 1378 1777 1419 sentiat,
1812 1390 1920 1423 supra
1948 1388 2057 1422 quam
2085 1382 2231 1420 oportet
2251 1377 2295 1409 de
2318 1389 2355 1410 se

1343 1432 1498 1471 sentire,
1532 1432 1594 1465 sed
1624 1431 1673 1464 ita
1703 1429 1855 1470 sentiat,
1889 1435 1930 1463 ut
1958 1429 2142 1462 modestus
2172 1427 2217 1462 sit
2242 1434 2277 1461 et
2299 1440 2356 1462 so-

1343 1484 1456 1523 brius,
1484 1489 1523 1516 ut
1539 1482 1667 1528 cuique
1685 1481 1783 1516 Deus
1800 1482 1953 1526 partitus
1970 1487 2021 1515 est
2036 1491 2242 1514 mensuram
2260 1480 2356 1515 fidei.

1344 1536 1663 1581 Quemadmodum
1703 1534 1800 1568 enim
1836 1534 1873 1566 in
1908 1545 1982 1567 uno
2010 1544 2164 1577 corpore
2191 1532 2355 1566 membra

1345 1588 1456 1621 multa
1484 1585 1679 1627 habemus,
1712 1586 1875 1620 membra
1901 1597 1988 1618 vero
2018 1584 2140 1618 omnia
2166 1595 2242 1617 non
2269 1595 2356 1618 eun-

1343 1641 1424 1673 dem
1443 1637 1578 1673 habent
1597 1645 1715 1672 actum
1729 1666 1738 1679 ,
1763 1638 1813 1672 sic
1832 1636 1938 1671 multi
1953 1649 2067 1671 unum
2085 1648 2217 1680 corpus
2232 1648 2356 1670 sumus

1343 1692 1382 1724 in
1403 1690 1568 1731 Christo,
1596 1690 1806 1735 singulatim
1825 1695 1960 1730 autem,
1988 1688 2050 1722 alii
2069 1688 2222 1721 aliorum
2243 1699 2356 1721 mem-

1343 1745 1428 1784 bra,
1456 1744 1518 1777 sed
1540 1749 1664 1776 tamen
1688 1740 1863 1775 habentes
1885 1742 1982 1774 dona
2000 1740 2098 1780 iuxta
2118 1739 2272 1784 gratiam
2293 1740 2357 1773 da-

1344 1802 1418 1829 tam
1447 1795 1552 1829 nobis
1575 1795 1696 1835 varia,
1736 1794 1811 1828 sive
1837 1791 2069 1838 prophetiam
2095 1792 2195 1826 iuxta
2217 1791 2357 1836 portio-

1344 1861 1427 1881 nem
1452 1848 1555 1887 fidei,
1594 1847 1669 1881 sive
1695 1846 1936 1880 ministerium
1962 1845 1999 1878 in
2026 1843 2357 1884 administratione,

1344 1901 1419 1935 sive
1440 1899 1503 1945 qui
1520 1900 1625 1933 docet
1643 1899 1681 1931 in
1699 1898 1864 1931 doctrina
1879 1924 1888 1938 ,
1916 1897 1990 1930 sive
2008 1896 2070 1941 qui
2088 1893 2301 1929 exhortatur
2318 1895 2358 1928 in

1346 1950 1619 1991 exhortatione,
1656 1950 1719 1996 qui
1749 1949 1913 1994 impertit
1940 1949 1978 1981 in
2008 1947 2259 1992 simplicitate,
2295 1946 2359 1993 qui

1345 2010 1488 2050 praeest
1513 2004 1551 2036 in
1575 2002 1783 2047 diligentia,
1811 2000 1875 2047 qui
1897 2001 2090 2035 miseretur
2106 1999 2145 2033 in
2160 1997 2358 2034 hilaritate.

1345 2057 1500 2090 Dilectio
1518 2055 1563 2090 sit
1582 2067 1657 2088 non
1672 2054 1839 2089 simulata
1852 2081 1862 2095 ,
1889 2053 1965 2088 sitis
1984 2053 2069 2087 odio
2086 2057 2359 2098 prosequentes,

1346 2110 1446 2156 quod
1463 2108 1600 2142 malum
1618 2113 1681 2147 est,
1706 2104 1944 2140 adhaerentes
1958 2105 2004 2146 ei,
2026 2105 2125 2152 quod
2139 2105 2277 2138 bonum
2293 2109 2359 2145 est,

1345 2174 1412 2207 per
1436 2162 1635 2195 fraternam
1653 2157 1866 2192 charitatem
1881 2184 1890 2198 ,
1919 2159 1963 2192 ad
1980 2163 2108 2191 mutuo
2124 2169 2189 2191 vos
2208 2156 2359 2201 diligen-

1346 2215 1412 2248 dos
1439 2211 1630 2258 propensi,
1657 2209 1800 2245 honore
1825 2211 1916 2244 alius
1940 2210 2051 2244 alium
2071 2210 2359 2254 praevenientes,

1347 2265 1467 2301 studio
1490 2276 1566 2298 non
1590 2264 1704 2309 pigri,
1731 2263 1861 2308 spiritu
1884 2263 2083 2302 ferventes,
2112 2260 2272 2306 tempori
2286 2272 2360 2295 ser-

1347 2318 1505 2359 vientes,
1541 2328 1602 2361 spe
1633 2317 1851 2361 gaudentes,
1886 2315 1924 2348 in
1949 2314 2144 2348 afflictione
2169 2313 2360 2358 patientes,

1347 2368 1551 2416 precationi
1595 2368 1791 2409 instantes,
1834 2366 2107 2401 necessitatibus
2149 2371 2359 2400 sanctorum

1348 2420 1679 2462 communicantes,
1712 2418 1997 2466 hospitalitatem
2028 2423 2216 2453 sectantes.
2289 2415 2359 2450 Be-

1347 2488 1393 2509 ne
1410 2473 1615 2520 loquamini
1633 2474 1677 2507 de
1694 2473 1750 2514 iis,
1775 2472 1837 2519 qui
1855 2484 1919 2506 vos
1936 2473 2173 2511 insectantur,
2197 2469 2288 2503 bene
2302 2469 2360 2502 lo·-

1349 2526 1535 2574 quamini,
1564 2526 1737 2571 inquam,
1766 2532 1801 2558 et
1825 2537 1870 2559 ne
1889 2525 1982 2558 male
1999 2522 2209 2568 precemini.
2261 2521 2360 2556 Gau-

1349 2581 1429 2614 dete
1465 2591 1547 2612 cum
1584 2577 1844 2623 gaudentibus,
1884 2583 1918 2611 et
1949 2576 2031 2609 flete
2069 2587 2150 2609 cum
2178 2573 2360 2613 flentibus,

1350 2633 1475 2666 eodem
1498 2630 1622 2665 animo
1642 2630 1702 2663 alii
1720 2631 1758 2663 in
1776 2630 1867 2663 alios
1885 2628 2024 2669 affecti,
2050 2639 2126 2661 non
2146 2631 2360 2671 arroganter

1350 2686 1393 2718 de
1417 2682 1520 2717 vobis
1544 2682 1630 2727 ipsis
1653 2682 1869 2722 sentientes,
1908 2682 1969 2715 sed
1995 2678 2194 2714 humilibus
2216 2690 2281 2712 vos
2302 2688 2359 2710 ac-

1387 2771 1418 2801 9)
1439 2772 1496 2799 est]
1517 2770 1566 2794 Ed.
1588 2771 1663 2794 1530.
1683 2773 1742 2800 typ.
1763 2774 1877 2793 errore:
1903 2771 1948 2791 ast
