<?xml version="1.0" encoding="UTF-8"?>
<!DOCTYPE html PUBLIC "-//W3C//DTD XHTML 1.0 Transitional//EN"
    "http://www.w3.org/TR/xhtml1/DTD/xhtml1-transitional.dtd">
<html xmlns="http://www.w3.org/1999/xhtml" xml:lang="en" lang="en">
 <head>
  <title>
</title>
<meta http-equiv="Content-Type" content="text/html;charset=utf-8" />
  <meta name='ocr-system' content='tesseract 3.04.00' />
  <meta name='ocr-capabilities' content='ocr_page ocr_carea ocr_par ocr_line ocrx_word'/>
</head>
<body>
  <div class='ocr_page' id='page_1' title='image "./operaquaesupersu20melauoft/operaquaesupersu20melauoft_0425.png"; bbox 0 0 2389 3037; ppageno 0'>
   <div class='ocr_carea' id='block_1_1' title="bbox 125 113 203 153">
    <p class='ocr_par' dir='ltr' id='par_1_1' title="bbox 125 113 203 153">
     <span class='ocr_line' id='line_1_1' title="bbox 125 113 203 153; baseline -0.026 0"><span class='ocrx_word' id='word_1_1' title='bbox 125 113 203 153; x_wconf 75' lang='lat'><strong>825</strong></span> 
     </span>
    </p>
   </div>
   <div class='ocr_carea' id='block_1_2' title="bbox 124 197 1134 762">
    <p class='ocr_par' dir='ltr' id='par_1_2' title="bbox 124 197 1134 762">
     <span class='ocr_line' id='line_1_2' title="bbox 124 197 1133 246; baseline 0 -11"><span class='ocrx_word' id='word_1_2' title='bbox 124 212 248 246; x_wconf 80' lang='lat' dir='ltr'><strong>regem</strong></span> <span class='ocrx_word' id='word_1_3' title='bbox 280 197 456 246; x_wconf 79' lang='lat' dir='ltr'><strong>Aegypti,</strong></span> <span class='ocrx_word' id='word_1_4' title='bbox 488 199 559 245; x_wconf 83' lang='lat' dir='ltr'><strong>&#39;qui</strong></span> <span class='ocrx_word' id='word_1_5' title='bbox 591 198 748 245; x_wconf 81' lang='lat' dir='ltr'>Assyriis</span> <span class='ocrx_word' id='word_1_6' title='bbox 775 201 910 235; x_wconf 87' lang='lat' dir='ltr'><strong>bellum</strong></span> <span class='ocrx_word' id='word_1_7' title='bbox 948 200 1133 235; x_wconf 88' lang='lat' dir='ltr'><strong>intulerat.</strong></span> 
     </span>
     <span class='ocr_line' id='line_1_3' title="bbox 127 251 1132 298; baseline -0.002 -10"><span class='ocrx_word' id='word_1_8' title='bbox 127 252 219 288; x_wconf 91' lang='lat' dir='ltr'><strong>Cum</strong></span> <span class='ocrx_word' id='word_1_9' title='bbox 234 252 345 297; x_wconf 89' lang='lat' dir='ltr'><strong>igitur</strong></span> <span class='ocrx_word' id='word_1_10' title='bbox 369 252 406 285; x_wconf 90' lang='lat' dir='ltr'><strong>in</strong></span> <span class='ocrx_word' id='word_1_11' title='bbox 425 263 553 296; x_wconf 87' lang='lat' dir='ltr'><strong>campo</strong></span> <span class='ocrx_word' id='word_1_12' title='bbox 577 251 757 296; x_wconf 89' lang='lat' dir='ltr'><strong>Mageddo</strong></span> <span class='ocrx_word' id='word_1_13' title='bbox 782 253 913 288; x_wconf 88' lang='lat' dir='ltr'><strong>vulnus</strong></span> <span class='ocrx_word' id='word_1_14' title='bbox 929 253 1132 298; x_wconf 81' lang='lat' dir='ltr'><strong>accepisset,</strong></span> 
     </span>
     <span class='ocr_line' id='line_1_4' title="bbox 126 304 1131 351; baseline -0.001 -12"><span class='ocrx_word' id='word_1_15' title='bbox 126 305 316 351; x_wconf 82' lang='lat' dir='ltr'><strong>aIIquanto</strong></span> <span class='ocrx_word' id='word_1_16' title='bbox 342 310 424 349; x_wconf 92' lang='lat' dir='ltr'><strong>post</strong></span> <span class='ocrx_word' id='word_1_17' title='bbox 445 309 612 338; x_wconf 92' lang='lat' dir='ltr'><strong>mortuus</strong></span> <span class='ocrx_word' id='word_1_18' title='bbox 637 310 699 338; x_wconf 89' lang='lat' dir='ltr'><strong>est.</strong></span> <span class='ocrx_word' id='word_1_19' title='bbox 761 304 896 351; x_wconf 81' lang='lat' dir='ltr'><strong>Estque</strong></span> <span class='ocrx_word' id='word_1_20' title='bbox 928 306 1131 351; x_wconf 89' lang='lat' dir='ltr'><strong>exemplum</strong></span> 
     </span>
     <span class='ocr_line' id='line_1_5' title="bbox 125 355 1132 401; baseline 0 -10"><span class='ocrx_word' id='word_1_21' title='bbox 125 356 237 392; x_wconf 88' lang='lat' dir='ltr'><strong>losias</strong></span> <span class='ocrx_word' id='word_1_22' title='bbox 256 356 306 401; x_wconf 91' lang='lat' dir='ltr'><strong>pii</strong></span> <span class='ocrx_word' id='word_1_23' title='bbox 323 355 515 401; x_wconf 89' lang='lat' dir='ltr'><strong>Principis,</strong></span> <span class='ocrx_word' id='word_1_24' title='bbox 535 356 756 391; x_wconf 88' lang='lat' dir='ltr'><strong>restituentis</strong></span> <span class='ocrx_word' id='word_1_25' title='bbox 773 370 895 391; x_wconf 83' lang='lat' dir='ltr'><strong>veram</strong></span> <span class='ocrx_word' id='word_1_26' title='bbox 914 358 1132 392; x_wconf 83' lang='lat' dir='ltr'><strong>doctrinam.</strong></span> 
     </span>
     <span class='ocr_line' id='line_1_6' title="bbox 125 408 1132 454; baseline -0.001 -11"><span class='ocrx_word' id='word_1_27' title='bbox 125 409 273 443; x_wconf 87' lang='lat' dir='ltr'><strong>Talium</strong></span> <span class='ocrx_word' id='word_1_28' title='bbox 308 414 549 453; x_wconf 81' lang='lat' dir='ltr'>protectorem</span> <span class='ocrx_word' id='word_1_29' title='bbox 587 421 622 443; x_wconf 91' lang='lat' dir='ltr'><strong>se</strong></span> <span class='ocrx_word' id='word_1_30' title='bbox 659 421 732 443; x_wconf 90' lang='lat' dir='ltr'><strong>esse</strong></span> <span class='ocrx_word' id='word_1_31' title='bbox 765 409 864 444; x_wconf 91' lang='lat' dir='ltr'><strong>Deus</strong></span> <span class='ocrx_word' id='word_1_32' title='bbox 900 408 938 442; x_wconf 90' lang='lat' dir='ltr'><strong>in</strong></span> <span class='ocrx_word' id='word_1_33' title='bbox 968 409 1132 454; x_wconf 90' lang='lat' dir='ltr'><strong>ipsorum</strong></span> 
     </span>
     <span class='ocr_line' id='line_1_7' title="bbox 124 459 1133 507; baseline 0 -12"><span class='ocrx_word' id='word_1_34' title='bbox 124 459 287 496; x_wconf 87' lang='lat' dir='ltr'><strong>historiis</strong></span> <span class='ocrx_word' id='word_1_35' title='bbox 313 460 488 501; x_wconf 87' lang='lat' dir='ltr'><strong>ostendit,</strong></span> <span class='ocrx_word' id='word_1_36' title='bbox 515 460 607 495; x_wconf 88' lang='lat' dir='ltr'><strong>sicut</strong></span> <span class='ocrx_word' id='word_1_37' title='bbox 625 460 763 507; x_wconf 83' lang='lat' dir='ltr'><strong>inquit:</strong></span> <span class='ocrx_word' id='word_1_38' title='bbox 795 461 1047 496; x_wconf 87' lang='lat' dir='ltr'><strong>Glorificantes</strong></span> <span class='ocrx_word' id='word_1_39' title='bbox 1075 474 1133 495; x_wconf 87' lang='lat' dir='ltr'><strong>me</strong></span> 
     </span>
     <span class='ocr_line' id='line_1_8' title="bbox 126 510 1134 560; baseline 0 -13"><span class='ocrx_word' id='word_1_40' title='bbox 126 513 335 559; x_wconf 88' lang='lat' dir='ltr'><strong>glorificabo</strong></span> <span class='ocrx_word' id='word_1_41' title='bbox 361 519 427 547; x_wconf 87' lang='lat' dir='ltr'><strong>etc.</strong></span> <span class='ocrx_word' id='word_1_42' title='bbox 482 512 551 547; x_wconf 85' lang='lat' dir='ltr'><strong>Sed</strong></span> <span class='ocrx_word' id='word_1_43' title='bbox 583 520 705 547; x_wconf 90' lang='lat' dir='ltr'><strong>tamen</strong></span> <span class='ocrx_word' id='word_1_44' title='bbox 736 510 774 546; x_wconf 90' lang='lat' dir='ltr'><strong>hi</strong></span> <span class='ocrx_word' id='word_1_45' title='bbox 807 525 973 560; x_wconf 90' lang='lat' dir='ltr'><strong>quoque,</strong></span> <span class='ocrx_word' id='word_1_46' title='bbox 1009 520 1049 548; x_wconf 91' lang='lat' dir='ltr'><strong>ut</strong></span> <span class='ocrx_word' id='word_1_47' title='bbox 1082 520 1134 548; x_wconf 90' lang='lat' dir='ltr'><strong>est</strong></span> 
     </span>
     <span class='ocr_line' id='line_1_9' title="bbox 125 562 1133 611; baseline -0.001 -11"><span class='ocrx_word' id='word_1_48' title='bbox 125 563 288 600; x_wconf 88' lang='lat' dir='ltr'><strong>humana</strong></span> <span class='ocrx_word' id='word_1_49' title='bbox 307 565 510 605; x_wconf 89' lang='lat' dir='ltr'><strong>infirmitas,</strong></span> <span class='ocrx_word' id='word_1_50' title='bbox 524 578 586 600; x_wconf 86' lang='lat' dir='ltr'><strong>sua</strong></span> <span class='ocrx_word' id='word_1_51' title='bbox 603 571 721 598; x_wconf 90' lang='lat' dir='ltr'><strong>errata</strong></span> <span class='ocrx_word' id='word_1_52' title='bbox 739 562 958 606; x_wconf 89' lang='lat' dir='ltr'><strong>habuerunt,</strong></span> <span class='ocrx_word' id='word_1_53' title='bbox 982 571 1133 611; x_wconf 88' lang='lat' dir='ltr'><strong>propter</strong></span> 
     </span>
     <span class='ocr_line' id='line_1_10' title="bbox 126 616 1132 664; baseline -0.001 -12"><span class='ocrx_word' id='word_1_54' title='bbox 126 629 219 664; x_wconf 90' lang='lat' dir='ltr'><strong>quae</strong></span> <span class='ocrx_word' id='word_1_55' title='bbox 235 623 269 651; x_wconf 88' lang='lat' dir='ltr'><strong>et</strong></span> <span class='ocrx_word' id='word_1_56' title='bbox 286 617 353 662; x_wconf 91' lang='lat' dir='ltr'><strong>ipsi</strong></span> <span class='ocrx_word' id='word_1_57' title='bbox 370 617 592 662; x_wconf 89' lang='lat' dir='ltr'><strong>puniuntur,</strong></span> <span class='ocrx_word' id='word_1_58' title='bbox 619 618 680 651; x_wconf 88' lang='lat' dir='ltr'><strong>sed</strong></span> <span class='ocrx_word' id='word_1_59' title='bbox 698 616 796 652; x_wconf 90' lang='lat' dir='ltr'><strong>Deus</strong></span> <span class='ocrx_word' id='word_1_60' title='bbox 822 618 871 651; x_wconf 89' lang='lat' dir='ltr'><strong>eis</strong></span> <span class='ocrx_word' id='word_1_61' title='bbox 888 617 1030 661; x_wconf 78' lang='lat' dir='ltr'><strong>mitigat</strong></span> <span class='ocrx_word' id='word_1_62' title='bbox 1047 630 1132 662; x_wconf 91' lang='lat' dir='ltr'><strong>poe-</strong></span> 
     </span>
     <span class='ocr_line' id='line_1_11' title="bbox 125 666 1133 715; baseline 0 -12"><span class='ocrx_word' id='word_1_63' title='bbox 125 681 211 711; x_wconf 84' lang='lat' dir='ltr'><strong>nas,</strong></span> <span class='ocrx_word' id='word_1_64' title='bbox 251 675 292 703; x_wconf 91' lang='lat' dir='ltr'><strong>ut</strong></span> <span class='ocrx_word' id='word_1_65' title='bbox 334 670 529 704; x_wconf 88' lang='lat' dir='ltr'><strong>ostendunt</strong></span> <span class='ocrx_word' id='word_1_66' title='bbox 568 666 740 703; x_wconf 81' lang='lat' dir='ltr'><strong>historiae</strong></span> <span class='ocrx_word' id='word_1_67' title='bbox 779 671 909 711; x_wconf 86' lang='lat' dir='ltr'><strong>Assae,</strong></span> <span class='ocrx_word' id='word_1_68' title='bbox 949 668 1133 715; x_wconf 86' lang='lat' dir='ltr'><strong>Iosaphat‚</strong></span> 
     </span>
     <span class='ocr_line' id='line_1_12' title="bbox 125 718 885 762; baseline 0.003 -7"><span class='ocrx_word' id='word_1_69' title='bbox 125 721 322 762; x_wconf 87' lang='lat' dir='ltr'><strong>Amaziae,</strong></span> <span class='ocrx_word' id='word_1_70' title='bbox 348 721 478 762; x_wconf 88' lang='lat' dir='ltr'><strong>Osiae,</strong></span> <span class='ocrx_word' id='word_1_71' title='bbox 506 718 682 754; x_wconf 79' lang='lat' dir='ltr'><strong>Ezechiae</strong></span> <span class='ocrx_word' id='word_1_72' title='bbox 706 727 740 754; x_wconf 89' lang='lat' dir='ltr'><strong>et</strong></span> <span class='ocrx_word' id='word_1_73' title='bbox 758 719 885 757; x_wconf 85' lang='lat' dir='ltr'><strong>Iosiae.</strong></span> 
     </span>
    </p>
   </div>
   <div class='ocr_carea' id='block_1_3' title="bbox 124 806 1134 1013">
    <p class='ocr_par' dir='ltr' id='par_1_3' title="bbox 124 806 1134 1013">
     <span class='ocr_line' id='line_1_13' title="bbox 196 806 1132 839; baseline -0.002 -7"><span class='ocrx_word' id='word_1_74' title='bbox 196 806 382 832; x_wconf 82' lang='lat' dir='ltr'><strong>Melanthouis</strong></span> <span class='ocrx_word' id='word_1_75' title='bbox 403 807 596 838; x_wconf 74' lang='lat' dir='ltr'><strong>Epi91·amma</strong></span> <span class='ocrx_word' id='word_1_76' title='bbox 622 807 656 831; x_wconf 80' lang='lat' dir='ltr'><strong>de</strong></span> <span class='ocrx_word' id='word_1_77' title='bbox 675 806 879 839; x_wconf 76' lang='lat' dir='ltr'><strong>Monarchiis,</strong></span> <span class='ocrx_word' id='word_1_78' title='bbox 905 807 978 838; x_wconf 86' lang='lat' dir='ltr'><strong>quod</strong></span> <span class='ocrx_word' id='word_1_79' title='bbox 1004 806 1032 831; x_wconf 84' lang='lat' dir='ltr'><strong>iu</strong></span> <span class='ocrx_word' id='word_1_80' title='bbox 1051 807 1132 831; x_wconf 79' lang='lat' dir='ltr'><strong>huius</strong></span> 
     </span>
     <span class='ocr_line' id='line_1_14' title="bbox 124 840 1133 873; baseline -0.002 -6"><span class='ocrx_word' id='word_1_81' title='bbox 124 840 192 867; x_wconf 80' lang='lat' dir='ltr'><strong>libri</strong></span> <span class='ocrx_word' id='word_1_82' title='bbox 215 843 270 867; x_wconf 86' lang='lat' dir='ltr'><strong>fine</strong></span> <span class='ocrx_word' id='word_1_83' title='bbox 293 841 417 873; x_wconf 83' lang='lat' dir='ltr'><strong>legitur,</strong></span> <span class='ocrx_word' id='word_1_84' title='bbox 442 842 498 866; x_wconf 87' lang='lat' dir='ltr'><strong>iam</strong></span> <span class='ocrx_word' id='word_1_85' title='bbox 523 842 550 865; x_wconf 90' lang='lat' dir='ltr'><strong>in</strong></span> <span class='ocrx_word' id='word_1_86' title='bbox 575 841 656 865; x_wconf 83' lang='lat' dir='ltr'><strong>huius</strong></span> <span class='ocrx_word' id='word_1_87' title='bbox 677 842 810 873; x_wconf 82' lang='lat' dir='ltr'><strong>Corporis</strong></span> <span class='ocrx_word' id='word_1_88' title='bbox 828 842 892 866; x_wconf 84' lang='lat' dir='ltr'><strong>Vol.</strong></span> <span class='ocrx_word' id='word_1_89' title='bbox 912 842 949 867; x_wconf 86' lang='lat' dir='ltr'><strong>X.</strong></span> <span class='ocrx_word' id='word_1_90' title='bbox 970 849 998 872; x_wconf 87' lang='lat' dir='ltr'><strong>p.</strong></span> <span class='ocrx_word' id='word_1_91' title='bbox 1018 842 1070 866; x_wconf 81' lang='lat'><strong>635</strong></span> <span class='ocrx_word' id='word_1_92' title='bbox 1092 849 1133 872; x_wconf 80' lang='lat' dir='ltr'><strong>sq.</strong></span> 
     </span>
     <span class='ocr_line' id='line_1_15' title="bbox 125 875 1134 907; baseline -0.002 -5"><span class='ocrx_word' id='word_1_93' title='bbox 125 878 179 904; x_wconf 83' lang='lat' dir='ltr'><strong>No.</strong></span> <span class='ocrx_word' id='word_1_94' title='bbox 195 877 256 902; x_wconf 82' lang='lat'><strong>3⁰1.</strong></span> <span class='ocrx_word' id='word_1_95' title='bbox 276 877 370 901; x_wconf 82' lang='lat' dir='ltr'><strong>datum</strong></span> <span class='ocrx_word' id='word_1_96' title='bbox 385 878 437 902; x_wconf 80' lang='lat' dir='ltr'><strong>est.</strong></span> <span class='ocrx_word' id='word_1_97' title='bbox 475 875 603 901; x_wconf 80' lang='lat' dir='ltr'><strong>Sufficiat</strong></span> <span class='ocrx_word' id='word_1_98' title='bbox 622 876 718 907; x_wconf 73' lang='lat' dir='ltr'><strong>igitur,</strong></span> <span class='ocrx_word' id='word_1_99' title='bbox 739 878 765 902; x_wconf 86' lang='lat' dir='ltr'><strong>h.</strong></span> <span class='ocrx_word' id='word_1_100' title='bbox 786 878 803 901; x_wconf 86' lang='grc' dir='ltr'><strong>Ι.</strong></span> <span class='ocrx_word' id='word_1_101' title='bbox 823 877 952 901; x_wconf 83' lang='lat' dir='ltr'><strong>lectionis</strong></span> <span class='ocrx_word' id='word_1_102' title='bbox 965 877 1134 901; x_wconf 84' lang='lat' dir='ltr'><strong>varietatem</strong></span> 
     </span>
     <span class='ocr_line' id='line_1_16' title="bbox 124 911 1134 943; baseline -0.001 -7"><span class='ocrx_word' id='word_1_103' title='bbox 124 912 206 936; x_wconf 84' lang='lat' dir='ltr'><strong>huius</strong></span> <span class='ocrx_word' id='word_1_104' title='bbox 224 911 289 936; x_wconf 83' lang='lat' dir='ltr'><strong>libri</strong></span> <span class='ocrx_word' id='word_1_105' title='bbox 309 911 428 936; x_wconf 83' lang='lat' dir='ltr'><strong>afferre:</strong></span> <span class='ocrx_word' id='word_1_106' title='bbox 450 912 502 937; x_wconf 87' lang='lat' dir='ltr'><strong>Vs.</strong></span> <span class='ocrx_word' id='word_1_107' title='bbox 517 911 540 935; x_wconf 27' lang='lat'><strong>2⁴</strong></span> <span class='ocrx_word' id='word_1_108' title='bbox 563 911 589 935; x_wconf 87' lang='lat' dir='ltr'><strong>in</strong></span> <span class='ocrx_word' id='word_1_109' title='bbox 609 912 660 936; x_wconf 85' lang='lat' dir='ltr'><strong>hoc</strong></span> <span class='ocrx_word' id='word_1_110' title='bbox 680 912 750 936; x_wconf 79' lang='lat' dir='ltr'><strong>libro</strong></span> <span class='ocrx_word' id='word_1_111' title='bbox 771 912 811 936; x_wconf 80' lang='lat' dir='ltr'><strong>sic</strong></span> <span class='ocrx_word' id='word_1_112' title='bbox 828 913 949 943; x_wconf 75' lang='lat' dir='ltr'><strong>legitur:</strong></span> <span class='ocrx_word' id='word_1_113' title='bbox 971 913 1028 943; x_wconf 61' lang='lat' dir='ltr'><strong>Qua⁴</strong></span> <span class='ocrx_word' id='word_1_114' title='bbox 1044 912 1134 936; x_wconf 78' lang='lat' dir='ltr'><strong>Chal-</strong></span> 
     </span>
     <span class='ocr_line' id='line_1_17' title="bbox 125 947 1132 978; baseline -0.003 -5"><span class='ocrx_word' id='word_1_115' title='bbox 125 948 202 973; x_wconf 78' lang='lat' dir='ltr'><strong>daea</strong></span> <span class='ocrx_word' id='word_1_116' title='bbox 230 947 300 972; x_wconf 86' lang='lat' dir='ltr'><strong>olim</strong></span> <span class='ocrx_word' id='word_1_117' title='bbox 324 948 408 972; x_wconf 72' lang='lat' dir='ltr'><strong>visus</strong></span> <span class='ocrx_word' id='word_1_118' title='bbox 436 948 467 971; x_wconf 81' lang='lat' dir='ltr'><strong>in</strong></span> <span class='ocrx_word' id='word_1_119' title='bbox 492 953 564 971; x_wconf 84' lang='lat' dir='ltr'><strong>arce</strong></span> <span class='ocrx_word' id='word_1_120' title='bbox 589 947 657 978; x_wconf 74' lang='lat' dir='ltr'><strong>fuit.</strong></span> <span class='ocrx_word' id='word_1_121' title='bbox 679 960 713 965; x_wconf 91' lang='lat'>—</span> <span class='ocrx_word' id='word_1_122' title='bbox 749 947 800 971; x_wconf 82' lang='lat' dir='ltr'><strong>Vs.</strong></span> <span class='ocrx_word' id='word_1_123' title='bbox 821 947 847 972; x_wconf 83' lang='lat'><strong>3.</strong></span> <span class='ocrx_word' id='word_1_124' title='bbox 873 949 936 972; x_wconf 78' lang='lat' dir='ltr'><strong>Stat</strong></span> <span class='ocrx_word' id='word_1_125' title='bbox 955 948 1062 972; x_wconf 85' lang='lat' dir='ltr'><strong>tantum</strong></span> <span class='ocrx_word' id='word_1_126' title='bbox 1080 948 1132 971; x_wconf 87' lang='lat' dir='ltr'><strong>etc.</strong></span> 
     </span>
     <span class='ocr_line' id='line_1_18' title="bbox 125 979 604 1013; baseline 0.002 -7"><span class='ocrx_word' id='word_1_127' title='bbox 125 994 160 1000; x_wconf 84' lang='lat'><strong>-—</strong></span> <span class='ocrx_word' id='word_1_128' title='bbox 178 982 230 1007; x_wconf 88' lang='lat' dir='ltr'><strong>Vs.</strong></span> <span class='ocrx_word' id='word_1_129' title='bbox 252 982 292 1006; x_wconf 84' lang='lat'><strong>13.</strong></span> <span class='ocrx_word' id='word_1_130' title='bbox 314 982 336 1006; x_wconf 92' lang='lat'>0</span> <span class='ocrx_word' id='word_1_131' title='bbox 357 979 422 1013; x_wconf 77' lang='grc' dir='ltr'><strong>λόγε</strong></span> <span class='ocrx_word' id='word_1_132' title='bbox 441 982 531 1006; x_wconf 81' lang='lat' dir='ltr'><strong>Gnate</strong></span> <span class='ocrx_word' id='word_1_133' title='bbox 553 983 604 1007; x_wconf 82' lang='lat' dir='ltr'><strong>etc.</strong></span> 
     </span>
    </p>
   </div>
   <div class='ocr_carea' id='block_1_4' title="bbox 168 1092 282 1123">
    <p class='ocr_par' dir='ltr' id='par_1_4' title="bbox 168 1092 282 1123">
     <span class='ocr_line' id='line_1_19' title="bbox 168 1092 282 1123; baseline -0.009 -1"><span class='ocrx_word' id='word_1_134' title='bbox 168 1094 226 1123; x_wconf 93' lang='lat' dir='ltr'><strong>No.</strong></span> <span class='ocrx_word' id='word_1_135' title='bbox 250 1092 282 1122; x_wconf 88' lang='grc'><strong>4.</strong></span> 
     </span>
    </p>
   </div>
   <div class='ocr_carea' id='block_1_5' title="bbox 135 1133 309 1148">
    <p class='ocr_par' dir='ltr' id='par_1_5' title="bbox 135 1133 309 1148">
     <span class='ocr_line' id='line_1_20' title="bbox 135 1133 309 1148; baseline -0.011 0"><span class='ocrx_word' id='word_1_136' title='bbox 135 1133 309 1148; x_wconf 54' lang='grc' dir='ltr'>Μ</span> 
     </span>
    </p>
   </div>
   <div class='ocr_carea' id='block_1_6' title="bbox 887 1092 1133 1134">
    <p class='ocr_par' dir='ltr' id='par_1_6' title="bbox 887 1092 1133 1134">
     <span class='ocr_line' id='line_1_21' title="bbox 887 1092 1133 1134; baseline 0 -11"><span class='ocrx_word' id='word_1_137' title='bbox 887 1093 918 1126; x_wconf 84' lang='grc'><strong>4.</strong></span> <span class='ocrx_word' id='word_1_138' title='bbox 930 1095 1022 1134; x_wconf 70' lang='lat' dir='ltr'><strong>April.</strong></span> <span class='ocrx_word' id='word_1_139' title='bbox 1038 1092 1133 1124; x_wconf 84' lang='lat'><strong>1560.</strong></span> 
     </span>
    </p>
   </div>
   <div class='ocr_carea' id='block_1_7' title="bbox 396 1136 1122 1232">
    <p class='ocr_par' dir='ltr' id='par_1_7' title="bbox 396 1136 1122 1232">
     <span class='ocr_line' id='line_1_22' title="bbox 911 1136 1122 1152; baseline 0 0"><span class='ocrx_word' id='word_1_140' title='bbox 911 1136 1122 1152; x_wconf 53' lang='grc' dir='ltr'><strong><em>Μ</em></strong></span> 
     </span>
     <span class='ocr_line' id='line_1_23' title="bbox 396 1189 869 1232; baseline 0.006 -11"><span class='ocrx_word' id='word_1_141' title='bbox 396 1189 509 1232; x_wconf 73' lang='lat' dir='ltr'><strong>Reyz·</strong></span> <span class='ocrx_word' id='word_1_142' title='bbox 545 1189 782 1223; x_wconf 69' lang='lat' dir='ltr'><strong>Friderico</strong></span> <span class='ocrx_word' id='word_1_143' title='bbox 819 1191 869 1224; x_wconf 91' lang='grc' dir='ltr'><strong>ΙΙ.</strong></span> 
     </span>
    </p>
   </div>
   <div class='ocr_carea' id='block_1_8' title="bbox 123 1271 1133 1934">
    <p class='ocr_par' dir='ltr' id='par_1_8' title="bbox 199 1271 1133 1645">
     <span class='ocr_line' id='line_1_24' title="bbox 199 1271 1133 1303; baseline -0.001 -6"><span class='ocrx_word' id='word_1_144' title='bbox 199 1272 341 1298; x_wconf 73' lang='lat' dir='ltr'><strong>Praelatio</strong></span> <span class='ocrx_word' id='word_1_145' title='bbox 361 1271 389 1297; x_wconf 88' lang='lat' dir='ltr'><strong>in</strong></span> <span class='ocrx_word' id='word_1_146' title='bbox 408 1272 509 1297; x_wconf 84' lang='lat' dir='ltr'><strong>librum</strong></span> <span class='ocrx_word' id='word_1_147' title='bbox 528 1272 569 1297; x_wconf 85' lang='lat' dir='ltr'><strong>sio</strong></span> <span class='ocrx_word' id='word_1_148' title='bbox 586 1272 767 1303; x_wconf 81' lang='lat' dir='ltr'><strong>inscriptum:</strong></span> <span class='ocrx_word' id='word_1_149' title='bbox 789 1273 819 1299; x_wconf 86' lang='lat' dir='ltr'><strong>C.</strong></span> <span class='ocrx_word' id='word_1_150' title='bbox 835 1273 958 1300; x_wconf 79' lang='lat' dir='ltr'><strong>Erasmi</strong></span> <span class='ocrx_word' id='word_1_151' title='bbox 977 1272 1133 1297; x_wconf 70' lang='lat' dir='ltr'><strong>michaelii</strong></span> 
     </span>
     <span class='ocr_line' id='line_1_25' title="bbox 230 1308 1133 1340; baseline -0.002 -6"><span class='ocrx_word' id='word_1_152' title='bbox 230 1309 321 1334; x_wconf 78' lang='lat' dir='ltr'><strong>Laeti</strong></span> <span class='ocrx_word' id='word_1_153' title='bbox 346 1308 508 1338; x_wconf 76' lang='lat' dir='ltr'><strong>Bucolica,</strong></span> <span class='ocrx_word' id='word_1_154' title='bbox 542 1308 614 1333; x_wconf 78' lang='lat' dir='ltr'><strong>oum</strong></span> <span class='ocrx_word' id='word_1_155' title='bbox 640 1309 827 1334; x_wconf 79' lang='lat' dir='ltr'><strong>dedicatoria</strong></span> <span class='ocrx_word' id='word_1_156' title='bbox 860 1308 990 1340; x_wconf 72' lang='lat' dir='ltr'><strong>Philippi</strong></span> <span class='ocrx_word' id='word_1_157' title='bbox 1015 1308 1133 1332; x_wconf 83' lang='lat' dir='ltr'><strong>Melan-</strong></span> 
     </span>
     <span class='ocr_line' id='line_1_26' title="bbox 229 1343 1133 1376; baseline -0.004 -7"><span class='ocrx_word' id='word_1_158' title='bbox 229 1343 331 1370; x_wconf 76' lang='lat' dir='ltr'><strong>thom&#39;s</strong></span> <span class='ocrx_word' id='word_1_159' title='bbox 355 1343 556 1375; x_wconf 78' lang='lat' dir='ltr'><strong>Praefatione.</strong></span> <span class='ocrx_word' id='word_1_160' title='bbox 604 1343 790 1376; x_wconf 65' lang='lat' dir='ltr'><strong>Witeberqae</strong></span> <span class='ocrx_word' id='word_1_161' title='bbox 814 1344 898 1369; x_wconf 84' lang='lat' dir='ltr'><strong>Anno</strong></span> <span class='ocrx_word' id='word_1_162' title='bbox 923 1343 1000 1368; x_wconf 78' lang='lat'><strong>1560.</strong></span> <span class='ocrx_word' id='word_1_163' title='bbox 1020 1355 1053 1360; x_wconf 89' lang='lat'>—</span> <span class='ocrx_word' id='word_1_164' title='bbox 1086 1343 1133 1371; x_wconf 84' lang='lat' dir='ltr'><strong>(lu</strong></span> 
     </span>
     <span class='ocr_line' id='line_1_27' title="bbox 228 1376 1133 1410; baseline -0.002 -7"><span class='ocrx_word' id='word_1_165' title='bbox 228 1376 316 1409; x_wconf 80' lang='lat' dir='ltr'><strong>fine:)</strong></span> <span class='ocrx_word' id='word_1_166' title='bbox 339 1378 525 1410; x_wconf 71' lang='lat' dir='ltr'><strong>Witeberyae</strong></span> <span class='ocrx_word' id='word_1_167' title='bbox 543 1378 724 1403; x_wconf 70' lang='lat' dir='ltr'><strong>excutiebant</strong></span> <span class='ocrx_word' id='word_1_168' title='bbox 742 1379 884 1404; x_wconf 80' lang='lat' dir='ltr'><strong>haeredes</strong></span> <span class='ocrx_word' id='word_1_169' title='bbox 901 1378 1022 1409; x_wconf 74' lang='lat' dir='ltr'><strong>Georyii</strong></span> <span class='ocrx_word' id='word_1_170' title='bbox 1038 1378 1133 1403; x_wconf 78' lang='lat' dir='ltr'><strong>Rhaw</strong></span> 
     </span>
     <span class='ocr_line' id='line_1_28' title="bbox 229 1411 1129 1444; baseline -0.003 -6"><span class='ocrx_word' id='word_1_171' title='bbox 229 1415 255 1440; x_wconf 81' lang='lat'><strong>4.</strong></span> <span class='ocrx_word' id='word_1_172' title='bbox 282 1413 330 1438; x_wconf 76' lang='lat' dir='ltr'><strong>die</strong></span> <span class='ocrx_word' id='word_1_173' title='bbox 347 1413 478 1444; x_wconf 73' lang='lat' dir='ltr'><strong>Aprilis,</strong></span> <span class='ocrx_word' id='word_1_174' title='bbox 498 1413 573 1436; x_wconf 79' lang='lat'><strong>156⁰.</strong></span> <span class='ocrx_word' id='word_1_175' title='bbox 609 1411 659 1443; x_wconf 48' lang='lat' dir='ltr'><strong><em>9¹ss2</em></strong></span> <span class='ocrx_word' id='word_1_176' title='bbox 678 1414 771 1444; x_wconf 68' lang='lat' dir='ltr'><strong>plagg.</strong></span> <span class='ocrx_word' id='word_1_177' title='bbox 795 1413 816 1443; x_wconf 83' lang='lat'><strong>†</strong></span> <span class='ocrx_word' id='word_1_178' title='bbox 831 1415 859 1437; x_wconf 86' lang='lat' dir='ltr'><strong>et</strong></span> <span class='ocrx_word' id='word_1_179' title='bbox 877 1413 930 1438; x_wconf 85' lang='lat' dir='ltr'><strong>litt.</strong></span> <span class='ocrx_word' id='word_1_180' title='bbox 945 1413 1030 1436; x_wconf 83' lang='lat' dir='ltr'><strong>A—1</strong></span> <span class='ocrx_word' id='word_1_181' title='bbox 1050 1411 1087 1444; x_wconf 58' lang='grc' dir='ltr'><strong>(ἥ-</strong></span> <span class='ocrx_word' id='word_1_182' title='bbox 1103 1413 1129 1435; x_wconf 87' lang='lat' dir='ltr'><strong>et</strong></span> 
     </span>
     <span class='ocr_line' id='line_1_29' title="bbox 230 1445 1131 1479; baseline -0.002 -7"><span class='ocrx_word' id='word_1_183' title='bbox 230 1449 243 1472; x_wconf 90' lang='lat'>1</span> <span class='ocrx_word' id='word_1_184' title='bbox 257 1447 288 1478; x_wconf 53' lang='grc' dir='ltr'>Ἃ</span> <span class='ocrx_word' id='word_1_185' title='bbox 303 1448 357 1478; x_wconf 80' lang='lat' dir='ltr'><strong>pL,</strong></span> <span class='ocrx_word' id='word_1_186' title='bbox 377 1447 394 1471; x_wconf 88' lang='grc'>6</span> <span class='ocrx_word' id='word_1_187' title='bbox 412 1445 488 1474; x_wconf 76' lang='lat' dir='ltr'><strong>fou.)</strong></span> <span class='ocrx_word' id='word_1_188' title='bbox 509 1447 601 1478; x_wconf 53' lang='lat' dir='ltr'><strong>sign„</strong></span> <span class='ocrx_word' id='word_1_189' title='bbox 621 1446 655 1471; x_wconf 78' lang='lat'><strong>76</strong></span> <span class='ocrx_word' id='word_1_190' title='bbox 674 1447 734 1473; x_wconf 85' lang='lat' dir='ltr'><strong>foll.</strong></span> <span class='ocrx_word' id='word_1_191' title='bbox 754 1454 810 1472; x_wconf 88' lang='lat' dir='ltr'><strong>non</strong></span> <span class='ocrx_word' id='word_1_192' title='bbox 829 1455 914 1479; x_wconf 64' lang='lat' dir='ltr'><strong>num„</strong></span> <span class='ocrx_word' id='word_1_193' title='bbox 932 1448 959 1472; x_wconf 86' lang='grc'><strong>8.</strong></span> <span class='ocrx_word' id='word_1_194' title='bbox 979 1447 1044 1472; x_wconf 90' lang='lat' dir='ltr'><strong>min.</strong></span> <span class='ocrx_word' id='word_1_195' title='bbox 1066 1447 1131 1476; x_wconf 80' lang='lat' dir='ltr'><strong>(fol.</strong></span> 
     </span>
     <span class='ocr_line' id='line_1_30' title="bbox 228 1480 1132 1515; baseline -0.001 -9"><span class='ocrx_word' id='word_1_196' title='bbox 228 1481 252 1515; x_wconf 63' lang='grc' dir='ltr'><strong>’ζ-</strong></span> <span class='ocrx_word' id='word_1_197' title='bbox 272 1480 394 1506; x_wconf 61' lang='grc'><strong>28-61)</strong></span> <span class='ocrx_word' id='word_1_198' title='bbox 415 1481 602 1506; x_wconf 80' lang='lat' dir='ltr'><strong>Melanthonis</strong></span> <span class='ocrx_word' id='word_1_199' title='bbox 622 1481 702 1511; x_wconf 82' lang='lat' dir='ltr'><strong>epist.</strong></span> <span class='ocrx_word' id='word_1_200' title='bbox 723 1483 897 1507; x_wconf 86' lang='lat' dir='ltr'><strong>dedicatoria</strong></span> <span class='ocrx_word' id='word_1_201' title='bbox 920 1483 956 1507; x_wconf 84' lang='lat' dir='ltr'><strong>ad</strong></span> <span class='ocrx_word' id='word_1_202' title='bbox 974 1482 1132 1512; x_wconf 82' lang='lat' dir='ltr'><strong>Principem</strong></span> 
     </span>
     <span class='ocr_line' id='line_1_31' title="bbox 228 1515 1131 1548; baseline -0.001 -7"><span class='ocrx_word' id='word_1_203' title='bbox 228 1516 403 1542; x_wconf 86' lang='lat' dir='ltr'><strong>Fridericum</strong></span> <span class='ocrx_word' id='word_1_204' title='bbox 422 1517 453 1540; x_wconf 89' lang='lat'><strong>11.</strong></span> <span class='ocrx_word' id='word_1_205' title='bbox 471 1516 613 1540; x_wconf 87' lang='lat' dir='ltr'><strong>Danorum</strong></span> <span class='ocrx_word' id='word_1_206' title='bbox 631 1515 737 1547; x_wconf 80' lang='lat' dir='ltr'><strong>Regem</strong></span> <span class='ocrx_word' id='word_1_207' title='bbox 758 1518 785 1542; x_wconf 85' lang='lat' dir='ltr'><strong>d.</strong></span> <span class='ocrx_word' id='word_1_208' title='bbox 804 1519 829 1541; x_wconf 78' lang='lat'><strong>4.</strong></span> <span class='ocrx_word' id='word_1_209' title='bbox 848 1517 937 1548; x_wconf 79' lang='lat' dir='ltr'><strong>April.</strong></span> <span class='ocrx_word' id='word_1_210' title='bbox 958 1518 1036 1541; x_wconf 84' lang='lat'><strong>1560.</strong></span> <span class='ocrx_word' id='word_1_211' title='bbox 1055 1517 1131 1547; x_wconf 78' lang='lat' dir='ltr'><strong>data3</strong></span> 
     </span>
     <span class='ocr_line' id='line_1_32' title="bbox 228 1550 1132 1582; baseline 0 -7"><span class='ocrx_word' id='word_1_212' title='bbox 228 1552 277 1575; x_wconf 76' lang='lat' dir='ltr'><strong>fol.</strong></span> <span class='ocrx_word' id='word_1_213' title='bbox 305 1552 329 1574; x_wconf 87' lang='grc' dir='ltr'>Α</span> <span class='ocrx_word' id='word_1_214' title='bbox 351 1551 448 1574; x_wconf 73' lang='lat'><strong>1³—1</strong></span> <span class='ocrx_word' id='word_1_215' title='bbox 464 1550 499 1574; x_wconf 75' lang='lat'><strong>51³</strong></span> <span class='ocrx_word' id='word_1_216' title='bbox 527 1551 557 1575; x_wconf 89' lang='lat' dir='ltr'><strong>C.</strong></span> <span class='ocrx_word' id='word_1_217' title='bbox 588 1551 701 1575; x_wconf 83' lang='lat' dir='ltr'><strong>Erasmi</strong></span> <span class='ocrx_word' id='word_1_218' title='bbox 733 1552 871 1576; x_wconf 78' lang='lat' dir='ltr'><strong>Michaetii</strong></span> <span class='ocrx_word' id='word_1_219' title='bbox 903 1552 983 1577; x_wconf 83' lang='lat' dir='ltr'><strong>Laeti</strong></span> <span class='ocrx_word' id='word_1_220' title='bbox 1009 1552 1132 1582; x_wconf 78' lang='lat' dir='ltr'><strong>Eclogae</strong></span> 
     </span>
     <span class='ocr_line' id='line_1_33' title="bbox 227 1585 1131 1616; baseline 0 -7"><span class='ocrx_word' id='word_1_221' title='bbox 227 1585 309 1616; x_wconf 86' lang='lat' dir='ltr'><strong>V11.;</strong></span> <span class='ocrx_word' id='word_1_222' title='bbox 337 1585 384 1609; x_wconf 79' lang='lat' dir='ltr'><strong>fol.</strong></span> <span class='ocrx_word' id='word_1_223' title='bbox 404 1585 460 1608; x_wconf 78' lang='lat'><strong>162</strong></span> <span class='ocrx_word' id='word_1_224' title='bbox 480 1586 579 1614; x_wconf 82' lang='lat' dir='ltr'><strong>vacat;</strong></span> <span class='ocrx_word' id='word_1_225' title='bbox 600 1586 649 1609; x_wconf 79' lang='lat' dir='ltr'><strong>fol.</strong></span> <span class='ocrx_word' id='word_1_226' title='bbox 668 1585 725 1610; x_wconf 72' lang='lat'><strong>161³</strong></span> <span class='ocrx_word' id='word_1_227' title='bbox 746 1587 916 1615; x_wconf 58' lang='lat' dir='ltr'><strong>Clausum).</strong></span> <span class='ocrx_word' id='word_1_228' title='bbox 938 1599 972 1604; x_wconf 81' lang='lat'><strong>—-</strong></span> <span class='ocrx_word' id='word_1_229' title='bbox 992 1586 1042 1611; x_wconf 82' lang='lat' dir='ltr'><strong>Hic</strong></span> <span class='ocrx_word' id='word_1_230' title='bbox 1060 1587 1131 1610; x_wconf 85' lang='lat' dir='ltr'><strong>liber</strong></span> 
     </span>
     <span class='ocr_line' id='line_1_34' title="bbox 230 1619 599 1645; baseline -0.005 -1"><span class='ocrx_word' id='word_1_231' title='bbox 230 1621 257 1644; x_wconf 87' lang='lat' dir='ltr'><strong>in</strong></span> <span class='ocrx_word' id='word_1_232' title='bbox 277 1625 339 1644; x_wconf 88' lang='lat' dir='ltr'><strong>mea.</strong></span> <span class='ocrx_word' id='word_1_233' title='bbox 357 1619 527 1644; x_wconf 81' lang='lat' dir='ltr'><strong>Bibliotheca</strong></span> <span class='ocrx_word' id='word_1_234' title='bbox 547 1621 599 1645; x_wconf 81' lang='lat' dir='ltr'><strong>est,</strong></span> 
     </span>
    </p>

    <p class='ocr_par' dir='ltr' id='par_1_9' title="bbox 123 1682 1129 1777">
     <span class='ocr_line' id='line_1_35' title="bbox 123 1682 1129 1723; baseline -0.003 -5"><span class='ocrx_word' id='word_1_235' title='bbox 123 1684 353 1718; x_wconf 76' lang='lat' dir='ltr'><strong>serenissimo</strong></span> <span class='ocrx_word' id='word_1_236' title='bbox 403 1682 561 1723; x_wconf 69' lang='lat' dir='ltr'><strong>Principz·</strong></span> <span class='ocrx_word' id='word_1_237' title='bbox 607 1693 646 1714; x_wconf 80' lang='lat' dir='ltr'><strong>ac</strong></span> <span class='ocrx_word' id='word_1_238' title='bbox 689 1683 927 1716; x_wconf 71' lang='lat' dir='ltr'><strong>Potentissimo</strong></span> <span class='ocrx_word' id='word_1_239' title='bbox 970 1683 1129 1722; x_wconf 73' lang='lat' dir='ltr'><strong>Domino,</strong></span> 
     </span>
     <span class='ocr_line' id='line_1_36' title="bbox 175 1734 1077 1777; baseline -0.003 -8"><span class='ocrx_word' id='word_1_240' title='bbox 175 1737 222 1769; x_wconf 88' lang='lat' dir='ltr'><strong>D.</strong></span> <span class='ocrx_word' id='word_1_241' title='bbox 250 1734 424 1768; x_wconf 69' lang='lat' dir='ltr'><strong>Friderico</strong></span> <span class='ocrx_word' id='word_1_242' title='bbox 452 1734 520 1773; x_wconf 79' lang='lat' dir='ltr'><strong>IL,</strong></span> <span class='ocrx_word' id='word_1_243' title='bbox 564 1734 744 1767; x_wconf 75' lang='lat' dir='ltr'><strong>Danorum</strong></span> <span class='ocrx_word' id='word_1_244' title='bbox 781 1735 1077 1777; x_wconf 71' lang='lat' dir='ltr'><strong>Nortvayicorum,</strong></span> 
     </span>
    </p>

    <p class='ocr_par' dir='ltr' id='par_1_10' title="bbox 125 1786 1127 1830">
     <span class='ocr_line' id='line_1_37' title="bbox 125 1786 1127 1830; baseline -0.003 -8"><span class='ocrx_word' id='word_1_245' title='bbox 125 1789 304 1823; x_wconf 62' lang='lat' dir='ltr'><strong>Gestorum</strong></span> <span class='ocrx_word' id='word_1_246' title='bbox 336 1786 631 1830; x_wconf 71' lang='lat' dir='ltr'><strong>Vcendalorumque</strong></span> <span class='ocrx_word' id='word_1_247' title='bbox 655 1786 761 1828; x_wconf 65' lang='grc' dir='ltr'><em>Περὶ,</em></span> <span class='ocrx_word' id='word_1_248' title='bbox 790 1787 882 1819; x_wconf 83' lang='grc' dir='ltr'><strong>Βιιεὶ</strong></span> <span class='ocrx_word' id='word_1_249' title='bbox 908 1786 1127 1826; x_wconf 70' lang='lat' dir='ltr'><strong>Sksvz‘censi,</strong></span> 
     </span>
    </p>

    <p class='ocr_par' dir='ltr' id='par_1_11' title="bbox 123 1827 1129 1934">
     <span class='ocr_line' id='line_1_38' title="bbox 123 1827 1129 1879; baseline -0.003 -6"><span class='ocrx_word' id='word_1_250' title='bbox 123 1840 319 1879; x_wconf 73' lang='lat' dir='ltr'><strong>Holsatiae,</strong></span> <span class='ocrx_word' id='word_1_251' title='bbox 355 1839 574 1872; x_wconf 66' lang='lat' dir='ltr'><strong>Sim-mariue</strong></span> <span class='ocrx_word' id='word_1_252' title='bbox 600 1849 640 1870; x_wconf 76' lang='lat' dir='ltr'><strong>ac</strong></span> <span class='ocrx_word' id='word_1_253' title='bbox 668 1839 900 1877; x_wconf 64' lang='lat' dir='ltr'><strong>Dimum-siae,</strong></span> <span class='ocrx_word' id='word_1_254' title='bbox 941 1839 1064 1872; x_wconf 65' lang='lat' dir='ltr'><strong>Gomz&#39;tt’</strong></span> <span class='ocrx_word' id='word_1_255' title='bbox 1084 1827 1129 1871; x_wconf 66' lang='lat' dir='ltr'><strong>&#39;in</strong></span> 
     </span>
     <span class='ocr_line' id='line_1_39' title="bbox 211 1890 1054 1934; baseline -0.004 -9"><span class='ocrx_word' id='word_1_256' title='bbox 211 1891 399 1934; x_wconf 74' lang='lat' dir='ltr'><strong>Oldenborq</strong></span> <span class='ocrx_word' id='word_1_257' title='bbox 436 1902 457 1923; x_wconf 87' lang='grc' dir='ltr'><em>α</em></span> <span class='ocrx_word' id='word_1_258' title='bbox 493 1890 770 1929; x_wconf 71' lang='lat' dir='ltr'><strong>Deelmenhorst,</strong></span> <span class='ocrx_word' id='word_1_259' title='bbox 811 1891 959 1923; x_wconf 72' lang='lat' dir='ltr'><strong>Domino</strong></span> <span class='ocrx_word' id='word_1_260' title='bbox 995 1902 1054 1923; x_wconf 76' lang='lat' dir='ltr'><strong>suo</strong></span> 
     </span>
    </p>
   </div>
   <div class='ocr_carea' id='block_1_9' title="bbox 425 1942 833 1977">
    <p class='ocr_par' dir='ltr' id='par_1_12' title="bbox 425 1942 833 1977">
     <span class='ocr_line' id='line_1_40' title="bbox 425 1942 833 1977; baseline -0.007 0"><span class='ocrx_word' id='word_1_261' title='bbox 425 1942 691 1977; x_wconf 71' lang='lat' dir='ltr'><strong>clementissimo</strong></span> <span class='ocrx_word' id='word_1_262' title='bbox 717 1943 757 1976; x_wconf 89' lang='lat' dir='ltr'><strong>S.</strong></span> <span class='ocrx_word' id='word_1_263' title='bbox 785 1943 833 1974; x_wconf 91' lang='lat' dir='ltr'><strong>D.</strong></span> 
     </span>
    </p>
   </div>
   <div class='ocr_carea' id='block_1_10' title="bbox 121 2017 1130 2785">
    <p class='ocr_par' dir='ltr' id='par_1_13' title="bbox 121 2017 1130 2785">
     <span class='ocr_line' id='line_1_41' title="bbox 228 2017 1129 2064; baseline -0.001 -11"><span class='ocrx_word' id='word_1_264' title='bbox 228 2018 446 2054; x_wconf 79' lang='lat' dir='ltr'><strong>Dulcissima</strong></span> <span class='ocrx_word' id='word_1_265' title='bbox 464 2025 498 2052; x_wconf 91' lang='lat' dir='ltr'><strong>et</strong></span> <span class='ocrx_word' id='word_1_266' title='bbox 517 2018 718 2053; x_wconf 80' lang='lat' dir='ltr'><strong>necessaria</strong></span> <span class='ocrx_word' id='word_1_267' title='bbox 743 2017 942 2052; x_wconf 89' lang='lat' dir='ltr'><strong>consolatio</strong></span> <span class='ocrx_word' id='word_1_268' title='bbox 967 2018 1129 2064; x_wconf 85' lang='lat' dir='ltr'><strong>quotidie</strong></span> 
     </span>
     <span class='ocr_line' id='line_1_42' title="bbox 123 2069 1129 2118; baseline -0.002 -12"><span class='ocrx_word' id='word_1_269' title='bbox 123 2072 162 2106; x_wconf 90' lang='lat' dir='ltr'><strong>in</strong></span> <span class='ocrx_word' id='word_1_270' title='bbox 179 2071 353 2118; x_wconf 92' lang='lat' dir='ltr'><strong>Symbolo</strong></span> <span class='ocrx_word' id='word_1_271' title='bbox 376 2071 568 2116; x_wconf 88' lang='lat' dir='ltr'><strong>repetitur:</strong></span> <span class='ocrx_word' id='word_1_272' title='bbox 599 2070 717 2105; x_wconf 90' lang='lat' dir='ltr'><strong>Credo</strong></span> <span class='ocrx_word' id='word_1_273' title='bbox 743 2082 817 2104; x_wconf 89' lang='lat' dir='ltr'><strong>esse</strong></span> <span class='ocrx_word' id='word_1_274' title='bbox 834 2076 993 2104; x_wconf 84' lang='lat' dir='ltr'><strong>sanctam</strong></span> <span class='ocrx_word' id='word_1_275' title='bbox 1010 2069 1129 2104; x_wconf 90' lang='lat' dir='ltr'><strong>Eccle-</strong></span> 
     </span>
     <span class='ocr_line' id='line_1_43' title="bbox 122 2121 1129 2169; baseline -0.003 -10"><span class='ocrx_word' id='word_1_276' title='bbox 122 2125 214 2160; x_wconf 85' lang='lat' dir='ltr'><strong>siam</strong></span> <span class='ocrx_word' id='word_1_277' title='bbox 240 2121 487 2164; x_wconf 88' lang='lat' dir='ltr'><strong>Catholicam‚</strong></span> <span class='ocrx_word' id='word_1_278' title='bbox 530 2135 623 2169; x_wconf 88' lang='lat' dir='ltr'><strong>quae</strong></span> <span class='ocrx_word' id='word_1_279' title='bbox 655 2135 760 2168; x_wconf 93' lang='lat' dir='ltr'><strong>saepe</strong></span> <span class='ocrx_word' id='word_1_280' title='bbox 784 2122 1011 2169; x_wconf 89' lang='lat' dir='ltr'><strong>multumque</strong></span> <span class='ocrx_word' id='word_1_281' title='bbox 1035 2123 1129 2168; x_wconf 91' lang='lat' dir='ltr'><strong>cogi-</strong></span> 
     </span>
     <span class='ocr_line' id='line_1_44' title="bbox 122 2174 1129 2220; baseline -0.003 -9"><span class='ocrx_word' id='word_1_282' title='bbox 122 2177 234 2211; x_wconf 88' lang='lat' dir='ltr'><strong>tanda</strong></span> <span class='ocrx_word' id='word_1_283' title='bbox 258 2182 330 2216; x_wconf 88' lang='lat' dir='ltr'><strong>est,</strong></span> <span class='ocrx_word' id='word_1_284' title='bbox 368 2181 403 2208; x_wconf 91' lang='lat' dir='ltr'><strong>et</strong></span> <span class='ocrx_word' id='word_1_285' title='bbox 433 2176 651 2220; x_wconf 86' lang='lat' dir='ltr'><strong>opponenda</strong></span> <span class='ocrx_word' id='word_1_286' title='bbox 685 2174 957 2209; x_wconf 85' lang='lat' dir='ltr'><strong>confusionibus</strong></span> <span class='ocrx_word' id='word_1_287' title='bbox 990 2175 1129 2219; x_wconf 87' lang='lat' dir='ltr'><strong>generis</strong></span> 
     </span>
     <span class='ocr_line' id='line_1_45' title="bbox 121 2226 1130 2273; baseline -0.003 -10"><span class='ocrx_word' id='word_1_288' title='bbox 121 2226 292 2269; x_wconf 89' lang='lat' dir='ltr'><strong>humani,</strong></span> <span class='ocrx_word' id='word_1_289' title='bbox 328 2233 478 2273; x_wconf 89' lang='lat' dir='ltr'><strong>propter</strong></span> <span class='ocrx_word' id='word_1_290' title='bbox 504 2239 592 2273; x_wconf 86' lang='lat' dir='ltr'><strong>quas</strong></span> <span class='ocrx_word' id='word_1_291' title='bbox 617 2229 745 2261; x_wconf 80' lang='lat' dir='ltr'><strong>anxiae</strong></span> <span class='ocrx_word' id='word_1_292' title='bbox 774 2234 911 2261; x_wconf 86' lang='lat' dir='ltr'><strong>mentes</strong></span> <span class='ocrx_word' id='word_1_293' title='bbox 938 2235 1130 2273; x_wconf 89' lang='lat' dir='ltr'><strong>quaerunt,</strong></span> 
     </span>
     <span class='ocr_line' id='line_1_46' title="bbox 123 2277 1127 2327; baseline -0.002 -12"><span class='ocrx_word' id='word_1_294' title='bbox 123 2293 217 2327; x_wconf 88' lang='lat' dir='ltr'><strong>quae</strong></span> <span class='ocrx_word' id='word_1_295' title='bbox 236 2292 318 2326; x_wconf 87' lang='lat' dir='ltr'><strong>pars</strong></span> <span class='ocrx_word' id='word_1_296' title='bbox 334 2279 475 2325; x_wconf 90' lang='lat' dir='ltr'><strong>generis</strong></span> <span class='ocrx_word' id='word_1_297' title='bbox 491 2277 642 2313; x_wconf 88' lang='lat' dir='ltr'><strong>humani</strong></span> <span class='ocrx_word' id='word_1_298' title='bbox 660 2279 738 2314; x_wconf 90' lang='lat' dir='ltr'><strong>Deo</strong></span> <span class='ocrx_word' id='word_1_299' title='bbox 757 2280 908 2324; x_wconf 86' lang='lat' dir='ltr'><strong>placeat.</strong></span> <span class='ocrx_word' id='word_1_300' title='bbox 945 2279 1014 2313; x_wconf 89' lang='lat' dir='ltr'><strong>Sed</strong></span> <span class='ocrx_word' id='word_1_301' title='bbox 1030 2286 1127 2313; x_wconf 85' lang='lat' dir='ltr'><strong>certo</strong></span> 
     </span>
     <span class='ocr_line' id='line_1_47' title="bbox 122 2331 1129 2378; baseline 0 -11"><span class='ocrx_word' id='word_1_302' title='bbox 122 2339 342 2374; x_wconf 80' lang='lat' dir='ltr'><strong>statuamus,</strong></span> <span class='ocrx_word' id='word_1_303' title='bbox 367 2343 599 2378; x_wconf 88' lang='lat' dir='ltr'><strong>nequaquam</strong></span> <span class='ocrx_word' id='word_1_304' title='bbox 626 2331 753 2366; x_wconf 86' lang='lat' dir='ltr'><strong>dubias</strong></span> <span class='ocrx_word' id='word_1_305' title='bbox 778 2344 851 2366; x_wconf 88' lang='lat' dir='ltr'><strong>esse</strong></span> <span class='ocrx_word' id='word_1_306' title='bbox 870 2331 1129 2377; x_wconf 90' lang='lat' dir='ltr'><strong>patefactiones</strong></span> 
     </span>
     <span class='ocr_line' id='line_1_48' title="bbox 121 2381 1128 2431; baseline -0.001 -11"><span class='ocrx_word' id='word_1_307' title='bbox 121 2385 283 2427; x_wconf 80' lang='lat' dir='ltr'><strong>divinas,</strong></span> <span class='ocrx_word' id='word_1_308' title='bbox 303 2396 396 2431; x_wconf 89' lang='lat' dir='ltr'><strong>quae</strong></span> <span class='ocrx_word' id='word_1_309' title='bbox 414 2390 592 2418; x_wconf 79' lang='lat' dir='ltr'><strong>testantur</strong></span> <span class='ocrx_word' id='word_1_310' title='bbox 607 2396 719 2429; x_wconf 90' lang='lat' dir='ltr'><strong>genus</strong></span> <span class='ocrx_word' id='word_1_311' title='bbox 735 2381 935 2419; x_wconf 88' lang='lat' dir='ltr'><strong>humanum</strong></span> <span class='ocrx_word' id='word_1_312' title='bbox 954 2396 1029 2418; x_wconf 88' lang='lat' dir='ltr'><strong>non</strong></span> <span class='ocrx_word' id='word_1_313' title='bbox 1045 2397 1128 2419; x_wconf 89' lang='lat' dir='ltr'><strong>casu</strong></span> 
     </span>
     <span class='ocr_line' id='line_1_49' title="bbox 122 2436 1129 2478; baseline -0.001 -6"><span class='ocrx_word' id='word_1_314' title='bbox 122 2449 165 2472; x_wconf 85' lang='lat' dir='ltr'><strong>ex</strong></span> <span class='ocrx_word' id='word_1_315' title='bbox 190 2436 393 2471; x_wconf 89' lang='lat' dir='ltr'><strong>Democriti</strong></span> <span class='ocrx_word' id='word_1_316' title='bbox 413 2436 544 2470; x_wconf 87' lang='lat' dir='ltr'><strong>atomis</strong></span> <span class='ocrx_word' id='word_1_317' title='bbox 566 2436 796 2478; x_wconf 84' lang='lat' dir='ltr'><strong>confluxisse,</strong></span> <span class='ocrx_word' id='word_1_318' title='bbox 823 2449 889 2471; x_wconf 89' lang='lat' dir='ltr'><strong>nec</strong></span> <span class='ocrx_word' id='word_1_319' title='bbox 916 2443 1057 2470; x_wconf 86' lang='lat' dir='ltr'><strong>tantum</strong></span> <span class='ocrx_word' id='word_1_320' title='bbox 1082 2437 1129 2471; x_wconf 90' lang='lat' dir='ltr'><strong>ad</strong></span> 
     </span>
     <span class='ocr_line' id='line_1_50' title="bbox 122 2489 1128 2529; baseline -0.002 -5"><span class='ocrx_word' id='word_1_321' title='bbox 122 2489 286 2525; x_wconf 88' lang='lat' dir='ltr'><strong>miserias</strong></span> <span class='ocrx_word' id='word_1_322' title='bbox 302 2489 420 2529; x_wconf 83' lang='lat' dir='ltr'><strong>nasci,</strong></span> <span class='ocrx_word' id='word_1_323' title='bbox 448 2490 509 2523; x_wconf 86' lang='lat' dir='ltr'><strong>sed</strong></span> <span class='ocrx_word' id='word_1_324' title='bbox 540 2501 613 2523; x_wconf 88' lang='lat' dir='ltr'><strong>esse</strong></span> <span class='ocrx_word' id='word_1_325' title='bbox 635 2495 775 2522; x_wconf 91' lang='lat' dir='ltr'><strong>coetum</strong></span> <span class='ocrx_word' id='word_1_326' title='bbox 799 2489 1007 2524; x_wconf 88' lang='lat' dir='ltr'><strong>distinctum</strong></span> <span class='ocrx_word' id='word_1_327' title='bbox 1035 2501 1053 2522; x_wconf 89' lang='lat' dir='ltr'><strong>a</strong></span> <span class='ocrx_word' id='word_1_328' title='bbox 1074 2501 1128 2523; x_wconf 90' lang='lat' dir='ltr'><strong>re-</strong></span> 
     </span>
     <span class='ocr_line' id='line_1_51' title="bbox 122 2539 1128 2589; baseline 0 -13"><span class='ocrx_word' id='word_1_329' title='bbox 122 2542 223 2589; x_wconf 89' lang='lat' dir='ltr'><strong>liqua</strong></span> <span class='ocrx_word' id='word_1_330' title='bbox 239 2541 470 2576; x_wconf 86' lang='lat' dir='ltr'><strong>multitudine</strong></span> <span class='ocrx_word' id='word_1_331' title='bbox 488 2539 679 2575; x_wconf 89' lang='lat' dir='ltr'><strong>hominum</strong></span> <span class='ocrx_word' id='word_1_332' title='bbox 692 2568 701 2582; x_wconf 87' lang='lat'>‚</span> <span class='ocrx_word' id='word_1_333' title='bbox 717 2541 754 2574; x_wconf 92' lang='lat' dir='ltr'><strong>in</strong></span> <span class='ocrx_word' id='word_1_334' title='bbox 773 2554 843 2587; x_wconf 90' lang='lat' dir='ltr'><strong>quo</strong></span> <span class='ocrx_word' id='word_1_335' title='bbox 863 2541 1011 2586; x_wconf 83' lang='lat' dir='ltr'><strong>fulgebit</strong></span> <span class='ocrx_word' id='word_1_336' title='bbox 1031 2541 1128 2576; x_wconf 89' lang='lat' dir='ltr'><strong>Deus</strong></span> 
     </span>
     <span class='ocr_line' id='line_1_52' title="bbox 122 2593 1128 2634; baseline 0 -6"><span class='ocrx_word' id='word_1_337' title='bbox 122 2593 312 2628; x_wconf 84' lang='lat' dir='ltr'><strong>manifesta</strong></span> <span class='ocrx_word' id='word_1_338' title='bbox 330 2594 408 2628; x_wconf 78' lang='lat' dir='ltr'><strong>luce</strong></span> <span class='ocrx_word' id='word_1_339' title='bbox 428 2594 465 2626; x_wconf 93' lang='lat' dir='ltr'><strong>in</strong></span> <span class='ocrx_word' id='word_1_340' title='bbox 481 2599 554 2626; x_wconf 88' lang='lat' dir='ltr'><strong>tota</strong></span> <span class='ocrx_word' id='word_1_341' title='bbox 575 2593 785 2626; x_wconf 78' lang='lat' dir='ltr'><strong>aeternitate</strong></span> <span class='ocrx_word' id='word_1_342' title='bbox 798 2620 807 2634; x_wconf 88' lang='lat'><strong>,</strong></span> <span class='ocrx_word' id='word_1_343' title='bbox 836 2600 870 2627; x_wconf 89' lang='lat' dir='ltr'><strong>ct</strong></span> <span class='ocrx_word' id='word_1_344' title='bbox 893 2594 949 2628; x_wconf 90' lang='lat' dir='ltr'><strong>cui</strong></span> <span class='ocrx_word' id='word_1_345' title='bbox 967 2606 1128 2628; x_wconf 88' lang='lat' dir='ltr'><strong>commu-</strong></span> 
     </span>
     <span class='ocr_line' id='line_1_53' title="bbox 123 2645 1126 2691; baseline 0.001 -12"><span class='ocrx_word' id='word_1_346' title='bbox 123 2646 259 2679; x_wconf 83' lang='lat' dir='ltr'><strong>nicabit</strong></span> <span class='ocrx_word' id='word_1_347' title='bbox 290 2659 390 2680; x_wconf 90' lang='lat' dir='ltr'><strong>suam</strong></span> <span class='ocrx_word' id='word_1_348' title='bbox 427 2645 639 2691; x_wconf 80' lang='lat' dir='ltr'><strong>sapientiam</strong></span> <span class='ocrx_word' id='word_1_349' title='bbox 674 2646 750 2679; x_wconf 89' lang='lat' dir='ltr'><strong>sine</strong></span> <span class='ocrx_word' id='word_1_350' title='bbox 780 2646 983 2687; x_wconf 89' lang='lat' dir='ltr'><strong>erroribus,</strong></span> <span class='ocrx_word' id='word_1_351' title='bbox 1025 2658 1126 2680; x_wconf 81' lang='lat' dir='ltr'><strong>suam</strong></span> 
     </span>
     <span class='ocr_line' id='line_1_54' title="bbox 125 2698 1126 2740; baseline 0 -9"><span class='ocrx_word' id='word_1_352' title='bbox 125 2698 298 2732; x_wconf 84' lang='lat' dir='ltr'><strong>iustitiam</strong></span> <span class='ocrx_word' id='word_1_353' title='bbox 326 2698 401 2732; x_wconf 90' lang='lat' dir='ltr'><strong>sine</strong></span> <span class='ocrx_word' id='word_1_354' title='bbox 427 2698 524 2740; x_wconf 88' lang='lat' dir='ltr'><strong>labe,</strong></span> <span class='ocrx_word' id='word_1_355' title='bbox 560 2704 594 2731; x_wconf 86' lang='lat' dir='ltr'><strong>et</strong></span> <span class='ocrx_word' id='word_1_356' title='bbox 619 2710 720 2732; x_wconf 84' lang='lat' dir='ltr'><strong>suam</strong></span> <span class='ocrx_word' id='word_1_357' title='bbox 745 2698 918 2732; x_wconf 84' lang='lat' dir='ltr'><strong>laetitiam</strong></span> <span class='ocrx_word' id='word_1_358' title='bbox 948 2698 1024 2733; x_wconf 90' lang='lat' dir='ltr'><strong>sine</strong></span> <span class='ocrx_word' id='word_1_359' title='bbox 1042 2711 1126 2732; x_wconf 90' lang='lat' dir='ltr'><strong>con-</strong></span> 
     </span>
     <span class='ocr_line' id='line_1_55' title="bbox 124 2749 772 2785; baseline -0.002 0"><span class='ocrx_word' id='word_1_360' title='bbox 124 2750 344 2785; x_wconf 87' lang='lat' dir='ltr'><strong>sternatione</strong></span> <span class='ocrx_word' id='word_1_361' title='bbox 361 2757 395 2784; x_wconf 91' lang='lat' dir='ltr'><strong>et</strong></span> <span class='ocrx_word' id='word_1_362' title='bbox 413 2751 488 2785; x_wconf 93' lang='lat' dir='ltr'><strong>sine</strong></span> <span class='ocrx_word' id='word_1_363' title='bbox 503 2750 595 2785; x_wconf 84' lang='lat' dir='ltr'><strong>tristi</strong></span> <span class='ocrx_word' id='word_1_364' title='bbox 616 2749 772 2784; x_wconf 84' lang='lat' dir='ltr'><strong>fremitu.</strong></span> 
     </span>
    </p>
   </div>
   <div class='ocr_carea' id='block_1_11' title="bbox 768 110 1548 149">
    <p class='ocr_par' dir='ltr' id='par_1_14' title="bbox 768 110 1548 149">
     <span class='ocr_line' id='line_1_56' title="bbox 768 110 1548 149; baseline 0.004 -3"><span class='ocrx_word' id='word_1_365' title='bbox 768 111 1131 149; x_wconf 81' lang='lat' dir='ltr'><strong>ADDITAMENTA</strong></span> <span class='ocrx_word' id='word_1_366' title='bbox 1157 111 1225 146; x_wconf 91' lang='lat' dir='ltr'><strong>AD</strong></span> <span class='ocrx_word' id='word_1_367' title='bbox 1250 110 1395 149; x_wconf 86' lang='lat' dir='ltr'><strong>VOLL.</strong></span> <span class='ocrx_word' id='word_1_368' title='bbox 1419 110 1548 149; x_wconf 85' lang='lat' dir='ltr'><strong>I—X.</strong></span> 
     </span>
    </p>
   </div>
   <div class='ocr_carea' id='block_1_12' title="bbox 1157 1299 1161 1853">
    <p class='ocr_par' dir='ltr' id='par_1_15' title="bbox 1157 1299 1161 1853">
     <span class='ocr_line' id='line_1_57' title="bbox 1157 1299 1161 1853; baseline 0 0"><span class='ocrx_word' id='word_1_369' title='bbox 1157 1299 1161 1853; x_wconf 95' lang='lat' dir='ltr'><strong> </strong></span> 
     </span>
    </p>
   </div>
   <div class='ocr_carea' id='block_1_13' title="bbox 2116 123 2192 160">
    <p class='ocr_par' dir='ltr' id='par_1_16' title="bbox 2116 123 2192 160">
     <span class='ocr_line' id='line_1_58' title="bbox 2116 123 2192 160; baseline 0 -1"><span class='ocrx_word' id='word_1_370' title='bbox 2116 123 2192 160; x_wconf 78' lang='lat'><strong>826</strong></span> 
     </span>
    </p>
   </div>
   <div class='ocr_carea' id='block_1_14' title="bbox 1180 198 2195 2801">
    <p class='ocr_par' dir='ltr' id='par_1_17' title="bbox 1185 198 2195 921">
     <span class='ocr_line' id='line_1_59' title="bbox 1292 198 2194 253; baseline 0.014 -21"><span class='ocrx_word' id='word_1_371' title='bbox 1292 199 1366 245; x_wconf 86' lang='lat' dir='ltr'><strong>Qui</strong></span> <span class='ocrx_word' id='word_1_372' title='bbox 1388 199 1434 234; x_wconf 90' lang='lat' dir='ltr'><strong>sit</strong></span> <span class='ocrx_word' id='word_1_373' title='bbox 1456 207 1576 234; x_wconf 87' lang='lat' dir='ltr'><strong>autem</strong></span> <span class='ocrx_word' id='word_1_374' title='bbox 1602 198 1660 235; x_wconf 87' lang='lat' dir='ltr'><strong>hic</strong></span> <span class='ocrx_word' id='word_1_375' title='bbox 1689 209 1812 239; x_wconf 91' lang='lat' dir='ltr'><strong>coetus</strong></span> <span class='ocrx_word' id='word_1_376' title='bbox 1836 215 1920 238; x_wconf 86' lang='lat' dir='ltr'><strong>vere</strong></span> <span class='ocrx_word' id='word_1_377' title='bbox 1944 206 2088 250; x_wconf 88' lang='lat' dir='ltr'><strong>placens</strong></span> <span class='ocrx_word' id='word_1_378' title='bbox 2102 208 2194 253; x_wconf 91' lang='lat' dir='ltr'><strong>Deo,</strong></span> 
     </span>
     <span class='ocr_line' id='line_1_60' title="bbox 1186 250 2193 307; baseline 0.013 -23"><span class='ocrx_word' id='word_1_379' title='bbox 1186 257 1221 285; x_wconf 90' lang='lat' dir='ltr'><strong>et</strong></span> <span class='ocrx_word' id='word_1_380' title='bbox 1247 250 1310 285; x_wconf 89' lang='lat' dir='ltr'><strong>ubi</strong></span> <span class='ocrx_word' id='word_1_381' title='bbox 1337 251 1402 292; x_wconf 89' lang='lat' dir='ltr'><strong>sit,</strong></span> <span class='ocrx_word' id='word_1_382' title='bbox 1428 251 1610 299; x_wconf 80' lang='lat' dir='ltr'><strong>sapienter</strong></span> <span class='ocrx_word' id='word_1_383' title='bbox 1634 253 1671 287; x_wconf 91' lang='lat' dir='ltr'><strong>in</strong></span> <span class='ocrx_word' id='word_1_384' title='bbox 1696 256 1912 291; x_wconf 88' lang='lat' dir='ltr'><strong>testimoniis</strong></span> <span class='ocrx_word' id='word_1_385' title='bbox 1935 257 2066 294; x_wconf 85' lang='lat' dir='ltr'><strong>divinis</strong></span> <span class='ocrx_word' id='word_1_386' title='bbox 2083 274 2193 307; x_wconf 85' lang='lat' dir='ltr'><strong>quae-</strong></span> 
     </span>
     <span class='ocr_line' id='line_1_61' title="bbox 1185 303 2193 354; baseline 0.012 -18"><span class='ocrx_word' id='word_1_387' title='bbox 1185 303 1339 337; x_wconf 90' lang='lat' dir='ltr'><strong>rendum</strong></span> <span class='ocrx_word' id='word_1_388' title='bbox 1366 309 1429 338; x_wconf 90' lang='lat' dir='ltr'><strong>est.</strong></span> <span class='ocrx_word' id='word_1_389' title='bbox 1463 303 1548 339; x_wconf 89' lang='lat' dir='ltr'><strong>Non</strong></span> <span class='ocrx_word' id='word_1_390' title='bbox 1576 305 1672 339; x_wconf 91' lang='lat' dir='ltr'><strong>enim</strong></span> <span class='ocrx_word' id='word_1_391' title='bbox 1702 306 1800 343; x_wconf 90' lang='lat' dir='ltr'><strong>Deus</strong></span> <span class='ocrx_word' id='word_1_392' title='bbox 1832 309 1951 354; x_wconf 90' lang='lat' dir='ltr'><strong>perire</strong></span> <span class='ocrx_word' id='word_1_393' title='bbox 1982 311 2193 348; x_wconf 91' lang='lat' dir='ltr'><strong>universum</strong></span> 
     </span>
     <span class='ocr_line' id='line_1_62' title="bbox 1187 352 2193 400; baseline 0.012 -13"><span class='ocrx_word' id='word_1_394' title='bbox 1187 367 1299 400; x_wconf 87' lang='lat' dir='ltr'><strong>genus</strong></span> <span class='ocrx_word' id='word_1_395' title='bbox 1315 352 1516 390; x_wconf 90' lang='lat' dir='ltr'><strong>humanum</strong></span> <span class='ocrx_word' id='word_1_396' title='bbox 1538 358 1671 400; x_wconf 71' lang='lat' dir='ltr'><strong>voluit,</strong></span> <span class='ocrx_word' id='word_1_397' title='bbox 1696 371 1762 393; x_wconf 90' lang='lat' dir='ltr'><strong>nec</strong></span> <span class='ocrx_word' id='word_1_398' title='bbox 1782 361 1912 395; x_wconf 80' lang='lat' dir='ltr'><strong>frustra</strong></span> <span class='ocrx_word' id='word_1_399' title='bbox 1932 361 2066 398; x_wconf 87' lang='lat' dir='ltr'><strong>Filium</strong></span> <span class='ocrx_word' id='word_1_400' title='bbox 2094 365 2193 400; x_wconf 88' lang='lat' dir='ltr'><strong>misit</strong></span> 
     </span>
     <span class='ocr_line' id='line_1_63' title="bbox 1187 406 2195 455; baseline 0.013 -16"><span class='ocrx_word' id='word_1_401' title='bbox 1187 406 1431 452; x_wconf 83' lang='lat' dir='ltr'><strong>proferentem</strong></span> <span class='ocrx_word' id='word_1_402' title='bbox 1448 409 1630 443; x_wconf 90' lang='lat' dir='ltr'><strong>decretum</strong></span> <span class='ocrx_word' id='word_1_403' title='bbox 1656 411 1700 444; x_wconf 91' lang='lat' dir='ltr'><strong>de</strong></span> <span class='ocrx_word' id='word_1_404' title='bbox 1719 412 1831 447; x_wconf 88' lang='lat' dir='ltr'><strong>salute</strong></span> <span class='ocrx_word' id='word_1_405' title='bbox 1855 421 1999 455; x_wconf 87' lang='lat' dir='ltr'><strong>nostra,</strong></span> <span class='ocrx_word' id='word_1_406' title='bbox 2027 428 2093 450; x_wconf 92' lang='lat' dir='ltr'><strong>nec</strong></span> <span class='ocrx_word' id='word_1_407' title='bbox 2120 417 2195 451; x_wconf 82' lang='lat' dir='ltr'><strong>fru-</strong></span> 
     </span>
     <span class='ocr_line' id='line_1_64' title="bbox 1187 459 2193 511; baseline 0.011 -20"><span class='ocrx_word' id='word_1_408' title='bbox 1187 465 1259 493; x_wconf 88' lang='lat' dir='ltr'><strong>stra</strong></span> <span class='ocrx_word' id='word_1_409' title='bbox 1293 459 1479 493; x_wconf 87' lang='lat' dir='ltr'><strong>constituit</strong></span> <span class='ocrx_word' id='word_1_410' title='bbox 1512 473 1591 495; x_wconf 87' lang='lat' dir='ltr'><strong>eum</strong></span> <span class='ocrx_word' id='word_1_411' title='bbox 1627 462 1811 498; x_wconf 88' lang='lat' dir='ltr'><strong>victimam</strong></span> <span class='ocrx_word' id='word_1_412' title='bbox 1844 478 1912 511; x_wconf 88' lang='lat' dir='ltr'><strong>pro</strong></span> <span class='ocrx_word' id='word_1_413' title='bbox 1945 467 2062 502; x_wconf 87' lang='lat' dir='ltr'><strong>nobis.</strong></span> <span class='ocrx_word' id='word_1_414' title='bbox 2116 468 2193 504; x_wconf 88' lang='lat' dir='ltr'><strong>Etsi</strong></span> 
     </span>
     <span class='ocr_line' id='line_1_65' title="bbox 1187 508 2194 562; baseline 0.011 -18"><span class='ocrx_word' id='word_1_415' title='bbox 1187 508 1276 544; x_wconf 88' lang='lat' dir='ltr'><strong>haec</strong></span> <span class='ocrx_word' id='word_1_416' title='bbox 1293 511 1468 556; x_wconf 87' lang='lat' dir='ltr'><strong>sapientia</strong></span> <span class='ocrx_word' id='word_1_417' title='bbox 1488 512 1594 558; x_wconf 88' lang='lat' dir='ltr'><strong>longe</strong></span> <span class='ocrx_word' id='word_1_418' title='bbox 1611 521 1708 548; x_wconf 85' lang='lat' dir='ltr'><strong>extra</strong></span> <span class='ocrx_word' id='word_1_419' title='bbox 1726 522 1760 549; x_wconf 90' lang='lat' dir='ltr'><strong>et</strong></span> <span class='ocrx_word' id='word_1_420' title='bbox 1778 529 1886 562; x_wconf 88' lang='lat' dir='ltr'><strong>supra</strong></span> <span class='ocrx_word' id='word_1_421' title='bbox 1904 518 2036 553; x_wconf 88' lang='lat' dir='ltr'><strong>iudicia</strong></span> <span class='ocrx_word' id='word_1_422' title='bbox 2055 528 2194 555; x_wconf 91' lang='lat' dir='ltr'><strong>creatu-</strong></span> 
     </span>
     <span class='ocr_line' id='line_1_66' title="bbox 1187 563 2194 607; baseline 0.011 -11"><span class='ocrx_word' id='word_1_423' title='bbox 1187 575 1311 596; x_wconf 88' lang='lat' dir='ltr'><strong>rarum</strong></span> <span class='ocrx_word' id='word_1_424' title='bbox 1337 563 1454 607; x_wconf 87' lang='lat' dir='ltr'><strong>posita</strong></span> <span class='ocrx_word' id='word_1_425' title='bbox 1479 571 1549 606; x_wconf 88' lang='lat' dir='ltr'><strong>est,</strong></span> <span class='ocrx_word' id='word_1_426' title='bbox 1584 572 1706 600; x_wconf 88' lang='lat' dir='ltr'><strong>tamen</strong></span> <span class='ocrx_word' id='word_1_427' title='bbox 1738 568 1869 604; x_wconf 87' lang='lat' dir='ltr'><strong>divinis</strong></span> <span class='ocrx_word' id='word_1_428' title='bbox 1892 571 2108 606; x_wconf 87' lang='lat' dir='ltr'><strong>testimoniis</strong></span> <span class='ocrx_word' id='word_1_429' title='bbox 2132 574 2194 606; x_wconf 89' lang='lat' dir='ltr'><strong>ad-</strong></span> 
     </span>
     <span class='ocr_line' id='line_1_67' title="bbox 1187 614 2192 663; baseline 0.01 -14"><span class='ocrx_word' id='word_1_430' title='bbox 1187 614 1405 656; x_wconf 88' lang='lat' dir='ltr'><strong>sentiamur,</strong></span> <span class='ocrx_word' id='word_1_431' title='bbox 1433 622 1468 649; x_wconf 90' lang='lat' dir='ltr'><strong>et</strong></span> <span class='ocrx_word' id='word_1_432' title='bbox 1490 616 1527 649; x_wconf 89' lang='lat' dir='ltr'><strong>in</strong></span> <span class='ocrx_word' id='word_1_433' title='bbox 1551 615 1645 651; x_wconf 91' lang='lat' dir='ltr'><strong>hanc</strong></span> <span class='ocrx_word' id='word_1_434' title='bbox 1670 632 1808 662; x_wconf 88' lang='lat' dir='ltr'><strong>arcem,</strong></span> <span class='ocrx_word' id='word_1_435' title='bbox 1836 622 1873 655; x_wconf 89' lang='lat' dir='ltr'><strong>id</strong></span> <span class='ocrx_word' id='word_1_436' title='bbox 1898 629 1970 663; x_wconf 87' lang='lat' dir='ltr'><strong>est,</strong></span> <span class='ocrx_word' id='word_1_437' title='bbox 1997 624 2035 657; x_wconf 92' lang='lat' dir='ltr'><strong>in</strong></span> <span class='ocrx_word' id='word_1_438' title='bbox 2069 637 2192 659; x_wconf 89' lang='lat' dir='ltr'><strong>veram</strong></span> 
     </span>
     <span class='ocr_line' id='line_1_68' title="bbox 1186 665 2192 721; baseline 0.012 -22"><span class='ocrx_word' id='word_1_439' title='bbox 1186 665 1383 700; x_wconf 86' lang='lat' dir='ltr'><strong>Ecclesiam</strong></span> <span class='ocrx_word' id='word_1_440' title='bbox 1409 680 1475 702; x_wconf 90' lang='lat' dir='ltr'><strong>nos</strong></span> <span class='ocrx_word' id='word_1_441' title='bbox 1498 669 1743 712; x_wconf 86' lang='lat' dir='ltr'><strong>includamus,</strong></span> <span class='ocrx_word' id='word_1_442' title='bbox 1779 679 1813 706; x_wconf 91' lang='lat' dir='ltr'><strong>et</strong></span> <span class='ocrx_word' id='word_1_443' title='bbox 1847 675 1893 707; x_wconf 88' lang='lat' dir='ltr'><strong>ad</strong></span> <span class='ocrx_word' id='word_1_444' title='bbox 1917 678 2192 721; x_wconf 87' lang='lat' dir='ltr'><strong>protegendam,</strong></span> 
     </span>
     <span class='ocr_line' id='line_1_69' title="bbox 1186 719 2194 767; baseline 0.011 -16"><span class='ocrx_word' id='word_1_445' title='bbox 1186 719 1383 752; x_wconf 88' lang='lat' dir='ltr'><strong>fovendam</strong></span> <span class='ocrx_word' id='word_1_446' title='bbox 1407 726 1441 753; x_wconf 94' lang='lat' dir='ltr'><strong>et</strong></span> <span class='ocrx_word' id='word_1_447' title='bbox 1459 723 1662 756; x_wconf 87' lang='lat' dir='ltr'><strong>ornandam</strong></span> <span class='ocrx_word' id='word_1_448' title='bbox 1688 736 1767 757; x_wconf 88' lang='lat' dir='ltr'><strong>eam</strong></span> <span class='ocrx_word' id='word_1_449' title='bbox 1795 726 1965 767; x_wconf 86' lang='lat' dir='ltr'><strong>consilia,</strong></span> <span class='ocrx_word' id='word_1_450' title='bbox 1994 729 2136 764; x_wconf 86' lang='lat' dir='ltr'><strong>labores</strong></span> <span class='ocrx_word' id='word_1_451' title='bbox 2159 735 2194 763; x_wconf 91' lang='lat' dir='ltr'><strong>et</strong></span> 
     </span>
     <span class='ocr_line' id='line_1_70' title="bbox 1187 771 2189 825; baseline 0.012 -22"><span class='ocrx_word' id='word_1_452' title='bbox 1187 771 1305 804; x_wconf 86' lang='lat' dir='ltr'><strong>studia</strong></span> <span class='ocrx_word' id='word_1_453' title='bbox 1323 771 1531 808; x_wconf 89' lang='lat' dir='ltr'><strong>referamus.</strong></span> <span class='ocrx_word' id='word_1_454' title='bbox 1572 774 1674 808; x_wconf 88' lang='lat' dir='ltr'><strong>Hanc</strong></span> <span class='ocrx_word' id='word_1_455' title='bbox 1690 776 1935 812; x_wconf 84' lang='lat' dir='ltr'><strong>obedientiam</strong></span> <span class='ocrx_word' id='word_1_456' title='bbox 1952 778 2031 814; x_wconf 91' lang='lat' dir='ltr'><strong>Deo</strong></span> <span class='ocrx_word' id='word_1_457' title='bbox 2049 788 2189 825; x_wconf 83' lang='lat' dir='ltr'><strong>gratam</strong></span> 
     </span>
     <span class='ocr_line' id='line_1_71' title="bbox 1187 824 2193 875; baseline 0.011 -19"><span class='ocrx_word' id='word_1_458' title='bbox 1187 835 1261 857; x_wconf 90' lang='lat' dir='ltr'><strong>esse</strong></span> <span class='ocrx_word' id='word_1_459' title='bbox 1288 834 1363 856; x_wconf 90' lang='lat' dir='ltr'><strong>non</strong></span> <span class='ocrx_word' id='word_1_460' title='bbox 1388 824 1537 858; x_wconf 90' lang='lat' dir='ltr'><strong>dubium</strong></span> <span class='ocrx_word' id='word_1_461' title='bbox 1565 833 1634 869; x_wconf 86' lang='lat' dir='ltr'><strong>est,</strong></span> <span class='ocrx_word' id='word_1_462' title='bbox 1668 828 1759 862; x_wconf 88' lang='lat' dir='ltr'><strong>sicut</strong></span> <span class='ocrx_word' id='word_1_463' title='bbox 1790 830 1962 875; x_wconf 89' lang='lat' dir='ltr'><strong>scriptum</strong></span> <span class='ocrx_word' id='word_1_464' title='bbox 1992 840 2059 867; x_wconf 88' lang='lat' dir='ltr'><strong>est:</strong></span> <span class='ocrx_word' id='word_1_465' title='bbox 2088 833 2193 867; x_wconf 84' lang='lat' dir='ltr'><strong>Beati</strong></span> 
     </span>
     <span class='ocr_line' id='line_1_72' title="bbox 1188 872 1921 921; baseline 0.012 -13"><span class='ocrx_word' id='word_1_466' title='bbox 1188 875 1251 921; x_wconf 91' lang='lat' dir='ltr'><strong>qui</strong></span> <span class='ocrx_word' id='word_1_467' title='bbox 1266 872 1433 909; x_wconf 88' lang='lat' dir='ltr'><strong>habitant</strong></span> <span class='ocrx_word' id='word_1_468' title='bbox 1450 877 1488 910; x_wconf 89' lang='lat' dir='ltr'><strong>in</strong></span> <span class='ocrx_word' id='word_1_469' title='bbox 1506 878 1616 912; x_wconf 91' lang='lat' dir='ltr'><strong>domo</strong></span> <span class='ocrx_word' id='word_1_470' title='bbox 1637 886 1697 913; x_wconf 88' lang='lat' dir='ltr'><strong>tua</strong></span> <span class='ocrx_word' id='word_1_471' title='bbox 1710 907 1720 921; x_wconf 90' lang='lat'><strong>,</strong></span> <span class='ocrx_word' id='word_1_472' title='bbox 1749 880 1921 917; x_wconf 89' lang='lat' dir='ltr'><strong>Domine.</strong></span> 
     </span>
    </p>

    <p class='ocr_par' dir='ltr' id='par_1_18' title="bbox 1184 926 2194 2000">
     <span class='ocr_line' id='line_1_73' title="bbox 1290 926 2193 980; baseline 0.012 -20"><span class='ocrx_word' id='word_1_473' title='bbox 1290 926 1368 961; x_wconf 84' lang='lat' dir='ltr'><strong>Etsi</strong></span> <span class='ocrx_word' id='word_1_474' title='bbox 1397 934 1517 962; x_wconf 86' lang='lat' dir='ltr'><strong>autem</strong></span> <span class='ocrx_word' id='word_1_475' title='bbox 1550 931 1656 965; x_wconf 90' lang='lat' dir='ltr'><strong>multi</strong></span> <span class='ocrx_word' id='word_1_476' title='bbox 1687 933 1835 976; x_wconf 86' lang='lat' dir='ltr'><strong>gloriosi</strong></span> <span class='ocrx_word' id='word_1_477' title='bbox 1868 935 1985 980; x_wconf 88' lang='lat' dir='ltr'><strong>Reges</strong></span> <span class='ocrx_word' id='word_1_478' title='bbox 2012 942 2046 969; x_wconf 87' lang='lat' dir='ltr'><strong>et</strong></span> <span class='ocrx_word' id='word_1_479' title='bbox 2076 935 2193 972; x_wconf 91' lang='lat' dir='ltr'><strong>Duces</strong></span> 
     </span>
     <span class='ocr_line' id='line_1_74' title="bbox 1188 976 2193 1030; baseline 0.012 -19"><span class='ocrx_word' id='word_1_480' title='bbox 1188 976 1285 1012; x_wconf 89' lang='lat' dir='ltr'><strong>athei</strong></span> <span class='ocrx_word' id='word_1_481' title='bbox 1303 977 1396 1013; x_wconf 86' lang='lat' dir='ltr'><strong>hanc</strong></span> <span class='ocrx_word' id='word_1_482' title='bbox 1411 981 1625 1026; x_wconf 86' lang='lat' dir='ltr'><strong>sapientiam</strong></span> <span class='ocrx_word' id='word_1_483' title='bbox 1645 991 1960 1030; x_wconf 87' lang='lat' dir='ltr'><strong>contempserunt,</strong></span> <span class='ocrx_word' id='word_1_484' title='bbox 1984 994 2024 1021; x_wconf 91' lang='lat' dir='ltr'><strong>ut</strong></span> <span class='ocrx_word' id='word_1_485' title='bbox 2039 988 2193 1022; x_wconf 84' lang='lat' dir='ltr'><strong>Alexan-</strong></span> 
     </span>
     <span class='ocr_line' id='line_1_75' title="bbox 1187 1029 2192 1082; baseline 0.01 -18"><span class='ocrx_word' id='word_1_486' title='bbox 1187 1032 1272 1070; x_wconf 85' lang='lat' dir='ltr'><strong>der,</strong></span> <span class='ocrx_word' id='word_1_487' title='bbox 1314 1029 1445 1072; x_wconf 86' lang='lat' dir='ltr'><strong>Inlius,</strong></span> <span class='ocrx_word' id='word_1_488' title='bbox 1488 1034 1682 1080; x_wconf 89' lang='lat' dir='ltr'><strong>Pompeius</strong></span> <span class='ocrx_word' id='word_1_489' title='bbox 1725 1044 1760 1071; x_wconf 89' lang='lat' dir='ltr'><strong>et</strong></span> <span class='ocrx_word' id='word_1_490' title='bbox 1795 1039 1856 1071; x_wconf 79' lang='lat' dir='ltr'><strong>alii</strong></span> <span class='ocrx_word' id='word_1_491' title='bbox 1897 1040 2192 1082; x_wconf 80' lang='lat' dir='ltr'><strong>innumerabiles,</strong></span> 
     </span>
     <span class='ocr_line' id='line_1_76' title="bbox 1192 1084 2193 1133; baseline 0.012 -18"><span class='ocrx_word' id='word_1_492' title='bbox 1192 1089 1316 1116; x_wconf 86' lang='lat' dir='ltr'><strong>tamen</strong></span> <span class='ocrx_word' id='word_1_493' title='bbox 1340 1090 1375 1117; x_wconf 86' lang='lat' dir='ltr'><strong>et</strong></span> <span class='ocrx_word' id='word_1_494' title='bbox 1392 1084 1533 1130; x_wconf 88' lang='lat' dir='ltr'><strong>aliquos</strong></span> <span class='ocrx_word' id='word_1_495' title='bbox 1560 1087 1717 1133; x_wconf 89' lang='lat' dir='ltr'><strong>insignes</strong></span> <span class='ocrx_word' id='word_1_496' title='bbox 1743 1089 1841 1124; x_wconf 90' lang='lat' dir='ltr'><strong>Deus</strong></span> <span class='ocrx_word' id='word_1_497' title='bbox 1866 1092 1911 1125; x_wconf 92' lang='lat' dir='ltr'><strong>ad</strong></span> <span class='ocrx_word' id='word_1_498' title='bbox 1934 1091 2114 1127; x_wconf 87' lang='lat' dir='ltr'><strong>Ecclesiae</strong></span> <span class='ocrx_word' id='word_1_499' title='bbox 2137 1105 2193 1127; x_wconf 88' lang='lat' dir='ltr'><strong>so-</strong></span> 
     </span>
     <span class='ocr_line' id='line_1_77' title="bbox 1187 1134 2194 1188; baseline 0.013 -22"><span class='ocrx_word' id='word_1_500' title='bbox 1187 1134 1353 1168; x_wconf 88' lang='lat' dir='ltr'><strong>cietatem</strong></span> <span class='ocrx_word' id='word_1_501' title='bbox 1371 1137 1530 1171; x_wconf 86' lang='lat' dir='ltr'><strong>vocavit:</strong></span> <span class='ocrx_word' id='word_1_502' title='bbox 1560 1138 1736 1173; x_wconf 89' lang='lat' dir='ltr'><strong>Davidem</strong></span> <span class='ocrx_word' id='word_1_503' title='bbox 1750 1168 1760 1181; x_wconf 90' lang='lat'><strong>,</strong></span> <span class='ocrx_word' id='word_1_504' title='bbox 1784 1140 1971 1188; x_wconf 86' lang='lat' dir='ltr'><strong>Iosaphat‚</strong></span> <span class='ocrx_word' id='word_1_505' title='bbox 1987 1142 2194 1186; x_wconf 84' lang='lat' dir='ltr'><strong>Ezechiam,</strong></span> 
     </span>
     <span class='ocr_line' id='line_1_78' title="bbox 1189 1184 2150 1235; baseline 0.012 -16"><span class='ocrx_word' id='word_1_506' title='bbox 1189 1184 1341 1227; x_wconf 88' lang='lat' dir='ltr'><strong>[osiam,</strong></span> <span class='ocrx_word' id='word_1_507' title='bbox 1370 1186 1524 1233; x_wconf 83' lang='lat' dir='ltr'><strong>Cyrum,</strong></span> <span class='ocrx_word' id='word_1_508' title='bbox 1560 1190 1860 1235; x_wconf 86' lang='lat' dir='ltr'><strong>Constantinum,</strong></span> <span class='ocrx_word' id='word_1_509' title='bbox 1889 1193 2150 1232; x_wconf 84' lang='lat' dir='ltr'><strong>Theodosium.</strong></span> 
     </span>
     <span class='ocr_line' id='line_1_79' title="bbox 1189 1237 2191 1296; baseline 0.014 -27"><span class='ocrx_word' id='word_1_510' title='bbox 1189 1288 1197 1295; x_wconf 35' lang='lat'><strong>⁹</strong></span> <span class='ocrx_word' id='word_1_511' title='bbox 1262 1289 1269 1295; x_wconf 32' lang='lat'><em>⁶</em></span> <span class='ocrx_word' id='word_1_512' title='bbox 1291 1237 1356 1296; x_wconf 60' lang='lat' dir='ltr'><strong>llis</strong></span> <span class='ocrx_word' id='word_1_513' title='bbox 1389 1245 1424 1272; x_wconf 92' lang='lat' dir='ltr'><strong>et</strong></span> <span class='ocrx_word' id='word_1_514' title='bbox 1457 1240 1603 1276; x_wconf 87' lang='lat' dir='ltr'><strong>Patrem</strong></span> <span class='ocrx_word' id='word_1_515' title='bbox 1638 1251 1739 1279; x_wconf 90' lang='lat' dir='ltr'><strong>tuum</strong></span> <span class='ocrx_word' id='word_1_516' title='bbox 1772 1245 1908 1291; x_wconf 85' lang='lat' dir='ltr'><strong>Regem</strong></span> <span class='ocrx_word' id='word_1_517' title='bbox 1946 1246 2191 1283; x_wconf 89' lang='lat' dir='ltr'><strong>Christianum</strong></span> 
     </span>
     <span class='ocr_line' id='line_1_80' title="bbox 1187 1295 2193 1348; baseline 0.012 -25"><span class='ocrx_word' id='word_1_518' title='bbox 1187 1295 1379 1348; x_wconf 63' lang='lat' dir='ltr'><strong>iustissime</strong></span> <span class='ocrx_word' id='word_1_519' title='bbox 1406 1303 1700 1332; x_wconf 86' lang='lat' dir='ltr'><strong>annumeramus.</strong></span> <span class='ocrx_word' id='word_1_520' title='bbox 1755 1297 1899 1332; x_wconf 89' lang='lat' dir='ltr'><strong>Etenim</strong></span> <span class='ocrx_word' id='word_1_521' title='bbox 1933 1306 1967 1333; x_wconf 86' lang='lat' dir='ltr'><strong>et</strong></span> <span class='ocrx_word' id='word_1_522' title='bbox 1997 1300 2072 1345; x_wconf 89' lang='lat' dir='ltr'><strong>ipse</strong></span> <span class='ocrx_word' id='word_1_523' title='bbox 2098 1307 2193 1334; x_wconf 89' lang='lat' dir='ltr'><strong>recte</strong></span> 
     </span>
     <span class='ocr_line' id='line_1_81' title="bbox 1187 1342 2193 1400; baseline 0.013 -27"><span class='ocrx_word' id='word_1_524' title='bbox 1187 1349 1371 1400; x_wconf 64' lang='lat' dir='ltr'><strong>myocavit</strong></span> <span class='ocrx_word' id='word_1_525' title='bbox 1396 1342 1532 1388; x_wconf 79' lang='lat' dir='ltr'><strong>Deum,</strong></span> <span class='ocrx_word' id='word_1_526' title='bbox 1567 1354 1601 1381; x_wconf 89' lang='lat' dir='ltr'><strong>et</strong></span> <span class='ocrx_word' id='word_1_527' title='bbox 1630 1348 1668 1382; x_wconf 90' lang='lat' dir='ltr'><strong>in</strong></span> <span class='ocrx_word' id='word_1_528' title='bbox 1694 1350 1860 1394; x_wconf 90' lang='lat' dir='ltr'><strong>plurimis</strong></span> <span class='ocrx_word' id='word_1_529' title='bbox 1886 1352 2050 1396; x_wconf 86' lang='lat' dir='ltr'><strong>gentibus</strong></span> <span class='ocrx_word' id='word_1_530' title='bbox 2075 1352 2193 1397; x_wconf 84' lang='lat' dir='ltr'><strong>Regni</strong></span> 
     </span>
     <span class='ocr_line' id='line_1_82' title="bbox 1186 1398 2194 1445; baseline 0.014 -20"><span class='ocrx_word' id='word_1_531' title='bbox 1186 1405 1242 1427; x_wconf 80' lang='lat' dir='ltr'><strong>sui</strong></span> <span class='ocrx_word' id='word_1_532' title='bbox 1275 1402 1525 1441; x_wconf 87' lang='lat' dir='ltr'><strong>mcorruptam</strong></span> <span class='ocrx_word' id='word_1_533' title='bbox 1554 1398 1742 1445; x_wconf 84' lang='lat' dir='ltr'><strong>Evangelii</strong></span> <span class='ocrx_word' id='word_1_534' title='bbox 1782 1415 1906 1437; x_wconf 89' lang='lat' dir='ltr'><strong>vocem</strong></span> <span class='ocrx_word' id='word_1_535' title='bbox 1947 1405 2124 1445; x_wconf 88' lang='lat' dir='ltr'><strong>restituit,</strong></span> <span class='ocrx_word' id='word_1_536' title='bbox 2158 1412 2194 1439; x_wconf 90' lang='lat' dir='ltr'><strong>et</strong></span> 
     </span>
     <span class='ocr_line' id='line_1_83' title="bbox 1185 1444 2192 1499; baseline 0.014 -22"><span class='ocrx_word' id='word_1_537' title='bbox 1185 1444 1285 1479; x_wconf 90' lang='lat' dir='ltr'><strong>Idola</strong></span> <span class='ocrx_word' id='word_1_538' title='bbox 1302 1447 1446 1482; x_wconf 91' lang='lat' dir='ltr'><strong>delevit.</strong></span> <span class='ocrx_word' id='word_1_539' title='bbox 1486 1448 1528 1483; x_wconf 92' lang='lat' dir='ltr'><strong>In</strong></span> <span class='ocrx_word' id='word_1_540' title='bbox 1548 1452 1716 1488; x_wconf 88' lang='lat' dir='ltr'><strong>omnibus</strong></span> <span class='ocrx_word' id='word_1_541' title='bbox 1735 1454 1804 1499; x_wconf 90' lang='lat' dir='ltr'><strong>piis</strong></span> <span class='ocrx_word' id='word_1_542' title='bbox 1821 1453 1982 1491; x_wconf 89' lang='lat' dir='ltr'><strong>historiis</strong></span> <span class='ocrx_word' id='word_1_543' title='bbox 2000 1457 2076 1490; x_wconf 76' lang='lat' dir='ltr'><strong>vult</strong></span> <span class='ocrx_word' id='word_1_544' title='bbox 2094 1456 2192 1491; x_wconf 89' lang='lat' dir='ltr'><strong>Deus</strong></span> 
     </span>
     <span class='ocr_line' id='line_1_84' title="bbox 1186 1495 2190 1554; baseline 0.013 -25"><span class='ocrx_word' id='word_1_545' title='bbox 1186 1495 1274 1531; x_wconf 88' lang='lat' dir='ltr'><strong>haec</strong></span> <span class='ocrx_word' id='word_1_546' title='bbox 1295 1510 1357 1532; x_wconf 91' lang='lat' dir='ltr'><strong>sua</strong></span> <span class='ocrx_word' id='word_1_547' title='bbox 1375 1500 1545 1535; x_wconf 88' lang='lat' dir='ltr'><strong>beneficia</strong></span> <span class='ocrx_word' id='word_1_548' title='bbox 1565 1505 1676 1549; x_wconf 89' lang='lat' dir='ltr'><strong>aspici</strong></span> <span class='ocrx_word' id='word_1_549' title='bbox 1694 1513 1727 1539; x_wconf 89' lang='lat' dir='ltr'><strong>et</strong></span> <span class='ocrx_word' id='word_1_550' title='bbox 1744 1507 1938 1541; x_wconf 90' lang='lat' dir='ltr'><strong>celebrari:</strong></span> <span class='ocrx_word' id='word_1_551' title='bbox 1968 1515 2003 1542; x_wconf 89' lang='lat' dir='ltr'><strong>et</strong></span> <span class='ocrx_word' id='word_1_552' title='bbox 2020 1515 2060 1542; x_wconf 89' lang='lat' dir='ltr'><strong>ut</strong></span> <span class='ocrx_word' id='word_1_553' title='bbox 2077 1509 2190 1554; x_wconf 88' lang='lat' dir='ltr'><strong>gloria</strong></span> 
     </span>
     <span class='ocr_line' id='line_1_85' title="bbox 1186 1549 2193 1605; baseline 0.011 -22"><span class='ocrx_word' id='word_1_554' title='bbox 1186 1549 1262 1584; x_wconf 87' lang='lat' dir='ltr'><strong>eius</strong></span> <span class='ocrx_word' id='word_1_555' title='bbox 1296 1550 1514 1594; x_wconf 85' lang='lat' dir='ltr'><strong>illustretur,</strong></span> <span class='ocrx_word' id='word_1_556' title='bbox 1556 1562 1590 1589; x_wconf 87' lang='lat' dir='ltr'><strong>et</strong></span> <span class='ocrx_word' id='word_1_557' title='bbox 1624 1564 1664 1591; x_wconf 89' lang='lat' dir='ltr'><strong>ut</strong></span> <span class='ocrx_word' id='word_1_558' title='bbox 1692 1559 1889 1593; x_wconf 90' lang='lat' dir='ltr'><strong>multorum</strong></span> <span class='ocrx_word' id='word_1_559' title='bbox 1928 1561 2131 1605; x_wconf 87' lang='lat' dir='ltr'><strong>sapientum</strong></span> <span class='ocrx_word' id='word_1_560' title='bbox 2159 1567 2193 1594; x_wconf 92' lang='lat' dir='ltr'><strong>et</strong></span> 
     </span>
     <span class='ocr_line' id='line_1_86' title="bbox 1184 1601 2194 1654; baseline 0.015 -21"><span class='ocrx_word' id='word_1_561' title='bbox 1184 1601 1330 1646; x_wconf 90' lang='lat' dir='ltr'><strong>piorum</strong></span> <span class='ocrx_word' id='word_1_562' title='bbox 1358 1604 1563 1650; x_wconf 89' lang='lat' dir='ltr'><strong>principum</strong></span> <span class='ocrx_word' id='word_1_563' title='bbox 1588 1611 1758 1654; x_wconf 85' lang='lat' dir='ltr'><strong>exemplis</strong></span> <span class='ocrx_word' id='word_1_564' title='bbox 1782 1612 2050 1647; x_wconf 88' lang='lat' dir='ltr'><strong>confirmemur.</strong></span> <span class='ocrx_word' id='word_1_565' title='bbox 2101 1612 2194 1647; x_wconf 86' lang='lat' dir='ltr'><strong>Fue-</strong></span> 
     </span>
     <span class='ocr_line' id='line_1_87' title="bbox 1185 1654 2192 1707; baseline 0.014 -22"><span class='ocrx_word' id='word_1_566' title='bbox 1185 1660 1271 1687; x_wconf 90' lang='lat' dir='ltr'><strong>runt</strong></span> <span class='ocrx_word' id='word_1_567' title='bbox 1285 1654 1439 1690; x_wconf 88' lang='lat' dir='ltr'><strong>illustres</strong></span> <span class='ocrx_word' id='word_1_568' title='bbox 1451 1664 1486 1690; x_wconf 85' lang='lat' dir='ltr'><strong>et</strong></span> <span class='ocrx_word' id='word_1_569' title='bbox 1503 1659 1682 1702; x_wconf 87' lang='lat' dir='ltr'><strong>gloriosae</strong></span> <span class='ocrx_word' id='word_1_570' title='bbox 1700 1662 1810 1707; x_wconf 88' lang='lat' dir='ltr'><strong>ipsius</strong></span> <span class='ocrx_word' id='word_1_571' title='bbox 1822 1663 1994 1698; x_wconf 87' lang='lat' dir='ltr'><strong>victoriae</strong></span> <span class='ocrx_word' id='word_1_572' title='bbox 2010 1665 2048 1698; x_wconf 91' lang='lat' dir='ltr'><strong>in</strong></span> <span class='ocrx_word' id='word_1_573' title='bbox 2065 1666 2192 1704; x_wconf 88' lang='lat' dir='ltr'><strong>armis;</strong></span> 
     </span>
     <span class='ocr_line' id='line_1_88' title="bbox 1185 1706 2193 1760; baseline 0.015 -24"><span class='ocrx_word' id='word_1_574' title='bbox 1185 1706 1246 1738; x_wconf 92' lang='lat' dir='ltr'><strong>sed</strong></span> <span class='ocrx_word' id='word_1_575' title='bbox 1276 1706 1392 1740; x_wconf 88' lang='lat' dir='ltr'><strong>multo</strong></span> <span class='ocrx_word' id='word_1_576' title='bbox 1423 1708 1615 1752; x_wconf 85' lang='lat' dir='ltr'><strong>gloriosius</strong></span> <span class='ocrx_word' id='word_1_577' title='bbox 1638 1719 1710 1754; x_wconf 89' lang='lat' dir='ltr'><strong>est,</strong></span> <span class='ocrx_word' id='word_1_578' title='bbox 1745 1716 1843 1760; x_wconf 90' lang='lat' dir='ltr'><strong>quod</strong></span> <span class='ocrx_word' id='word_1_579' title='bbox 1868 1713 1998 1750; x_wconf 86' lang='lat' dir='ltr'><strong>harum</strong></span> <span class='ocrx_word' id='word_1_580' title='bbox 2025 1717 2193 1751; x_wconf 83' lang='lat' dir='ltr'><strong>victoria-</strong></span> 
     </span>
     <span class='ocr_line' id='line_1_89' title="bbox 1184 1758 2193 1815; baseline 0.015 -27"><span class='ocrx_word' id='word_1_581' title='bbox 1184 1768 1265 1815; x_wconf 82' lang='lat' dir='ltr'><strong>rum</strong></span> <span class='ocrx_word' id='word_1_582' title='bbox 1287 1758 1397 1815; x_wconf 58' lang='lat' dir='ltr'><strong>tinem</strong></span> <span class='ocrx_word' id='word_1_583' title='bbox 1424 1772 1498 1794; x_wconf 90' lang='lat' dir='ltr'><strong>esse</strong></span> <span class='ocrx_word' id='word_1_584' title='bbox 1526 1763 1660 1803; x_wconf 84' lang='lat' dir='ltr'><strong>voluit,</strong></span> <span class='ocrx_word' id='word_1_585' title='bbox 1697 1777 1772 1799; x_wconf 89' lang='lat' dir='ltr'><strong>non</strong></span> <span class='ocrx_word' id='word_1_586' title='bbox 1799 1766 1911 1800; x_wconf 87' lang='lat' dir='ltr'><strong>otium</strong></span> <span class='ocrx_word' id='word_1_587' title='bbox 1940 1769 2086 1813; x_wconf 90' lang='lat' dir='ltr'><strong>populi,</strong></span> <span class='ocrx_word' id='word_1_588' title='bbox 2116 1781 2193 1802; x_wconf 92' lang='lat' dir='ltr'><strong>non</strong></span> 
     </span>
     <span class='ocr_line' id='line_1_90' title="bbox 1184 1809 2193 1865; baseline 0.013 -25"><span class='ocrx_word' id='word_1_589' title='bbox 1184 1809 1259 1842; x_wconf 78' lang='lat' dir='ltr'><strong>fisci</strong></span> <span class='ocrx_word' id='word_1_590' title='bbox 1285 1818 1507 1846; x_wconf 84' lang='lat' dir='ltr'><strong>merementa</strong></span> <span class='ocrx_word' id='word_1_591' title='bbox 1519 1839 1528 1854; x_wconf 81' lang='lat'>‚</span> <span class='ocrx_word' id='word_1_592' title='bbox 1555 1822 1705 1861; x_wconf 87' lang='lat' dir='ltr'><strong>propter</strong></span> <span class='ocrx_word' id='word_1_593' title='bbox 1722 1830 1814 1864; x_wconf 87' lang='lat' dir='ltr'><strong>qnae</strong></span> <span class='ocrx_word' id='word_1_594' title='bbox 1829 1831 1935 1864; x_wconf 89' lang='lat' dir='ltr'><strong>saepe</strong></span> <span class='ocrx_word' id='word_1_595' title='bbox 1952 1820 2042 1853; x_wconf 85' lang='lat' dir='ltr'><strong>bella</strong></span> <span class='ocrx_word' id='word_1_596' title='bbox 2063 1833 2193 1865; x_wconf 85' lang='lat' dir='ltr'><strong>gerun-</strong></span> 
     </span>
     <span class='ocr_line' id='line_1_91' title="bbox 1185 1863 2191 1908; baseline 0.013 -15"><span class='ocrx_word' id='word_1_597' title='bbox 1185 1867 1263 1902; x_wconf 85' lang='lat' dir='ltr'><strong>tur,</strong></span> <span class='ocrx_word' id='word_1_598' title='bbox 1291 1863 1351 1896; x_wconf 89' lang='lat' dir='ltr'><strong>sed</strong></span> <span class='ocrx_word' id='word_1_599' title='bbox 1370 1863 1468 1908; x_wconf 85' lang='lat' dir='ltr'><strong>piam</strong></span> <span class='ocrx_word' id='word_1_600' title='bbox 1494 1872 1529 1899; x_wconf 88' lang='lat' dir='ltr'><strong>et</strong></span> <span class='ocrx_word' id='word_1_601' title='bbox 1543 1867 1735 1902; x_wconf 84' lang='lat' dir='ltr'><strong>salutarem</strong></span> <span class='ocrx_word' id='word_1_602' title='bbox 1753 1869 1995 1906; x_wconf 86' lang='lat' dir='ltr'><strong>Ecclesiarum</strong></span> <span class='ocrx_word' id='word_1_603' title='bbox 2019 1873 2191 1907; x_wconf 87' lang='lat' dir='ltr'><strong>constitu-</strong></span> 
     </span>
     <span class='ocr_line' id='line_1_92' title="bbox 1184 1913 2192 1971; baseline 0.014 -26"><span class='ocrx_word' id='word_1_604' title='bbox 1184 1913 1282 1971; x_wconf 77' lang='lat' dir='ltr'><strong>tione</strong></span> <span class='ocrx_word' id='word_1_605' title='bbox 1307 1914 1424 1959; x_wconf 84' lang='lat' dir='ltr'><strong>legum</strong></span> <span class='ocrx_word' id='word_1_606' title='bbox 1439 1943 1448 1957; x_wconf 89' lang='lat'><strong>,</strong></span> <span class='ocrx_word' id='word_1_607' title='bbox 1484 1917 1702 1954; x_wconf 88' lang='lat' dir='ltr'><strong>iudiciorum</strong></span> <span class='ocrx_word' id='word_1_608' title='bbox 1727 1928 1762 1955; x_wconf 89' lang='lat' dir='ltr'><strong>et</strong></span> <span class='ocrx_word' id='word_1_609' title='bbox 1784 1921 1995 1968; x_wconf 88' lang='lat' dir='ltr'><strong>disciplinae</strong></span> <span class='ocrx_word' id='word_1_610' title='bbox 2021 1926 2192 1958; x_wconf 87' lang='lat' dir='ltr'><strong>emenda-</strong></span> 
     </span>
     <span class='ocr_line' id='line_1_93' title="bbox 1184 1972 1335 2000; baseline 0.013 -2"><span class='ocrx_word' id='word_1_611' title='bbox 1184 1972 1335 2000; x_wconf 82' lang='lat' dir='ltr'><strong>tionem.</strong></span> 
     </span>
    </p>

    <p class='ocr_par' dir='ltr' id='par_1_19' title="bbox 1180 2017 2191 2593">
     <span class='ocr_line' id='line_1_94' title="bbox 1288 2017 2191 2067; baseline 0.013 -16"><span class='ocrx_word' id='word_1_612' title='bbox 1288 2017 1386 2053; x_wconf 90' lang='lat' dir='ltr'><strong>Haec</strong></span> <span class='ocrx_word' id='word_1_613' title='bbox 1416 2032 1496 2054; x_wconf 88' lang='lat' dir='ltr'><strong>cum</strong></span> <span class='ocrx_word' id='word_1_614' title='bbox 1528 2023 1718 2067; x_wconf 91' lang='lat' dir='ltr'><strong>splendido</strong></span> <span class='ocrx_word' id='word_1_615' title='bbox 1745 2026 1904 2060; x_wconf 88' lang='lat' dir='ltr'><strong>carmine</strong></span> <span class='ocrx_word' id='word_1_616' title='bbox 1930 2027 1986 2061; x_wconf 91' lang='lat' dir='ltr'><strong>vir</strong></span> <span class='ocrx_word' id='word_1_617' title='bbox 2016 2029 2191 2063; x_wconf 87' lang='lat' dir='ltr'><strong>excellens</strong></span> 
     </span>
     <span class='ocr_line' id='line_1_95' title="bbox 1184 2070 2191 2116; baseline 0.013 -14"><span class='ocrx_word' id='word_1_618' title='bbox 1184 2070 1409 2113; x_wconf 88' lang='lat' dir='ltr'><strong>eruditione,</strong></span> <span class='ocrx_word' id='word_1_619' title='bbox 1438 2073 1586 2109; x_wconf 88' lang='lat' dir='ltr'><strong>consilio</strong></span> <span class='ocrx_word' id='word_1_620' title='bbox 1605 2082 1639 2110; x_wconf 90' lang='lat' dir='ltr'><strong>et</strong></span> <span class='ocrx_word' id='word_1_621' title='bbox 1663 2089 1775 2111; x_wconf 81' lang='lat' dir='ltr'><strong>venae</strong></span> <span class='ocrx_word' id='word_1_622' title='bbox 1798 2078 1946 2113; x_wconf 86' lang='lat' dir='ltr'><strong>flumine</strong></span> <span class='ocrx_word' id='word_1_623' title='bbox 1963 2079 2002 2115; x_wconf 93' lang='lat' dir='ltr'><strong>C.</strong></span> <span class='ocrx_word' id='word_1_624' title='bbox 2017 2079 2191 2116; x_wconf 78' lang='lat' dir='ltr'><strong>Erasmus</strong></span> 
     </span>
     <span class='ocr_line' id='line_1_96' title="bbox 1183 2121 2189 2178; baseline 0.011 -22"><span class='ocrx_word' id='word_1_625' title='bbox 1183 2121 1338 2164; x_wconf 88' lang='lat' dir='ltr'><strong>Laetus,</strong></span> <span class='ocrx_word' id='word_1_626' title='bbox 1365 2123 1402 2157; x_wconf 92' lang='lat' dir='ltr'><strong>in</strong></span> <span class='ocrx_word' id='word_1_627' title='bbox 1422 2125 1578 2161; x_wconf 82' lang='lat' dir='ltr'><strong>maxima</strong></span> <span class='ocrx_word' id='word_1_628' title='bbox 1595 2125 1702 2164; x_wconf 87' lang='lat' dir='ltr'><strong>huius</strong></span> <span class='ocrx_word' id='word_1_629' title='bbox 1726 2131 1844 2175; x_wconf 87' lang='lat' dir='ltr'><strong>operis</strong></span> <span class='ocrx_word' id='word_1_630' title='bbox 1862 2139 1965 2176; x_wconf 90' lang='lat' dir='ltr'><strong>parte</strong></span> <span class='ocrx_word' id='word_1_631' title='bbox 1983 2133 2189 2178; x_wconf 85' lang='lat' dir='ltr'><strong>complexus</strong></span> 
     </span>
     <span class='ocr_line' id='line_1_97' title="bbox 1184 2175 2188 2226; baseline 0.01 -17"><span class='ocrx_word' id='word_1_632' title='bbox 1184 2175 1250 2216; x_wconf 90' lang='lat' dir='ltr'><strong>sit,</strong></span> <span class='ocrx_word' id='word_1_633' title='bbox 1277 2182 1312 2209; x_wconf 86' lang='lat' dir='ltr'><strong>et</strong></span> <span class='ocrx_word' id='word_1_634' title='bbox 1333 2175 1411 2217; x_wconf 88' lang='lat' dir='ltr'><strong>tibi,</strong></span> <span class='ocrx_word' id='word_1_635' title='bbox 1429 2176 1507 2211; x_wconf 85' lang='lat' dir='ltr'><strong>Rex</strong></span> <span class='ocrx_word' id='word_1_636' title='bbox 1524 2177 1677 2226; x_wconf 84' lang='lat' dir='ltr'><strong>Inclyte,</strong></span> <span class='ocrx_word' id='word_1_637' title='bbox 1705 2188 1739 2215; x_wconf 92' lang='lat' dir='ltr'><strong>et</strong></span> <span class='ocrx_word' id='word_1_638' title='bbox 1755 2183 1945 2218; x_wconf 76' lang='lat' dir='ltr'><strong>universae</strong></span> <span class='ocrx_word' id='word_1_639' title='bbox 1962 2184 2104 2219; x_wconf 85' lang='lat' dir='ltr'><strong>Daniae</strong></span> <span class='ocrx_word' id='word_1_640' title='bbox 2119 2182 2188 2219; x_wconf 91' lang='lat' dir='ltr'><strong>hoc</strong></span> 
     </span>
     <span class='ocr_line' id='line_1_98' title="bbox 1184 2233 2188 2274; baseline 0.01 -14"><span class='ocrx_word' id='word_1_641' title='bbox 1184 2235 1440 2262; x_wconf 87' lang='lat' dir='ltr'><strong>ornamentum</strong></span> <span class='ocrx_word' id='word_1_642' title='bbox 1466 2233 1640 2274; x_wconf 89' lang='lat' dir='ltr'><strong>gratulor.</strong></span> <span class='ocrx_word' id='word_1_643' title='bbox 1694 2233 1769 2269; x_wconf 89' lang='lat' dir='ltr'><strong>Nec</strong></span> <span class='ocrx_word' id='word_1_644' title='bbox 1793 2242 1933 2269; x_wconf 89' lang='lat' dir='ltr'><strong>tantum</strong></span> <span class='ocrx_word' id='word_1_645' title='bbox 1951 2249 2064 2272; x_wconf 83' lang='lat' dir='ltr'><strong>venae</strong></span> <span class='ocrx_word' id='word_1_646' title='bbox 2082 2238 2188 2271; x_wconf 92' lang='lat' dir='ltr'><strong>uber-</strong></span> 
     </span>
     <span class='ocr_line' id='line_1_99' title="bbox 1183 2279 2189 2323; baseline 0.008 -10"><span class='ocrx_word' id='word_1_647' title='bbox 1183 2286 1315 2321; x_wconf 90' lang='lat' dir='ltr'><strong>tatem,</strong></span> <span class='ocrx_word' id='word_1_648' title='bbox 1343 2281 1404 2314; x_wconf 89' lang='lat' dir='ltr'><strong>sed</strong></span> <span class='ocrx_word' id='word_1_649' title='bbox 1427 2279 1717 2319; x_wconf 88' lang='lat' dir='ltr'><strong>honestissimam</strong></span> <span class='ocrx_word' id='word_1_650' title='bbox 1744 2287 1967 2322; x_wconf 76' lang='lat' dir='ltr'><strong>voluntatem</strong></span> <span class='ocrx_word' id='word_1_651' title='bbox 2000 2289 2075 2323; x_wconf 89' lang='lat' dir='ltr'><strong>eius</strong></span> <span class='ocrx_word' id='word_1_652' title='bbox 2099 2289 2189 2322; x_wconf 91' lang='lat' dir='ltr'><strong>boni</strong></span> 
     </span>
     <span class='ocr_line' id='line_1_100' title="bbox 1182 2332 2186 2383; baseline 0.011 -19"><span class='ocrx_word' id='word_1_653' title='bbox 1182 2338 1217 2366; x_wconf 87' lang='lat' dir='ltr'><strong>et</strong></span> <span class='ocrx_word' id='word_1_654' title='bbox 1233 2332 1365 2366; x_wconf 87' lang='lat' dir='ltr'><strong>eruditi</strong></span> <span class='ocrx_word' id='word_1_655' title='bbox 1383 2333 1603 2377; x_wconf 87' lang='lat' dir='ltr'><strong>laudabunt,</strong></span> <span class='ocrx_word' id='word_1_656' title='bbox 1632 2338 1730 2383; x_wconf 86' lang='lat' dir='ltr'><strong>quod</strong></span> <span class='ocrx_word' id='word_1_657' title='bbox 1749 2350 1829 2372; x_wconf 92' lang='lat' dir='ltr'><strong>cum</strong></span> <span class='ocrx_word' id='word_1_658' title='bbox 1848 2340 1937 2373; x_wconf 90' lang='lat' dir='ltr'><strong>sciat</strong></span> <span class='ocrx_word' id='word_1_659' title='bbox 1956 2353 2085 2374; x_wconf 88' lang='lat' dir='ltr'><strong>venam</strong></span> <span class='ocrx_word' id='word_1_660' title='bbox 2104 2353 2186 2374; x_wconf 82' lang='lat' dir='ltr'><strong>vere</strong></span> 
     </span>
     <span class='ocr_line' id='line_1_101' title="bbox 1182 2385 2186 2435; baseline 0.008 -17"><span class='ocrx_word' id='word_1_661' title='bbox 1182 2396 1274 2429; x_wconf 92' lang='lat' dir='ltr'><strong>opus</strong></span> <span class='ocrx_word' id='word_1_662' title='bbox 1298 2391 1331 2418; x_wconf 92' lang='lat' dir='ltr'><strong>et</strong></span> <span class='ocrx_word' id='word_1_663' title='bbox 1351 2385 1488 2420; x_wconf 90' lang='lat' dir='ltr'><strong>donum</strong></span> <span class='ocrx_word' id='word_1_664' title='bbox 1506 2386 1575 2421; x_wconf 89' lang='lat' dir='ltr'><strong>Dei</strong></span> <span class='ocrx_word' id='word_1_665' title='bbox 1597 2401 1691 2430; x_wconf 89' lang='lat' dir='ltr'><strong>esse,</strong></span> <span class='ocrx_word' id='word_1_666' title='bbox 1716 2390 1944 2435; x_wconf 86' lang='lat' dir='ltr'><strong>potissimum</strong></span> <span class='ocrx_word' id='word_1_667' title='bbox 1968 2405 2046 2426; x_wconf 88' lang='lat' dir='ltr'><strong>eam</strong></span> <span class='ocrx_word' id='word_1_668' title='bbox 2075 2393 2112 2426; x_wconf 93' lang='lat' dir='ltr'><strong>in</strong></span> <span class='ocrx_word' id='word_1_669' title='bbox 2133 2393 2186 2426; x_wconf 90' lang='lat' dir='ltr'><strong>di-</strong></span> 
     </span>
     <span class='ocr_line' id='line_1_102' title="bbox 1183 2437 2184 2489; baseline 0.009 -20"><span class='ocrx_word' id='word_1_670' title='bbox 1183 2437 1276 2471; x_wconf 88' lang='lat' dir='ltr'><strong>vinis</strong></span> <span class='ocrx_word' id='word_1_671' title='bbox 1298 2437 1466 2472; x_wconf 87' lang='lat' dir='ltr'><strong>laudibus</strong></span> <span class='ocrx_word' id='word_1_672' title='bbox 1492 2441 1683 2475; x_wconf 88' lang='lat' dir='ltr'><strong>consumit.</strong></span> <span class='ocrx_word' id='word_1_673' title='bbox 1734 2441 1957 2477; x_wconf 86' lang='lat' dir='ltr'><strong>Reverenter</strong></span> <span class='ocrx_word' id='word_1_674' title='bbox 1982 2445 2091 2489; x_wconf 87' lang='lat' dir='ltr'><strong>igitur</strong></span> <span class='ocrx_word' id='word_1_675' title='bbox 2119 2457 2184 2478; x_wconf 93' lang='lat' dir='ltr'><strong>oro</strong></span> 
     </span>
     <span class='ocr_line' id='line_1_103' title="bbox 1181 2489 2185 2541; baseline 0.008 -19"><span class='ocrx_word' id='word_1_676' title='bbox 1181 2489 1331 2533; x_wconf 84' lang='lat' dir='ltr'><strong>Regiam</strong></span> <span class='ocrx_word' id='word_1_677' title='bbox 1367 2489 1623 2526; x_wconf 81' lang='lat' dir='ltr'><strong>celsitudinem</strong></span> <span class='ocrx_word' id='word_1_678' title='bbox 1655 2499 1777 2535; x_wconf 79' lang='lat' dir='ltr'><strong>tuam,</strong></span> <span class='ocrx_word' id='word_1_679' title='bbox 1812 2502 1852 2529; x_wconf 87' lang='lat' dir='ltr'><strong>ut</strong></span> <span class='ocrx_word' id='word_1_680' title='bbox 1885 2493 1953 2529; x_wconf 90' lang='lat' dir='ltr'><strong>hoc</strong></span> <span class='ocrx_word' id='word_1_681' title='bbox 1986 2503 2020 2529; x_wconf 87' lang='lat' dir='ltr'><strong>et</strong></span> <span class='ocrx_word' id='word_1_682' title='bbox 2048 2497 2185 2541; x_wconf 89' lang='lat' dir='ltr'><strong>ingenii</strong></span> 
     </span>
     <span class='ocr_line' id='line_1_104' title="bbox 1180 2540 2184 2593; baseline 0.007 -18"><span class='ocrx_word' id='word_1_683' title='bbox 1180 2540 1324 2576; x_wconf 88' lang='lat' dir='ltr'><strong>Erasmi</strong></span> <span class='ocrx_word' id='word_1_684' title='bbox 1340 2548 1375 2576; x_wconf 87' lang='lat' dir='ltr'><strong>et</strong></span> <span class='ocrx_word' id='word_1_685' title='bbox 1392 2543 1588 2579; x_wconf 87' lang='lat' dir='ltr'><strong>voluntatis</strong></span> <span class='ocrx_word' id='word_1_686' title='bbox 1610 2545 1791 2590; x_wconf 89' lang='lat' dir='ltr'><strong>specimen</strong></span> <span class='ocrx_word' id='word_1_687' title='bbox 1809 2547 2003 2581; x_wconf 89' lang='lat' dir='ltr'><strong>clementer</strong></span> <span class='ocrx_word' id='word_1_688' title='bbox 2020 2548 2184 2593; x_wconf 84' lang='lat' dir='ltr'><strong>accipiat.</strong></span> 
     </span>
    </p>

    <p class='ocr_par' dir='ltr' id='par_1_20' title="bbox 1181 2593 2184 2801">
     <span class='ocr_line' id='line_1_105' title="bbox 1287 2593 2184 2644; baseline 0.007 -17"><span class='ocrx_word' id='word_1_689' title='bbox 1287 2593 1364 2639; x_wconf 86' lang='lat' dir='ltr'><strong>Ego</strong></span> <span class='ocrx_word' id='word_1_690' title='bbox 1395 2607 1482 2629; x_wconf 86' lang='lat' dir='ltr'><strong>vero</strong></span> <span class='ocrx_word' id='word_1_691' title='bbox 1518 2597 1660 2631; x_wconf 89' lang='lat' dir='ltr'><strong>tametsi</strong></span> <span class='ocrx_word' id='word_1_692' title='bbox 1693 2604 1808 2632; x_wconf 84' lang='lat' dir='ltr'><strong>totum</strong></span> <span class='ocrx_word' id='word_1_693' title='bbox 1844 2612 1933 2644; x_wconf 89' lang='lat' dir='ltr'><strong>opus</strong></span> <span class='ocrx_word' id='word_1_694' title='bbox 1963 2606 1997 2632; x_wconf 90' lang='lat' dir='ltr'><strong>et</strong></span> <span class='ocrx_word' id='word_1_695' title='bbox 2029 2600 2184 2634; x_wconf 90' lang='lat' dir='ltr'><strong>libenter</strong></span> 
     </span>
     <span class='ocr_line' id='line_1_106' title="bbox 1181 2646 2183 2697; baseline 0.007 -18"><span class='ocrx_word' id='word_1_696' title='bbox 1181 2646 1281 2690; x_wconf 90' lang='lat' dir='ltr'><strong>lego,</strong></span> <span class='ocrx_word' id='word_1_697' title='bbox 1310 2653 1344 2679; x_wconf 90' lang='lat' dir='ltr'><strong>et</strong></span> <span class='ocrx_word' id='word_1_698' title='bbox 1361 2647 1532 2682; x_wconf 87' lang='lat' dir='ltr'><strong>iudicium</strong></span> <span class='ocrx_word' id='word_1_699' title='bbox 1560 2649 1697 2684; x_wconf 88' lang='lat' dir='ltr'><strong>autoris</strong></span> <span class='ocrx_word' id='word_1_700' title='bbox 1723 2650 1957 2695; x_wconf 82' lang='lat' dir='ltr'><strong>magnifacio,</strong></span> <span class='ocrx_word' id='word_1_701' title='bbox 1986 2653 2183 2697; x_wconf 86' lang='lat' dir='ltr'><strong>quodcum</strong></span> 
     </span>
     <span class='ocr_line' id='line_1_107' title="bbox 1182 2699 2181 2748; baseline 0.006 -16"><span class='ocrx_word' id='word_1_702' title='bbox 1182 2710 1221 2732; x_wconf 84' lang='lat' dir='ltr'><strong>ea</strong></span> <span class='ocrx_word' id='word_1_703' title='bbox 1239 2699 1418 2733; x_wconf 84' lang='lat' dir='ltr'><strong>scribendi</strong></span> <span class='ocrx_word' id='word_1_704' title='bbox 1436 2713 1526 2734; x_wconf 82' lang='lat' dir='ltr'><strong>vena</strong></span> <span class='ocrx_word' id='word_1_705' title='bbox 1544 2708 1712 2746; x_wconf 86' lang='lat' dir='ltr'><strong>praestet,</strong></span> <span class='ocrx_word' id='word_1_706' title='bbox 1731 2715 1839 2748; x_wconf 85' lang='lat' dir='ltr'><strong>quam</strong></span> <span class='ocrx_word' id='word_1_707' title='bbox 1858 2709 1891 2736; x_wconf 90' lang='lat' dir='ltr'><strong>et</strong></span> <span class='ocrx_word' id='word_1_708' title='bbox 1908 2704 2067 2738; x_wconf 87' lang='lat' dir='ltr'><strong>eruditos</strong></span> <span class='ocrx_word' id='word_1_709' title='bbox 2084 2716 2181 2738; x_wconf 91' lang='lat' dir='ltr'><strong>nunc</strong></span> 
     </span>
     <span class='ocr_line' id='line_1_108' title="bbox 1181 2754 2181 2801; baseline 0.004 -17"><span class='ocrx_word' id='word_1_710' title='bbox 1181 2762 1323 2792; x_wconf 86' lang='lat' dir='ltr'><strong>amare,</strong></span> <span class='ocrx_word' id='word_1_711' title='bbox 1352 2758 1387 2785; x_wconf 91' lang='lat' dir='ltr'><strong>et</strong></span> <span class='ocrx_word' id='word_1_712' title='bbox 1404 2759 1542 2797; x_wconf 87' lang='lat' dir='ltr'><strong>gratam</strong></span> <span class='ocrx_word' id='word_1_713' title='bbox 1561 2754 1634 2788; x_wconf 91' lang='lat' dir='ltr'><strong>scio</strong></span> <span class='ocrx_word' id='word_1_714' title='bbox 1651 2755 1808 2789; x_wconf 86' lang='lat' dir='ltr'><strong>suturam</strong></span> <span class='ocrx_word' id='word_1_715' title='bbox 1832 2768 1906 2790; x_wconf 87' lang='lat' dir='ltr'><strong>esse</strong></span> <span class='ocrx_word' id='word_1_716' title='bbox 1931 2755 2083 2801; x_wconf 86' lang='lat' dir='ltr'><strong>posteris</strong></span> <span class='ocrx_word' id='word_1_717' title='bbox 2099 2783 2108 2798; x_wconf 85' lang='lat'>‚</span> <span class='ocrx_word' id='word_1_718' title='bbox 2136 2757 2181 2789; x_wconf 88' lang='lat' dir='ltr'><strong>ad</strong></span> 
     </span>
    </p>
   </div>
  </div>
 </body>
</html>
