2453 3037
307 122 355 157 79
920 115 1043 149 Pffll..

305 208 494 252 Spondeus
511 212 572 239 est.
600 205 761 247 Sicapud
773 202 963 245 Virgilium
975 199 1128 248 [Georg.
1140 198 1198 239 IV,
1211 197 1311 246 34.]:

411 259 480 292 Seu
497 258 594 290 lento
613 256 745 289 fuerint
762 254 916 286 alvearia
939 253 1072 285 vimine
1094 258 1201 285 texta.

409 307 593 344 κλείουσιν
610 312 761 344 canunt,
788 318 804 337 a
828 302 936 339 κλείω
955 304 1085 348 inclyte
1105 303 1259 336 celebro.

411 362 561 405 πρῶτον
577 357 800 397 adverbium,
823 357 991 400 primum.
1015 353 1138 400 ἀοιδῇ,
1155 354 1309 388 dativus.

410 409 555 445 αἰδοῖον
590 407 715 456 γένος,
763 408 966 442 accusativi.
1032 405 1140 454 γένος
1173 406 1310 450 primae

306 469 510 498 contractae
528 460 778 494 declinationis
797 466 964 493 neutrum
983 458 1247 493 substantivum
1272 457 1311 490 in

307 529 365 558 ος,
392 520 431 547 ut
446 510 576 557 μέλος,
599 511 691 557 χάος
703 510 826 557 χάεος.

408 565 512 599 θεῶν
529 564 708 607 genitivus
725 563 872 607 pluralis
891 575 909 595 a
926 558 1027 603 θεός,
1054 562 1149 607 quod
1170 574 1187 593 a
1205 558 1310 594 θεάω

305 617 480 661 templor,
516 628 577 649 seu
603 613 706 650 θέειν
732 627 875 648 currere
905 614 1083 647 derivant.
1145 612 1239 646 Nam
1267 624 1309 644 eo

305 667 537 703 vetustissimi
554 667 704 700 nomine
729 667 868 700 coelum
895 666 1016 699 dixere
1032 693 1040 705 ,
1069 665 1166 710 quod
1186 669 1309 708 postea

305 718 466 767 οἰρανός
482 719 526 751 ’ὼ
545 715 648 764 ὁράω
666 725 782 752 tueoi.

409 788 487 834 (Vs.
505 785 584 833 52.)
622 786 804 835 αἰγιόχοιο
837 786 1014 831 genitixus
1039 784 1200 824 lonicus,
1243 796 1309 828 pro

305 839 476 889 αἰγιόχου
510 839 637 872 tertiie
672 838 943 877 declinationis,
984 835 1150 885 αἶγιοχος
1175 834 1311 880 Iupiter

306 891 606 937 cognominatus,
640 888 713 925 ἀπὸ
737 892 800 934 τῆς
824 891 887 937 aij
891 888 929 928 ὸς
953 888 1056 933 οχῆς,
1095 889 1138 920 ab
1164 887 1310 920 alumna

306 955 426 989 capra.
483 942 534 975 Ea
561 948 634 982 est,
667 943 762 975 unde
784 954 894 988 κέρας
914 938 1144 985 dammum,
1175 938 1310 983 Copiae

306 1008 420 1029 cornu
437 993 511 1027 Iovi
530 1000 710 1028 sacratum
730 1000 793 1034 est,
818 992 949 1026 xideC¹
943 989 1127 1024 allimachi
1143 988 1310 1036 hymnos,

305 1046 524 1081 Pausaniam
546 1046 583 1078 in
601 1045 807 1085 Arcadicis,
837 1051 871 1078 et
890 1042 1124 1089 Mythologos
1141 1043 1242 1076 ιιΙίο5.

411 1113 489 1158 (Vs.
506 1111 585 1159 53.)
618 1109 693 1152 Τάς
717 1112 745 1146 5ἰ
772 1112 824 1145 vis
849 1111 997 1156 proprie
1023 1122 1222 1155 exponere,
1256 1110 1311 1144 fac

306 1165 586 1211 postpositivum
620 1164 813 1197 articulum
846 1162 910 1207 ἅς,
954 1162 1200 1208 adspiratione
1229 1162 1267 1195 in
1290 1176 1312 1196 τ

306 1218 494 1252 translata.

412 1270 452 1304 ἐν
478 1265 635 1313 Πιερίῃ,
670 1267 709 1302 ἐν
733 1265 955 1311 praepositio
984 1266 1106 1298 dativo
1135 1264 1311 1298 construi-

307 1327 377 1354 tur.
446 1319 573 1353 Musae
598 1320 635 1351 in
661 1319 780 1352 Pieria
805 1318 946 1362 genitae
979 1317 1170 1357 dicuntur,
1214 1317 1312 1362 quod

306 1373 385 1406 istic
411 1371 570 1415 primum
599 1377 746 1415 coeptae
773 1370 844 1404 sint
871 1369 959 1409 coli,
997 1368 1151 1402 conditis
1175 1382 1193 1401 a
1217 1367 1312 1401 Lino

305 1422 434 1463 sacris,
462 1429 501 1456 ut
529 1423 568 1455 in
585 1421 767 1456 Boeoticis
784 1421 1004 1461 Pausanias,
1041 1427 1075 1453 et
1099 1433 1165 1454 nos
1191 1421 1313 1465 ecloga

307 1477 344 1509 in
361 1472 542 1509 Philonda
562 1474 733 1507 lusimus:
767 1473 878 1517 Orgia
897 1472 1083 1506 Pieridum
1110 1472 1173 1517 qui
1198 1473 1313 1516 spiras

308 1538 445 1571 nupera
464 1523 632 1570 Daphni,
657 1531 723 1558 etc.

411 1583 580 1632 Α’ρονίὸῃ
605 1585 767 1624 dativus,
803 1583 1084 1629 patronimicui'u
1113 1595 1131 1615 a
1158 1579 1313 1628 Κρόνος.

306 1637 359 1671 Ita
379 1637 576 1671 Saturnum
595 1649 767 1670 vocamus
792 1648 810 1668 a
827 1634 964 1682 χρόνος
987 1642 1147 1679 tempus,
1176 1632 1314 1682 Κρονί-

306 1687 373 1736 δης
390 1689 602 1729 Saturnius,
629 1688 769 1747 primae
786 1686 1039 1721 declinationis
1057 1687 1175 1731 simpl.

410 1741 563 1789 μιγεῖσα
586 1740 817 1785 participium
842 1739 1016 1772 aoriston.
1078 1737 1174 1772 Infra
1202 1738 1313 1771 disces

308 1793 579 1826 formationem.
634 1790 653 1827 ὁ
671 1805 791 1840 atyn,
817 1789 1012 1839 μιγέντο5,
1040 1788 1061 1836 ἡ
1078 1792 1229 1838 μιγεῖσα
1253 1803 1314 1835 μι-

307 1842 451 1893 γείσης,
479 1843 522 1879 τὸ
539 1843 649 1892 μιγέν
672 1842 857 1891 ιιιγὲντος.

415 1913 492 1958 (Vs.
511 1910 591 1958 54.)
628 1908 874 1958 ΖνΙνημοσύνη
906 1909 1158 1944 declinationis
1190 1921 1313 1943 secun-

309 1966 375 1998 dae
394 1965 512 2009 simpl.
549 1964 727 1997 Memoria
745 1969 838 1996 artes
856 1962 1007 2007 peperit,
1036 1962 1215 2006 eleganter
1234 1959 1314 2001 hoc,

309 2024 485 2063 quantmu
507 2017 552 2049 ad
579 2013 823 2063 μυθολογίαν
843 2014 991 2054 attinet,
1020 2026 1038 2047 a
1059 2011 1256 2046 Plutarcho
1278 2026 1313 2046 m

309 2068 556 2102 convivalibus
579 2067 850 2113 quaestionibus
875 2066 1004 2110 agitur.
1074 2065 1255 2098 Habemus
1281 2072 1315 2098 et

310 2132 376 2154 nos
398 2122 443 2153 ad
459 2118 552 2152 hanc
568 2132 643 2152 rem
663 2119 894 2152 suavissimos
910 2117 1054 2150 LaberIi
1076 2116 1288 2150 versiculos:

363 2169 524 2215 Sophian
545 2183 601 2203 me
619 2177 751 2204 vocant
769 2170 891 2210 Graii,
918 2182 981 2203 vos
998 2169 1224 2214 sapientiam.

365 2223 458 2257 Usus
476 2235 533 2255 me
550 2222 673 2266 genuit
683 2222 749 2267 ⁹³),
778 2228 893 2255 mater
914 2221 1053 2266 peperit
1071 2220 1263 2254 Memoria.

415 2285 611 2332 γουνοῖσιν
629 2283 837 2317 seminibus.
873 2284 974 2328 Quos
991 2296 1055 2327 ego
1076 2282 1150 2315 vidi
1166 2282 1315 2316 Hesiodi

313 2336 464 2375 libellos,
491 2333 535 2370 τὸ
554 2336 750 2383 γουνοῖσιν
767 2348 784 2367 a
804 2335 981 2378 superiori
998 2334 1173 2369 sententia
1191 2334 1316 2367 distin-

314 2394 438 2432 guunt.
492 2386 617 2432 Itaque
636 2393 669 2419 et
687 2399 751 2430 ego
772 2386 808 2418 in
827 2399 906 2419 eum
927 2388 1095 2427 modum,
1132 2387 1193 2419 sed
1218 2398 1235 2419 e
1260 2398 1317 2418 ra-

316 2440 414 2472 tione
431 2436 674 2483 mythologiae
693 2450 800 2482 supra
823 2438 924 2471 verti.
968 2438 1090 2483 Longe
1110 2450 1194 2471 vero
1213 2449 1316 2482 prae-

314 2497 404 2530 stat,
440 2497 615 2535 quantum
645 2489 818 2530 conficio,
854 2489 902 2523 sic
929 2489 1176 2534 interpretari:
1217 2489 1317 2535 Quas

316 2541 489 2575 memoria
511 2541 629 2574 iuncta
650 2541 845 2575 seminibus
864 2540 939 2574 lovi
956 2541 1049 2586 patri
1067 2541 1226 2586 peperit,
1258 2542 1318 2574 de-

351 2678 398 2708 99)
421 2685 471 2701 vos
490 2677 665 2707 sapientiam.

389 2713 468 2736 [mitt.
489 2713 579 2743 1513,
602 2712 693 2739 1538..

387 2749 484 2776 pater,

705 2677 778 2699 Usus
798 2684 840 2700 nie
860 2676 952 2705 genuit
963 2678 985 2705 ,l
1006 2676 1046 2699 sic
1058 2675 1139 2701 Editt.
1157 2676 1230 2700 1542.
1244 2683 1321 2706 sqq.;

718 2712 790 2735 154¹.
814 2712 902 2735 Latini
925 2711 1105 2741 sapientiam,
1133 2711 1205 2734 Usus
1226 2711 1322 2741 genuit

1080 113 1193 148 MEL.
1230 110 1435 146 SCRIPTA
1468 108 1807 145 PHILOLOGICA.

2319 109 2371 144 80

1369 197 1505 230 lectans
1523 195 1657 236 Iovem,
1686 196 1820 236 Musas,
1848 196 2010 240 inquam,
2038 194 2190 239 peperit,
2216 194 2370 228 oblivio-

1368 260 1451 281 nem
1478 249 1677 287 malorum,
1719 254 1753 280 et
1779 259 1948 280 curarum
1976 246 2296 292 tranquillitatem,
2330 252 2370 279 ut

1367 297 1425 333 hic
1453 300 1646 333 versiculus
1673 295 1899 343 appositione
1928 311 2008 331 cuin
2039 292 2286 342 superioribus
2311 309 2369 330 co-

1367 350 1526 385 haereat.
1580 351 1681 384 Facit
1697 350 1913 384 constructio
1936 349 2035 383 verbi
2057 347 2181 394 μέδω,
2209 355 2249 382 ut
2271 347 2370 382 hunc

1366 403 1531 436 ordinem
1553 404 1715 447 probem.
1769 400 1906 449 γουνός
1929 414 2071 441 semen,
2100 400 2152 434 vis
2176 401 2369 440 foecunda,

1365 455 1491 488 tertiae
1511 453 1763 488 declinationis
1782 453 2012 497 simplicium.

1466 504 1665 551 ,ιιεὸε-ὀυσα,
1684 504 1913 550 participium
1931 516 1947 535 a
1962 502 2083 549 μεὸἑω
2099 503 2264 550 antiquo,
2281 515 2368 537 curo

1486 557 1650 603 Δμεδέων,
1675 555 1883 601 Διιεδέουσα,
1907 554 2054 601 μὲὃεον.

1462 617 1688 663 Ἐλευθῆρος
1712 618 1755 649 ab
1774 612 1934 662 ἐλευθήρ
1953 616 2100 661 quintae
2117 614 2370 650 declinationis

1363 670 1603 714 simplicium,
1632 668 1724 702 Iovis
1743 665 1949 712 epitheton,
1978 673 2012 700 et
2036 668 2134 711 apud
2149 667 2368 701 Pausaniam

1365 733 1486 755 cernes
1499 748 1507 761 ,
1536 721 1714 754 libertatis
1730 720 1854 753 titulus
1874 726 1936 753 est.

1365 564 1430 592 etc.

1467 788 1545 832 (Vs.
1563 787 1643 833 55.)
1677 785 1893 833 λησμοσύνη
1927 787 2083 827 oblivio,
2127 799 2145 819 a
2172 783 2370 829 λανθάνω,

1365 842 1549 887 quomodo
1571 840 1691 873 veniat
1710 838 1792 872 hinc
1806 867 1815 880 ,
1844 839 1979 872 docebo
1998 839 2068 872 alio
2086 838 2179 873 loco.
2239 838 2368 872 Musae

1365 893 1528 926 animum
1553 892 1811 937 tranquillant,
1847 891 2031 925 affectibus
2056 890 2230 930 liberant,
2263 897 2304 924 ut
2329 902 2373 924 ex

1365 945 1528 979 instituto
1548 942 1791 989 Pythagorico
1810 942 2006 986 intelliges,
2035 948 2069 975 et
2086 941 2370 987 Clytemnesttae

1365 994 1540 1036 historia,
1584 1008 1676 1042 quae
1714 1001 1789 1028 tum
1821 995 1968 1027 demum
2002 993 2131 1027 violari
2158 993 2370 1038 pudicitiam

1365 1061 1466 1082 suam
1489 1060 1590 1093 passa
1609 1053 1681 1087 est,
1711 1059 1791 1080 cum
1816 1046 1990 1079 musicum
2015 1046 2225 1080 sustulisset.
2286 1045 2372 1079 Plu-

1365 1100 1457 1133 rima
1478 1101 1522 1132 ad
1540 1098 1627 1133 haec
1645 1100 1741 1143 apud
1758 1096 1987 1132 Athenaeum
2002 1097 2099 1141 lege,
2135 1097 2207 1130 alio
2225 1097 2254 1131 si
2271 1097 2371 1131 lubet

1366 1159 1400 1185 et
1420 1150 1513 1185 hanc
1531 1149 1684 1197 mython
1702 1148 1825 1191 trahe,
1852 1150 1903 1182 nil
1928 1149 2078 1194 dignum
2101 1149 2225 1193 parari
2241 1149 2368 1190 Musis,

1366 1204 1434 1237 nisi
1453 1203 1648 1248 tranquilla
1670 1209 1704 1235 et
1720 1208 1814 1235 recte
1831 1201 2025 1235 constituta
2042 1207 2175 1235 mente.

1472 1254 1678 1299 (sanaugia,
1708 1253 1851 1286 verbale
1874 1259 2063 1293 neutrum,
2090 1252 2181 1287 sicut
2196 1251 2368 1301 γράμμα.

1469 1302 1717 1352 μερμαιράων
1743 1317 1911 1338 curarum
1940 1304 2140 1338 anxiatum.
2206 1303 2247 1338 Id
2273 1304 2369 1337 enim

1367 1358 1423 1391 vel
1448 1356 1641 1405 μερμαίρα
1669 1357 1722 1389 vel
1747 1355 1911 1403 μέριμνα
1936 1355 2131 1400 significat,
2172 1363 2369 1401 utrumque

1366 1410 1543 1444 secundae
1567 1407 1818 1443 declinationis
1844 1407 2081 1451 simplicium,
2113 1405 2280 1454 μέριμνα
2299 1407 2371 1441 usi-

1367 1461 1475 1494 tatius
1494 1467 1556 1494 est.
1610 1458 1827 1493 Theocritus
1845 1458 1964 1503 (Idyll.
1983 1457 2075 1499 XXI,
2102 1459 2120 1492 1
2134 1459 2264 1503 —3.):

1362 1511 1404 1547 ‘A
1419 1511 1546 1554 πενία,
1576 1509 1765 1558 Διόφαντε
1778 1537 1785 1549 ,
1814 1511 1914 1555 μόνα
1930 1509 1996 1549 τὰς
2012 1509 2144 1556 τέχνας
2161 1509 2310 1558 ἐγείρει·

1368 1563 1465 1599 αὐτὰ
1488 1565 1540 1598 τεῦ
1565 1561 1730 1608 μόχθοιο
1748 1561 1993 1601 διδάσκαλος·
2022 1560 2110 1597 οὐδὲ
2129 1560 2204 1610 γὰρ
2223 1561 2322 1598 εὕδει

1368 1614 1555 1662 ἀνδράσιν
1573 1613 1801 1662 ἐργατίναισι
1819 1612 1931 1648 κακαὶ
1947 1612 2145 1660 παρέχοντι
2165 1613 2355 1662 μέριμναι.

1367 1667 1586 1712 Paupertas,
1609 1664 1816 1711 Diophante
1828 1693 1836 1705 ‚
1864 1666 1940 1699 sola
1956 1671 2050 1699 artes
2068 1666 2197 1699 excitat
2208 1692 2217 1706 ,

1366 1718 1445 1764 Ipsa
1466 1719 1600 1752 laboris
1619 1718 1789 1763 magistra
1811 1724 1873 1752 est.
1921 1717 2049 1763 Neque
2066 1717 2162 1750 enim
2182 1717 2343 1751 dormire

1367 1771 1463 1804 Viris
1483 1770 1735 1815 operatoribus
1754 1770 1869 1802 malae
1885 1768 2276 1813 praebentangustiae.

1466 1831 1581 1864 Huius
1599 1830 1858 1874 significantiae
1876 1836 1928 1863 est
1944 1835 1977 1862 et
1991 1825 2189 1875 μεριμνάω
2205 1830 2371 1869 verbum,

1368 1883 1553 1921 sollicitus,
1574 1883 1699 1915 anxius
1710 1881 1841 1925 cogito,
1858 1881 1932 1914 eius
1944 1893 2026 1914 usus
2044 1887 2095 1914 est
2112 1880 2149 1913 in
2158 1880 2291 1914 Psalm.
2309 1880 2372 1916 37.

1367 1934 1441 1984 [vs.
1469 1932 1547 1981 19.]
1588 1932 1652 1968 καὶ
1690 1928 1909 1979 μεριμνήσω
1950 1929 2044 1978 ὑπὲρ
2081 1934 2146 1978 τῆς
2180 1930 2368 1980 ἁμαρτίας

1367 2000 1457 2032 μου,
1486 1993 1520 2019 et
1536 1985 1662 2019 anxius
1679 1997 1741 2019 seu
1758 1984 1930 2018 sollicitus
1951 1996 2011 2017 ero
2028 1996 2093 2028 pro
2112 1990 2258 2028 peccato
2276 1996 2370 2018 meo.

1370 2039 1612 2073 Commodum
1633 2036 1788 2069 reddidit
1805 2036 1857 2069 Gr
1861 2047 1964 2069 aecus
1981 2033 2170 2080 emphasin
2187 2036 2284 2070 vocis
2301 2035 2371 2069 He—

1368 2091 1499 2124 braeae
1520 2096 1627 2128 :5wa
1649 2088 1677 2121 Ι
1682 2088 1777 2121 atine
1803 2087 1967 2131 cogitabo
1990 2088 2161 2131 legimus,
2195 2089 2294 2133 quod
2318 2087 2371 2120 vi-

1370 2144 1431 2176 des
1465 2154 1573 2188 quam
1607 2153 1682 2173 uon
1715 2141 1932 2184 respondeat
1957 2139 2083 2183 plenae
2110 2139 2369 2184 significantiae

1370 2194 1487 2227 verbis
1505 2188 1724 2239 ιιεριιινήσω
1741 2190 1804 2226 καὶ
1822 2198 1937 2242 :st-2523.

1474 2261 1551 2308 (Vs.
1578 2261 1657 2306 60.)
1711 2256 1930 2306 ὁμόφρονας
1972 2260 2016 2293 ab
2059 2256 2160 2304 ὁμῶς
2201 2258 2371 2307 φρονεῖν,

1371 2314 1494 2360 aequis
1528 2312 1664 2356 legibus
1698 2313 1919 2344 conveniunt
1945 2311 2131 2346 Musarum
2157 2310 2371 2351 cantilenae,

1372 2367 1407 2400 id
1425 2372 1496 2405 est,
1525 2364 1619 2397 Tum
1639 2365 1783 2397 denmm
1806 2370 1900 2397 recte
1920 2369 2013 2397 artes
2033 2369 2254 2402 tractantur,
2288 2374 2371 2395 cum

1371 2417 1462 2451 aliae
1493 2415 1570 2450 aliis
1604 2416 1812 2460 iunguntur.
1889 2413 2018 2449 Choris
2047 2415 2204 2460 gaudent
2232 2412 2372 2453 Musae,

1372 2468 1555 2503 dialectica
1582 2466 1787 2501 rhetoribus
1816 2467 1896 2501 usui
1923 2474 1994 2508 est,
2033 2465 2229 2511 geometria
2256 2470 2372 2498 astro-

1371 2520 1509 2560 nomis,
1546 2526 1688 2564 poetam
1716 2517 1965 2564 philosophia,
2002 2515 2258 2563 philosophum
2284 2523 2371 2561 po&-

1373 2574 1439 2606 tica
1467 2572 1717 2611 commendat,
1752 2578 1858 2617 atque
1884 2571 1920 2603 id
1945 2577 2013 2610 est,
2050 2570 2148 2615 quod
2175 2567 2372 2617 ἐγκύκλιον

1372 2637 1542 2658 vocamus
1575 2621 1759 2661 παιδείαν.
1828 2622 1975 2656 Declina
2002 2620 2021 2656 ὃ
2053 2619 2259 2668 ὃμόφρων,
2300 2621 2371 2654 τοῦ

1372 2675 1601 2723 οιιόφρονος,
1632 2675 1726 2709 iuxta
1745 2674 1948 2718 analogiam
1967 2673 2114 2719 quintae
2138 2671 2371 2718 simplicium,

1372 2741 1402 2763 ω
1420 2729 1456 2761 in
1477 2741 1496 2762 ο
1513 2733 1684 2762 mutatur.
