2389 3037
119 97 189 133 761
647 95 720 131 Vll.
776 96 1147 133 ‹JOMPENDLARIA

120 184 336 223 commoda,
366 183 551 228 religionis
567 190 814 229 contemptus,
842 185 1022 229 periuria,
1051 197 1128 219 cae-

119 237 199 276 des,
227 241 373 279 stupra,
399 235 618 269 vastationes
637 248 828 278 agrorum,
859 244 893 270 et
910 237 1053 272 similia.

531 316 715 350 Eventa.

226 388 334 432 Quod
358 386 502 419 effectus
523 384 601 425 alii,
631 396 696 418 nos
718 392 843 418 eventa
864 397 1047 419 xocamus.

222 439 280 472 Ab
304 436 359 472 his
384 436 534 481 perinde
557 443 593 469 ut
620 449 637 468 a
663 436 794 470 caussis
811 435 1005 470 trabuntur
1022 448 1126 482 argu-

120 498 254 526 menta.

221 542 278 576 Ab
297 541 425 575 effectu
441 552 586 574 caussae
605 540 790 574 efficientis
799 539 858 587 ⁹⁸),
884 547 932 582 ut,
955 540 1040 576 Dies
1060 549 1125 583 est,
1150 537 1155 576 l

118 607 204 640 ergo
229 594 283 629 sol
310 600 409 628 ortus
438 600 500 628 est.
557 592 682 626 Proles
709 598 761 626 est
786 591 970 634 Traiano,
1001 595 1126 638 genuit
1150 590 1152 614 3

118 647 239 693 igitur.
301 645 459 680 Verbum
488 646 544 679 dei
572 644 672 677 audit
696 643 904 685 Cornelius,
942 652 992 680 est
1015 646 1125 690 igitur
1149 645 1153 716 ἶ

117 712 160 734 ex
180 700 261 733 deo.

222 752 256 786 A
280 750 452 790 materia,
482 747 627 794 Cyplins
653 747 824 794 liquitur,
854 762 926 782 non
947 757 998 784 est
1015 750 1124 796 igitur
1149 753 1152 792 J

116 804 266 849 ligneus.
1148 808 1152 844 ¹.

220 856 254 889 A
269 854 399 893 forma,
417 852 596 888 Volubilis
608 860 658 887 est
669 853 806 897 globus,
827 861 877 887 est
894 853 1002 898 igitur
1020 861 1123 890 teres.

218 908 250 940 Α
266 906 416 946 finibus,
444 905 531 950 Agri
551 906 679 939 xastati
699 913 779 940 sunt
792 933 800 945 ,
831 906 919 940 caesi
938 907 1034 939 ferro
1052 908 1122 941 ‹rul-

116 965 232 999 tores,
260 958 393 992 bellum
413 958 521 1002 igitur
540 957 617 992 fuit.

217 1009 390 1055 Exempla
424 1022 490 1055 pro
519 1022 554 1044 se
579 1010 730 1056 quisque
756 1010 946 1055 diligenter
974 1018 1121 1046 venetur

115 1074 157 1095 ex
175 1062 322 1107 optimis
340 1062 541 1108 quibusque
560 1061 817 1107 scriptoribus,
845 1076 936 1109 qnae
961 1063 1121 1098 dicturus
1147 1065 1149 1074 ¹

119 1119 183 1147 aut
206 1114 405 1159 scripturus
428 1114 608 1154 imitetur,
636 1114 740 1148 nobis
759 1115 844 1149 satis
863 1115 977 1149 visum
1001 1122 1051 1150 est
1068 1117 1121 1149 in-
1147 1141 1148 1144 η

117 1166 251 1200 dicasse
270 1167 546 1211 argumentandi
565 1168 727 1200 modum.
781 1167 906 1213 Neque
921 1180 1049 1213 parum
1067 1181 1121 1202 re-

116 1219 206 1258 fert,
235 1230 451 1264 quocunque
470 1219 656 1264 proposito
675 1216 853 1259 themate,
881 1220 1000 1254 statim
1024 1233 1120 1255 caus-
1146 1219 1148 1223 ⁴

116 1282 172 1304 sas
189 1270 378 1305 effectusve
399 1283 634 1315 cognoscere,
660 1271 732 1304 imo
756 1271 945 1317 peculiaris
966 1280 1017 1306 est
1036 1285 1119 1318 ope-

116 1333 197 1363 rae,
224 1323 455 1369 perquirere,
484 1336 525 1356 ex
546 1323 675 1369 quibus
694 1323 778 1369 quid
803 1331 997 1370 sequatur,
1027 1338 1118 1371 quae
1146 1324 1148 1354 ,¹

115 1374 288 1422 cuiusque
306 1375 358 1409 rei
377 1387 521 1410 caussae
534 1403 543 1415 ,
572 1375 632 1422 qui
657 1375 801 1410 effectus
824 1376 906 1412 sint.

481 1465 667 1509 Pugnan
680 1464 756 1499 tia.

220 1535 251 1569 Α
269 1534 524 1580 pugnantibus,
550 1534 813 1579 etfrequentia,
839 1541 873 1567 et
891 1534 1043 1568 efficacia
1065 1548 1120 1568 ar-

113 1594 282 1636 gumenta
308 1589 500 1622 ducuntur.
555 1586 600 1620 Et
622 1587 658 1620 in
682 1586 933 1631 amplificanda
954 1587 1119 1621 oratione

114 1642 172 1676 vix
197 1641 260 1676 ulli
286 1640 367 1675 loco
394 1641 474 1686 plus
499 1638 689 1675 tribuitur,
728 1650 834 1684 qnam
863 1640 1119 1684 pugnantibus,
1146 1644 1147 1647 ’

114 1694 287 1728 nimirum
322 1694 440 1738 quod,
481 1698 521 1725 ut
558 1691 664 1735 vulgo
702 1690 853 1729 dicitnr,
890 1691 1012 1724 lumen
1039 1704 1117 1725 ora-

113 1746 227 1788 tioni,
260 1752 314 1786 et,
349 1752 390 1779 ut
415 1744 543 1778 Graeci
570 1743 713 1783 dicunt,
749 1742 962 1787 enargeian,
999 1744 1033 1777 id
1057 1751 1119 1782 est,
1146 1744 1148 1747 '

113 1798 422 1845 perspicuitatem,
450 1809 511 1831 seu
530 1796 746 1830 evidentiam
766 1796 987 1836 afferuntffl).
1029 1795 1119 1842 Quis
1146 1840 1147 1847 ἵ

115 1851 211 1886 enim
238 1862 314 1885 non
331 1849 460 1884 clarius
477 1848 651 1894 percipiat
669 1848 752 1881 belli
770 1849 883 1887 mala,
914 1849 939 1882 si
960 1861 1037 1881 cum
1059 1861 1118 1893 pa-

116 1904 163 1938 cis
182 1903 382 1937 commodis
401 1900 658 1936 conserantur?

217 1955 372 1989 Formae
399 1954 636 2000 pugnantium
669 1960 825 1998 quatuor
858 1953 963 1997 vulgo
995 1966 1118 1986 nume-
1145 1956 1147 1961 '

116 2014 255 2042 rantur.

114 2061 180 2094 bus
197 2056 356 2094 trahitur
370 2065 622 2103 argumentum
644 2058 679 2090 in
699 2056 795 2091 hunc
820 2059 986 2090 modum:
1025 2057 1119 2091 Con-

309 2006 580 2046 Relativorum,
609 2012 668 2045 ut,
696 2011 799 2050 pater
817 2011 851 2038 et
867 2005 980 2045 silius,
1006 2019 1023 2038 a
1042 2006 1117 2050 qui-
1146 2027 1148 2051 l

1176 98 1492 135 DIALECTICES
1521 100 1683 136 RATIO.
2114 109 2189 147 762

1185 186 1292 221 visus.
1345 187 1554 232 Significant
1574 195 1693 222 autem
1714 190 1935 234 privationes
1951 206 2025 228 non
2046 203 2190 231 contra-

1183 238 1255 273 rias
1277 251 1332 273 res
1355 247 1415 274 aut
1438 240 1593 279 formas,
1627 248 1691 275 aut
1716 243 1926 286 qualitates,
1961 247 2023 279 sed
2047 253 2188 281 tantum

1183 286 1410 329 quarundam
1439 287 1638 324 formarum
1669 299 1730 326 aut
1764 295 1978 339 qualitatum
2011 299 2189 344 despolia-

1184 336 1331 371 tionem.
1387 338 1548 374 Caecitas
1573 344 1667 376 enim
1692 357 1765 377 non
1787 353 1857 387 est,
1885 348 1953 382 nisi
1972 350 2187 395 despoliatio

1183 387 1294 426 visus;
1341 390 1509 424 tenebrae
1540 405 1612 426 non
1648 395 1714 429 nisi
1746 398 1959 443 despoliatio
1989 401 2087 436 lucis.
2148 402 2187 438 ln

1182 436 1236 473 bis
1254 439 1338 473 item
1356 441 1405 475 sic
1426 453 1740 487 argumentamur:
1771 449 1959 485 Tenebrae
1983 461 2084 493 sunt,
2113 467 2186 488 non

1180 498 1230 525 est
1248 491 1358 536 igitur
1377 493 1449 528 lux.

1284 544 1674 591 Contradictoriorum,
1695 565 1788 597 quae
1807 556 2187 602 propositiones-sunt,

1180 595 1273 629 inter
1289 610 1377 643 quas
1396 599 1496 632 nullo
1516 602 1624 634 modo
1644 605 1825 645 convenit,
1853 614 1904 647 ut,
1932 607 2085 643 loannes
2101 612 2187 645 scri-

1179 648 1249 688 bit,
1276 648 1430 685 loannes
1451 663 1524 685 non
1543 653 1684 694 scribit,
1713 669 1805 702 quae
1826 670 2012 705 nunquam
2035 670 2186 706 possunt

1150 717 1152 739 f
1179 701 1304 734 eodem
1326 708 1488 747 tempore
1507 706 1712 742 convenire.
1749 709 1817 742 Sed
1836 710 1878 743 de
1895 715 2185 749 contradictoriis

1179 760 1213 786 et
1235 765 1343 799 supra
1367 755 1533 791 diximus.
1589 756 1626 791 ln
1646 755 1700 792 bis
1718 760 1766 793 sic
1785 771 2093 805 argumentamur.
2147 766 2183 800 Si

1180 817 1302 839 verum
1322 814 1372 840 est
1389 809 1685 852 pronuntiatum:
1712 811 1842 847 Caesar
1862 815 2185 862 ricitPoinpeium,

1149 879 1151 900 ²,
1180 857 1399 903 impossibile
1441 868 1493 894 est
1527 863 1848 898 contradictorium
1887 871 2182 911 pronuntiatum:

1178 908 1311 944 Caesar
1332 924 1404 945 non
1429 912 1512 946 vicit
1529 913 1759 959 Pompeium.

1147 960 1150 998 ᾇ
1179 963 1367 1003 tradictio,
1396 965 1463 999 nisi
1482 965 1516 998 in
1537 969 1792 1010 pronuntiatis.

1814 917 1895 952 ⁴Non
1915 926 1963 953 ost
1985 921 2079 954 enin)
2101 935 2183 955 con-

1282 1015 1409 1056 Vides,
1447 1030 1539 1063 (stiae
1572 1019 1616 1052 sit
1650 1020 1683 1052 in
1715 1023 1959 1065 pugnantibus
1994 1037 2183 1069 argumen-

1178 1067 1277 1099 tandi
1303 1068 1436 1112 figura,
1464 1070 1524 1103 ubi
1550 1071 1760 1116 simpliciter
1787 1074 1901 1107 altero
1932 1079 2120 1122 proposito
2149 1085 2183 1111 et

1177 1119 1387 1161 adfirmato,
1417 1122 1569 1155 alterum
1598 1124 1736 1158 tollitur
1758 1132 1979 1170 etnegatnr,
2012 1130 2109 1175 quod
2127 1142 2182 1163 ar-

1146 1192 1148 1211 :
1176 1174 1410 1215 gumentandi
1435 1186 1546 1217 genus
1576 1177 1722 1220 proprie
1754 1187 1927 1212 vocarunt
1954 1187 2091 1216 veteres
2119 1193 2183 1215 en-

1177 1221 1370 1268 thymema.
1426 1226 1499 1259 Nos
1524 1239 1608 1260 xero
1634 1228 1894 1274 Peripateticos
1921 1234 2028 1266 secuti
2056 1232 2183 1279 enthy-

1177 1277 1340 1310 mematis
1362 1278 1536 1312 vocabulo
1555 1279 1701 1321 liberius
1718 1282 1772 1315 usi
1789 1295 1922 1317 sumus.

1281 1328 1357 1362 Huc
1389 1331 1570 1374 pertinent
1606 1339 1639 1365 et
1673 1333 1918 1375 differentiae,
1958 1344 1991 1369 et
2015 1337 2178 1371 diversae

1145 1380 1147 1383 ’
1175 1380 1328 1425 species,
1358 1382 1393 1414 in
1410 1383 1540 1428 quibus
1557 1396 1697 1419 necesse
1715 1393 1787 1427 est,
1810 1394 1868 1427 ut,
1894 1388 2070 1422 affirmata
2096 1401 2182 1430 una,

1176 1432 1334 1479 reliquae
1361 1435 1553 1476 tollantur,
1591 1444 1646 1476 ut,
1686 1436 1836 1472 loannes
1865 1437 1974 1473 bomo
2001 1448 2071 1481 est,
2107 1454 2181 1474 non

1175 1491 1226 1518 est
1259 1485 1366 1529 igitur
1390 1486 1549 1522 brutum.
1616 1488 1672 1521 Sic
1704 1491 1746 1523 de
1778 1492 1909 1525 caussis
1943 1505 2085 1533 rerum,
2119 1493 2181 1526 ubi

1175 1536 1312 1570 alienae
1331 1550 1474 1572 caussae
1493 1540 1689 1582 tolluntur,
1719 1541 1797 1575 licet
1815 1545 2074 1587 argumentari.
2112 1546 2181 1578 Or-

1146 1618 1147 1621 ,
1175 1595 1230 1621 tus
1249 1589 1332 1623 solis
1349 1597 1398 1623 est
1416 1592 1486 1623 dici
1505 1604 1647 1633 caussa,
1676 1606 1747 1627 non
1769 1594 1877 1637 igitur
1894 1602 1991 1630 ortus
2013 1598 2129 1630 lunae.

1593 1680 1762 1714 Simile.

1277 1745 1456 1778 Similium
1478 1747 1654 1780 rationem
1675 1749 1857 1793 attigimus
1875 1752 2059 1796 superiore
2077 1752 2181 1794 libro,

1174 1797 1233 1829 ubi
1258 1798 1300 1829 sle
1323 1797 1495 1842 exemplis
1527 1806 1642 1832 actum
1670 1808 1732 1834 est.
1793 1801 1838 1835 Et
1865 1815 1905 1835 ex
1934 1803 2180 1840 similitudinis

1175 1850 1252 1881 loco
1272 1856 1468 1883 nascuntur
1487 1850 1552 1883 loci
1572 1852 1679 1896 paris,
1708 1853 1866 1891 maioris,
1893 1868 1932 1887 ac
1952 1856 2115 1897 minoris,
2140 1864 2178 1890 ut

1173 1901 1420 1946 Quintilianus
1444 1902 1588 1937 indicat.

1280 1955 1309 1987 A
1337 1954 1494 1995 maiore,
1531 1956 1566 1986 Si
1594 1958 1795 1991 adulterum
1825 1958 1985 1991 occider(-
2017 1961 2116 2001 licet,
2145 1969 2176 1994 et

1176 2006 1352 2038 latronem
1372 2006 1458 2039 loris
1478 2009 1624 2041 caedere
1643 2009 1772 2043 licebit.
1816 2009 1867 2043 Ex
1888 2011 2040 2051 minore,
2069 2012 2105 2045 Si
2125 2014 2177 2046 sn-

1176 2070 1248 2090 rem
1277 2064 1493 2092 nocturnum
1520 2061 1680 2093 m-ciderc
1714 2061 1812 2099 licet,
1856 2063 1939 2107 quid
1972 2064 2177 2097 latronem?

115 2111 293 2147 stantinus
311 2111 512 2145 Constantii
532 2117 632 2155 pater
650 2117 713 2149 est,
741 2110 834 2143 tilius
854 2121 938 2153 ergo
957 2122 1029 2143 esse
1045 2123 1117 2143 non
1145 2125 1150 2137 ε
1174 2109 1226 2142 Ex
1253 2109 1388 2143 maiore
1414 2112 1575 2156 negativi·
1603 2113 1719 2147 minus
1735 2114 1936 2157 colligitur,
1966 2123 2023 2155 nt,
2053 2115 2177 2149 Cicero

117 2170 245 2209 potest.
287 2163 332 2197 Et
351 2174 508 2201 rursum,
532 2162 763 2195 Constantius
782 2161 1008 2195 Constantini
1029 2163 1119 2196 silius

117 2222 188 2255 est,
215 2222 319 2261 pater
344 2226 428 2259 ergo
454 2226 527 2248 esse
554 2213 688 2259 nequit.
743 2213 992 2247 Relatixorum
1018 2221 1119 2248 natu-

117 2279 193 2300 ram
212 2274 319 2313 atque
337 2267 514 2300 rationem
531 2272 628 2310 petes
647 2278 664 2298 e
684 2265 994 2310 praedicamentis.

220 2318 518 2358 Contrariorum,
561 2330 652 2363 quae
695 2323 895 2362 pugnantes
930 2318 1119 2362 qualitates

117 2377 220 2412 sunt,
252 2378 309 2409 ut,
345 2370 525 2411 calidum,
558 2370 748 2414 frigidum,
785 2369 926 2409 album,
962 2370 1119 2415 nigrum.
1146 2382 1148 2385 ’

116 2421 155 2456 ln
173 2422 302 2468 quibus
326 2429 420 2456 recte
438 2420 745 2467 argumentaberis
767 2419 834 2454 hoc
858 2422 985 2455 modo:
1016 2423 1117 2467 Aqua

117 2474 231 2508 calida
253 2481 324 2515 est,
352 2475 481 2519 frigida
502 2474 610 2517 igitur
626 2486 699 2507 esse
716 2485 789 2506 non
809 2479 936 2518 potest.

221 2526 472 2560 Prii-‘itionum
486 2554 495 2565 ,
521 2538 613 2571 quae
631 2538 709 2558 cuin
727 2525 852 2560 formis
869 2532 1030 2569 pugnant
1049 2524 1118 2572 (se-
1146 2538 1147 2544 ¹

118 2590 210 2624 quor
243 2578 337 2611 enim
369 2586 400 2611 et
428 2577 484 2611 liic
511 2577 604 2618 vulgi
634 2578 790 2622 morem)
815 2584 871 2615 nt,
908 2578 1058 2612 caecitas
1085 2584 1117 2611 et

151 2704 200 2737 ⁹8)
221 2704 398 2734 efficientisd
420 2706 467 2729 Ed.
481 2705 505 2729 2.
527 2709 585 2735 πῃ).
605 2710 716 2728 errore:
743 2703 904 2727 enucleatas.

151 2748 199 2779 99)
220 2750 319 2773 Amic-i.
341 2753 445 2779 mam:
470 2747 616 2773 Contraria
637 2747 796 2771 dilucidant.

1175 2174 1247 2195 non
1271 2163 1516 2206 persuasisset,
1545 2165 1657 2197 multo
1685 2165 1801 2199 minus
1828 2168 2043 2210 persuaserit
2061 2180 2177 2211 gram—

1146 2257 1149 2262 »
1174 2213 1325 2248 maticus
1354 2215 1493 2261 aliquis.
1548 2215 1602 2248 Ex
1627 2217 1766 2250 minore
1793 2218 1971 2262 colligitur
1997 2221 2111 2254 maius
2129 2222 2178 2252 al—

1145 2268 1149 2289 ?
1176 2267 1362 2305 tirmatiw,
1393 2274 1442 2307 ut,
1472 2267 1537 2300 Hic
1553 2268 1808 2312 grannmaticus
1827 2272 2012 2314 persuasit,
2041 2279 2177 2318 quanto

1145 2313 1148 2320 λ
1175 2318 1312 2351 facilius
1333 2320 1565 2362 persuasisset
1585 2320 1708 2353 Cicero
1721 2322 1731 2353 .’

1277 2369 1328 2403 Ex
1347 2371 1438 2414 pari,
1468 2370 1569 2416 Quae
1587 2384 1701 2416 poena
1722 2374 1783 2406 adi
1793 2386 1891 2407 ersus
1912 2374 2173 2408 interfectorem

1175 2421 1285 2465 patris
1318 2421 1407 2456 iusta
1443 2430 1510 2461 est,
1549 2425 1672 2456 eadem
1707 2427 1875 2459 mlier-sus
1911 2426 2173 2459 interfectorem

1144 2470 1148 2507 ἶ
1176 2473 1299 2507 matris
1327 2473 1438 2507 sideri
1466 2475 1553 2509 iusta
1579 2476 1695 2509 debet.

1144 2509 1150 2534 ι
1279 2525 1392 2569 Supra
1761 2531 1803 2560 ad
1846 2529 1974 2562 similia
2013 2530 2172 2573 exempla

1173 2578 1377 2610 referendas
1414 2591 1487 2612 esse
1526 2579 1737 2622 parabolas,
1781 2581 1933 2614 morales
1969 2581 2175 2621 sententias,

1145 2644 1149 2662 ε
1175 2627 1499 2673 apophthegmata,
1536 2629 1602 2664 lior
1627 2638 1699 2671 est,
1729 2632 1812 2665 svin·
1839 2633 1952 2672 dicta,
1988 2633 2173 2677 apologos,

1145 2665 1150 2741 ἰ
1174 2680 1332 2719 fabulas,
1368 2688 1400 2713 et
1425 2682 1601 2729 quidquid
1625 2681 1679 2717 his
1703 2689 1893 2728 cognatum
1917 2690 1987 2722 est,
2017 2696 2172 2729 quorum

1147 2745 1149 2747 ¹
1176 2732 1350 2765 rationem
1373 2731 1534 2768 rhetores
1554 2735 1811 2778 praescribunt.
1868 2735 1910 2767 Et
1928 2736 1971 2767 «le
1990 2735 2074 2769 locis
2095 2735 2174 2782 qui-

1439 2527 1693 2561 admonnimns
1706 2556 1713 2565 ,
