2453 3037
0 2736 11 3037 ηιμ-ἡ.

311 113 361 149 43
893 107 1016 142 PHIL.
1052 106 1166 143 MEL.
1199 105 1405 142 SCRIPTA
1440 104 1780 141 PHILOLOGICA.
2317 104 2369 140 44

314 199 360 233 D.
392 197 439 234 τὰ
455 194 603 242 ἱστορία
633 214 635 216 -

392 252 478 286 ταῖν
494 245 689 294 ἷστορίαιν.

313 301 354 335 Ρ.
390 302 428 336 αἱ
445 297 605 345 ἱστορίαι

389 355 467 388 τῶν
484 350 672 395 ἱστοριώι,
687 346 868 392 ἱστοριᾶν,
887 345 1104 392 ἱστοριάων,
1121 345 1315 394 ἱστοριέων

389 404 471 441 Ταῖς
487 397 687 445 ἱστοριαις,
716 395 902 444 ἱστορίης,
930 396 1113 445 ἱστοριησι

389 450 456 492 τὰς
474 449 642 497 ἱστορίας

389 517 419 538 ω
443 501 617 549 ἱστορίαι.

584 585 746 619 Tertia
780 585 1041 619 declinatio

468 638 685 683 simplicium
711 637 1026 683 parasyllaborum
1051 644 1103 672 est
1122 638 1165 684 ¹).

416 699 723 737 Masculinorum,
758 697 1060 731 Foemininorum
1085 704 1120 731 et
1145 697 1317 732 Commu-

313 753 414 786 nium
433 752 470 784 in
487 763 547 796 ος,
571 757 611 784 ut
628 748 647 785 ὁ
668 746 796 797 λόγος,
820 747 965 795 ἡὸὃός,
992 747 1011 784 ὃ
1029 747 1093 784 καὶ
1113 747 1136 795 ἡ
1163 749 1317 797 ἄνθρω-

314 817 392 843 πος.
446 802 491 836 Et
508 802 729 836 Neutrorum
752 801 790 834 in
809 814 873 845 ον,
901 807 940 833 ut
954 799 997 836 τὸ
1017 800 1141 840 ξύλον.

541 879 569 912 F
580 892 599 912 o
611 892 628 912 r
640 892 673 912 ιιι
686 892 708 912 ιι
719 879 730 911 l
740 891 759 911 a
789 877 1040 912 declinationis
1057 879 1100 925 2).

446 952 485 978 ος
708 952 724 972 ε
1060 951 1094 973 οι
1254 951 1318 978 ους

314 990 413 1035 Sing.
519 1002 564 1024 ου
582 1003 612 1036 ῳ
630 1003 673 1024 ον
776 989 822 1023 D.
851 1003 881 1024 w
910 1001 966 1024 οιν
992 989 1034 1024 P.
1112 1002 1168 1026 ων
1188 1002 1240 1029 οις

445 1053 489 1076 ον
698 1055 742 1076 ον
1063 1054 1086 1076 α
1244 1054 1269 1075 α

602 1111 1033 1146 HAPAAEIPMA.

796 1172 839 1204 Σ
849 1169 880 1216 3)

461 1220 495 1254 S.
526 1219 545 1255 ὁ
563 1217 671 1269 λόγος

526 1275 594 1306 τοῦ
609 1271 723 1320 λόγου

525 1325 580 1357 τῶ
598 1322 697 1383 λόγῳ

525 1372 593 1409 τὸν
610 1372 724 1422 λόγον

528 1421 558 1458 ὦ
568 1425 672 1486 λόγε.

448 1476 492 1510 D.
520 1489 574 1510 τω
574 1476 692 1536 λόγω

530 1529 612 1562 τοῖν
631 1524 771 1575 λόγοιν.

460 1578 502 1613 Ρ.
530 1578 565 1613 οἱ
582 1575 686 1627 λόγοι

527 1632 605 1664 τῶν
621 1628 745 1676 λόγων

533 1683 611 1720 τοῖς
627 1680 750 1741 λόγοις

534 1731 622 1771 τούς
638 1730 771 1780 λόγους

531 1779 561 1817 ὦ
579 1783 682 1832 λόγοι
695 1782 739 1829 4).

765 1842 876 1888 ON3)

474 1894 498 1927 S
535 1893 578 1930 τὸ
594 1892 704 1934 ξύλον

532 1948 599 1981 τοῦ
613 1943 725 1985 ξύλου

531 2000 586 2043 τῷ
603 1996 701 2043 ξύλῳ

530 2047 573 2083 τὸ
593 2046 704 2088 ξύλον

534 2096 564 2134 ὦ
582 2097 704 2139 ξύλον.

463 2150 508 2184 D.
536 2149 589 2185 τιὸ
605 2147 702 2190 ξύλω

536 2203 618 2236 τοῖν
637 2198 776 2241 ξύλοιν.

467 2252 509 2287 Ρ.
537 2251 584 2286 τὰ
601 2251 691 2291 ξύλα

536 2306 614 2338 τῶν
631 2302 752 2343 ξύλων

537 2356 615 2393 τοῖς
633 2351 752 2393 ξύλοις

537 2405 584 2440 τὰ
605 2402 695 2445 ξύλα

539 2453 569 2491 ὦ
588 2454 691 2496 ξύλα.

832 1945 967 1979 Neutra
987 1942 1121 1978 habent
1139 1951 1210 1978 tres
1227 1945 1325 1979 simi-

794 1997 843 2031 les
861 2009 979 2036 casus,
1000 2003 1040 2030 ut
1058 1998 1152 2041 apud
1162 1996 1325 2033 Latinos.

368 2559 397 2586 1)
417 2559 474 2587 est]
494 2557 520 2581 in
540 2557 622 2582 Editt.
640 2558 836 2583 1522-1541,
856 2564 911 2582 nou
931 2557 1044 2588 legitur.

365 2604 397 2632 2)
418 2604 493 2627 Haec
509 2603 654 2632 inscriptio
674 2603 701 2626 in
721 2603 804 2628 Editt.
821 2603 1015 2626 1522—1541.
1036 2602 1122 2627 deest.

367 2646 398 2673 3)
419 2648 490 2670 ΟΣ.
512 2664 517 2669 .
538 2665 543 2670 .
566 2646 632 2675 ΟΝ]
664 2647 714 2670 hae
747 2646 957 2670 terminationes
984 2646 1190 2676 superscriptae
1213 2645 1241 2670 iu
1268 2647 1330 2673 iisd.

402 2682 487 2722 Editt.
507 2682 615 2705 desunt.

370 2723 401 2752 4)
422 2723 442 2746 ὦ
463 2722 553 2756 λόγοι]
573 2725 616 2748 hic
634 2723 779 2748 vocativus
798 2724 826 2748 in
845 2723 907 2748 iisd.
927 2724 1012 2748 Editt.
1033 2730 1154 2749 om1ssus
1173 2726 1226 2749 est.

1744 191 1987 225 Examen.

1472 259 1650 293 Convenit
1665 257 1748 292 huic
1767 258 2000 293 declinationi
2021 270 2100 292 cum
2124 258 2278 292 secunda
2296 257 2366 291 La-

1365 311 1453 344 tina.
1508 311 1600 346 Nam
1627 323 1719 356 quae
1740 323 1796 352 ος,
1826 324 1869 346 ον
1885 310 2032 345 Graecis
2053 310 2242 350 desinunt,
2270 311 2368 354 apud

1366 375 1433 397 nos
1459 375 1524 407 per
1551 375 1611 403 us,
1654 375 1711 397 um
1733 362 1852 395 efferri
1877 368 2047 407 possunt,
2086 374 2218 406 paucas
2243 362 2367 395 admo-

1368 416 1453 448 dum
1469 414 1689 448 variationes
1710 413 1878 447 admittit.

1474 468 1651 502 Genitivus
1679 478 1723 500 ov
1751 466 1898 499 effertur
1920 466 2054 500 Dorice
2083 478 2147 511 per
2174 479 2218 502 ω.
2272 465 2367 500 Nam

1370 530 1414 553 ov
1431 524 1551 551 natur¹
1554 518 1649 551 iliter
1674 523 1823 562 cognata
1845 523 1897 551 est
1915 531 1993 552 curn
2014 531 2064 560 ω,
2092 517 2227 567 λόγου,
2257 513 2369 567 λόγω,

1369 569 1461 603 sicut
1479 571 1574 614 apud
1588 568 1823 603 Theocritum
1833 569 1883 615 5);
1916 569 2035 615 αἰιιιες
2053 569 2136 605 οὔτε
2155 568 2254 618 λόγω
2269 568 2372 610 τινὸς

1370 620 1474 660 ἄξιοι,
1529 621 1603 656 Nos
1622 622 1722 655 nullo
1741 633 1893 654 numero
1914 622 2032 666 digni,
2069 618 2208 669 λόγωθ)
2225 633 2292 666 pro
2310 617 2370 656 λό-

1369 684 1454 720 γου.
1508 672 1555 706 Et
1577 671 1696 707 Ionice
1723 686 1753 708 ω
1780 673 1897 707 soluto
1926 673 1963 706 in
1989 685 2045 708 οιο
2067 670 2213 720 λόγοιο,
2242 679 2282 706 ut
2297 675 2370 708 Σι-

1370 722 1474 769 ληνοι
1502 726 1652 771 κεραοῖο
1674 721 1875 760 Διονύσοιο
1904 721 2076 770 τιθηνοί,
2118 736 2186 768 pro
2220 726 2369 772 κεραοῦ,

1370 772 1583 820 Διονύσου,
1610 776 1689 811 Nic
1692 777 1792 809 indei
1804 776 1847 823 7).

1475 830 1698 862 Αεεαεαίἱυιιε
1718 828 1866 872 pluralis
1891 839 1997 872 saepe
2021 832 2139 860 mutat
2153 825 2286 860 Dorice
2307 839 2372 866 ους

1370 877 1409 910 in
1427 891 1495 920 ως,
1525 886 1563 912 ut
1582 877 1736 926 δρυμώς
1752 891 1817 923 pro
1835 875 2014 925 δρυμούς.
2068 876 2115 910 Et
2137 890 2281 913 rursum
2306 890 2371 923 per

1372 931 1531 974 systolen
1552 929 1715 977 ὃρυιιός,
1755 937 1891 964 mutata
1921 943 1952 965 ω
1980 930 2018 962 in
2045 942 2065 964 ο
2091 928 2247 976 μικρὸν,
2280 930 2373 965 sicut

1371 988 1423 1015 est
1441 983 1536 1026 apud
1555 982 1789 1016 Theocritum
1806 982 1857 1029 ⁸):
1885 981 1937 1028 μή
1961 993 2032 1027 μευ
2056 980 2284 1028 λωβάσησθε
2306 994 2374 1022 τας

1371 1030 1550 1092 ἇμπὲλος·
1577 1032 1654 1069 ἐντι
1669 1033 1744 1083 γὰρ
1761 1029 1863 1080 ἇβαι.
1914 1033 1969 1067 Ne
1994 1033 2124 1066 laedite
2150 1033 2239 1068 vites
2263 1045 2372 1074 meas,

1371 1091 1454 1118 sunt
1472 1086 1567 1118 enim
1587 1092 1687 1119 tener
1691 1098 1751 1127 ie
1778 1083 1845 1125 τὰς
1860 1083 2023 1131 ἀμπέλος
2036 1096 2102 1129 pro
2120 1083 2318 1130 ἀμπέλους.

1574 1170 1847 1214 Figuratum
1876 1169 2173 1213 Paradigma.

1375 1237 1411 1271 S.
1452 1237 1471 1274 ὃ
1492 1234 1600 1286 λόγος

1452 1292 1521 1325 τοῦ
1538 1287 1671 1338 λόγου,
1700 1287 1818 1337 λόγω.
1846 1284 1971 1336 λόγοιο

1452 1344 1507 1376 τιῦ
1524 1339 1623 1401 λόγω

1453 1391 1520 1427 τὸν
1538 1389 1650 1439 λόγον

1452 1457 1484 1478 ω
1503 1440 1587 1489 λόγε
1603 1455 1665 1477 και
1685 1440 1802 1489 λόγος.

1459 1507 1513 1528 τω
1532 1493 1630 1540 λόγω

1453 1547 1535 1580 τοῖν
1552 1544 1691 1592 λόγοιν,
1717 1540 1858 1592 λόγοιιν
1875 1542 2015 1587 poetica
2035 1539 2232 1587 epenthesi,
2251 1553 2378 1587 quem-

1457 1598 1655 1630 idmodum
1684 1602 1717 1628 et
1742 1596 1787 1628 »11
1793 1607 1832 1628 ie
1853 1600 1956 1635 sunt,
1984 1607 2073 1641 φιν,
2101 1604 2155 1634 σι,
2182 1599 2222 1626 ut
2236 1590 2377 1640 θεόφιν

1456 1661 1521 1693 pro
1541 1647 1667 1691 θεων,
1694 1644 1860 1693 πρόβασι
1888 1658 1955 1690 pio
1981 1644 2208 1693 προβάτοις,
2231 1646 2274 1678 de
2298 1644 2377 1690 qui-

1455 1701 1521 1733 bus
1550 1699 1654 1732 infra.

1377 1750 1418 1784 P.
1458 1750 1492 1786 οἱ
1509 1749 1612 1798 λόγοι
2312 1775 2326 1786 .

1456 1805 1533 1837 τῶν
1551 1798 1674 1848 λόγων

1456 1855 1534 1892 τοῖς
1552 1851 1674 1899 λόγοις
1691 1864 1754 1885 και
1772 1849 1911 1898 λόγοισι

1457 1902 1544 1942 τοὺς
1561 1903 1712 1951 λόγους,
1753 1899 1889 1950 λόγως,
1933 1899 2041 1949 λόγος

1458 1957 1489 1989 ὠ
1506 1950 1621 2002 λόγοι.

1651 2039 1825 2083 Quarta
1854 2037 2110 2071 declinatio

1589 2090 1804 2135 simplicium
1833 2086 2086 2135 ἲσασύλλαβος
2111 2094 2174 2122 est.

1486 2160 1536 2193 Μ
1539 2159 1769 2193 isculinorum
1801 2164 1834 2191 ct
1851 2157 2151 2191 Foemininorum
2180 2156 2219 2189 in
2246 2168 2316 2198 ως,
2340 2162 2382 2189 ut

1381 2210 1401 2248 ὁ
1418 2210 1633 2252 Μενέλεως,
1662 2208 1684 2256 ἡ
1702 2208 1811 2249 ἅλως.
1865 2208 1912 2242 Et
1926 2208 2173 2243 Neutrorum
2163 2220 2201 2241 ln
2220 2221 2293 2250 ων,
2321 2206 2383 2243 εὕ-

1381 2263 1533 2313 γεων9).

1416 2376 1448 2404 5)
1469 2374 1605 2398 Tliencrit.
1618 2373 1696 2404 xlv,
1716 2374 1757 2396 48.

1418 2418 1449 2446 6)
1469 2416 1556 2450 λόγω]
1575 2417 1615 2441 sic
1629 2417 1715 2442 Editt.
1732 2415 1799 2440 1522
1810 2415 1944 2447 -154¹-;
1971 2415 1999 2439 in
2012 2414 2096 2438 Editt.
2114 2411 2306 2438 1542—1557.
2321 2413 2348 2438 h.
2363 2412 2382 2437 1.

1454 2454 1542 2476 deest.

1417 2497 1449 2524 7)
1471 2496 1600 2520 Nicandri
1620 2495 1795 2524 Alexipharni
1824 2495 1865 2517 3¹.
1887 2494 1935 2517 Ed.
1956 2492 2115 2517 Schneider.

1420 2542 1450 2567 8)
1471 2540 1605 2564 Theocrit.
1622 2540 1658 2569 V
1679 2538 1738 2562 109.

1420 2584 1451 2612 9)
1470 2584 1514 2606 est
1534 2596 1566 2599 —
1586 2579 1696 2613 εὔγιυι,
1703 2583 1714 2610 ]
1743 2581 1781 2604 sic
1803 2581 1841 2604 Ed
1869 2580 1961 2609 15423
1994 2579 2021 2602 in
2042 2578 2125 2603 Editt.
2147 2577 2301 2602 camerarii
2320 2577 2385 2606 post

1457 2619 1566 2646 „Maso
1596 2619 1623 2640 et
1645 2617 1734 2640 [Quem
1758 2629 1792 2633 —
1811 2612 1904 2642 aimg)
1896 2612 1914 2625 ’¹
1940 2615 2092 2638 adduntur:
2129 2612 2163 2635 Et
2184 2611 2385 2642 Communium,

1455 2649 1469 2675 ὃ
1496 2649 1542 2675 καὶ
1567 2649 1580 2681 ἢ
1606 2648 1730 2683 εὔγεως-,ς
1768 2651 1852 2674 Editt.
1875 2647 2319 2673 ¹522—1541.1».1.exliii›ent:
2349 2652 2386 2673 ως

1453 2687 1637 2710 masculinum
1659 2685 1810 2717 plastem,
1851 2684 2040 2708 Focmiuinum
2065 2679 2151 2711 ἅλως,
2187 2689 2226 2705 ων
2251 2681 2385 2706 Neutrum

1455 2728 1566 2753 ευγεων.
