2389 3037
68 107 143 144 769

68 195 212 229 Circum
236 199 339 238 prata
361 192 519 239 volat2),
547 192 634 226 rivis
654 205 746 238 quae
764 204 906 236 semper
922 192 966 224 ab
985 191 1072 225 albis

67 247 306 291 Sparguntur,
320 245 542 290 pinguesque
559 251 682 277 creant
699 244 915 278 animalibus
930 241 1072 277 herbas.

171 297 341 342 Dumque
365 295 452 330 novi
474 308 618 330 rursum
643 303 840 331 conventus
859 295 962 340 copia
979 295 1071 328 facta

695 355 759 389 est,

66 400 235 434 Instructi
251 399 356 434 sociis
376 399 511 432 obeunt
528 406 741 446 tempusque
754 427 763 440 ,
791 400 996 444 locumque.

66 452 108 486 In
123 452 287 485 Merulae
305 463 447 485 causam
467 452 650 485 descendit
669 453 705 485 in
726 452 853 485 ordine
870 450 991 495 primo

67 504 213 538 Turdus
231 504 343 543 edax,
371 503 471 537 cuius
488 504 662 538 fruticans
680 505 723 536 de
740 510 897 537 stercore
914 502 1050 535 viscum

65 555 197 589 Editur
211 555 248 588 in
266 554 397 595 ramis,
423 555 625 601 sterilisque
642 556 679 588 in
697 561 860 599 tempore
881 554 1032 588 brumae

65 607 211 641 Fronde
225 607 336 640 micat
353 606 474 647 viridi,
495 608 590 652 quod
607 619 682 640 non
699 619 762 641 sua
781 606 936 640 seminat
952 606 1071 639 arbor.

68 658 223 703 Cognati
243 665 277 691 et
293 659 432 703 generis
449 659 613 693 volucres
632 671 668 693 se
685 659 844 692 coetibus
864 659 1014 698 addunt,

67 712 178 755 Queis
198 710 331 744 vietum
350 722 367 743 e
386 711 503 744 baccis
521 710 660 743 facilem
682 711 826 744 dumeta
852 709 1071 743 ministrant.

62 762 157 796 Hinc
175 761 285 795 Vireo
298 789 306 801 ,
333 762 464 806 tepidis
480 769 623 796 nostras
641 763 702 808 qui
724 762 906 796 mensibus
925 773 1006 795 oras

61 813 174 854 Visit,
201 820 235 847 et
251 814 396 847 Arcturi
412 826 536 848 rursus
554 815 627 848 sola
652 821 768 848 mutat
785 815 828 847 ab
847 820 942 853 ortu,

63 866 278 910 Composuit
294 864 456 898 Merulae
475 878 510 899 se
530 867 711 910 partibus,
741 873 775 899 et
792 867 870 899 fora
888 864 1029 910 pressit.

166 916 255 950 Mox
280 929 316 951 se
342 929 572 962 congressum
595 918 632 951 in
651 918 811 951 medium
832 917 913 951 tulit
929 916 1071 950 aemula

701 970 800 1009 Pica,

63 1020 209 1066 Quique
225 1019 372 1065 Merops
389 1022 538 1056 maculis
555 1023 700 1055 dorsum
718 1021 881 1054 variatur
898 1020 1073 1060 amoenis,

61 1073 114 1105 Ac
132 1072 262 1106 Ululae
280 1072 422 1117 riguam
443 1073 519 1106 dira
542 1086 634 1119 quae
650 1085 737 1106 voce
757 1073 915 1118 quietem

62 1123 290 1164 Discutiunt,
318 1124 441 1158 radios
460 1137 586 1159 exosae
605 1125 692 1159 lucis
712 1131 870 1169 apertae,

62 1175 213 1209 Addunt
228 1187 264 1209 se
280 1177 395 1210 socias
412 1182 519 1222 atque
537 1177 680 1221 agmina
697 1176 838 1210 conscia
855 1176 1010 1220 iungunt

64 1227 240 1262 Cristatae
258 1227 418 1267 volucri,
447 1235 565 1262 rostro
587 1241 679 1274 quae
701 1228 852 1272 clangit,
879 1234 913 1260 et
931 1227 994 1261 alis

62 1279 209 1323 Plangit
226 1291 339 1313 ovans
357 1279 418 1312 alti
437 1281 580 1314 fumoso
598 1282 635 1312 in
655 1280 811 1313 culmine
828 1279 930 1323 tigni.

170 1330 270 1364 Pone
311 1331 403 1365 latus
438 1331 565 1365 Cuculi
600 1332 773 1365 incedunt
807 1343 899 1377 quae
933 1330 1071 1376 liquida

701 1390 825 1427 stagna

66 1434 256 1468 Sectantur
270 1434 455 1473 volucres,
483 1435 596 1478 mergi
614 1435 814 1480 fulicaeque
834 1434 1009 1472 marinae,

65 1488 221 1520 Autores
236 1485 381 1530 pluviae
397 1491 724 1532 tempestatumque
744 1492 951 1519 sonantum.

68 1537 238 1572 Cernitur
254 1535 319 1570 has
337 1537 432 1570 inter
449 1537 603 1570 Vulcani
621 1538 792 1571 subdolus
813 1537 896 1577 ales,

68 1588 299 1623 Clandestina
314 1589 432 1622 ferens
449 1588 584 1622 Cuculo
605 1589 774 1633 suffragia
793 1586 968 1622 Phoenix.

65 1641 164 1674 Rara
183 1641 260 1674 avis
276 1640 336 1672 illa
355 1640 500 1686 quidem
521 1641 654 1673 circum
676 1653 761 1673 cava
782 1641 924 1679 littora,
951 1638 1047 1673 saevi

67 1691 335 1737 Impatiensque
355 1692 486 1732 maris,
513 1704 579 1724 nec
598 1692 847 1726 consociabilis
866 1691 942 1729 ulli,

67 1743 237 1789 Improba
256 1756 348 1789 quae
366 1744 474 1777 solvit
492 1743 685 1788 garritibus
703 1756 764 1777 ora
777 1770 786 1783 ,
812 1743 966 1776 volucri:

67 1796 239 1829 Attamen
259 1795 448 1840 applaudit
467 1795 622 1836 Cuculo,
652 1807 716 1828 nec
733 1796 846 1829 secius
868 1795 969 1828 illum

68 1846 147 1892 Ipse
164 1848 236 1881 suis
254 1847 419 1891 plausum
439 1847 654 1881 facientibus
672 1848 800 1880 excitat
817 1847 893 1886 alis,

70 1899 188 1945 Quam
205 1899 307 1932 faber
325 1900 481 1932 admotis
499 1899 559 1944 qui
579 1900 722 1933 follibus
741 1899 869 1932 excitat
890 1898 1022 1942 ignem.

173 1950 278 1984 Stant
303 1957 427 1984 contra
454 1951 667 1984 innumerae
694 1951 856 1984 volucres
879 1950 979 1995 queis
999 1961 1075 1982 car·
1100 1964 1103 1986 ε

703 2003 801 2035 mina
826 2014 943 2035 curae.

69 2053 288 2087 Praesertim
307 2052 443 2086 Cuculo
463 2055 556 2088 vires
574 2055 728 2087 intendit
746 2055 899 2092 Alauda,

70 2105 117 2138 Et
131 2104 264 2138 victum
285 2104 322 2137 in
340 2106 457 2138 dumis
471 2119 563 2151 quae
581 2119 728 2151 carpere
745 2107 876 2150 gaudet
891 2102 1075 2145 Acanthis,

71 2158 189 2202 Atque
211 2157 364 2189 alacrem
384 2156 557 2201 Fringilla
575 2170 707 2192 sonans
726 2165 849 2203 arguta
874 2164 1049 2197 tenorem,

71 2207 116 2242 Et
136 2207 295 2242 Curruca
314 2208 443 2242 timens
460 2209 602 2253 ingrato
622 2222 662 2243 ex
682 2208 822 2255 hospite
842 2216 1010 2253 stragem,

72 2260 209 2294 Omnes
225 2260 448 2293 dulcisonam
468 2261 560 2294 votis
577 2262 725 2295 Aedona
749 2262 931 2307 petebant.

71 2310 173 2345 Illam
194 2312 299 2345 laude
317 2309 471 2351 vehunt,
502 2320 657 2357 praestet
674 2314 757 2359 quia
775 2315 880 2347 laude
900 2311 1062 2345 canendi.

72 2363 207 2398 Verum
227 2361 315 2396 haec
332 2376 405 2397 non
425 2364 539 2398 voluit
554 2377 589 2398 se
609 2365 767 2399 coetibus
791 2367 921 2399 addere
942 2364 1075 2408 pravis,

72 2415 173 2448 Vidit
189 2415 283 2448 enim
303 2415 477 2449 Cuculum
506 2429 635 2461 magna
656 2417 807 2450 volitare
824 2424 977 2450 caterva.

178 2466 274 2501 Tum
311 2480 485 2513 quassans
522 2475 629 2513 caput
659 2466 746 2502 haec
773 2469 913 2515 Coccyx
943 2480 983 2501 ex
1014 2479 1075 2500 ore

698 2521 876 2565 profudit:

74 2569 159 2604 Non
175 2570 274 2610 latet,
291 2582 311 2604 o
329 2571 505 2611 volucres,
524 2572 688 2617 Cygnum
706 2574 802 2618 quod
819 2573 889 2606 sata
905 2573 1077 2610 tulerunt,

75 2621 192 2666 Atque
208 2621 288 2655 ideo
307 2623 426 2667 regnis
446 2624 631 2656 ductorem
651 2636 796 2667 poscere
814 2631 939 2663 sortes,

112 2746 142 2777 2)
164 2747 255 2777 volat]
275 2747 316 2772 sic
336 2749 385 2772 Ed.
400 2750 438 2780 1.;
468 2749 517 2775 Ed.
534 2749 558 2774 2.
580 2750 679 2773 volans

81 2790 267 2821 simas-Tu.
292 2791 398 2820 Oriza.
435 2791 519 2820 Vm„
544 2791 617 2820 XX.

715 104 1079 139 ADDlTAMENTA
1108 103 1174 138 AD
1202 103 1345 138 VOLL.
1373 103 1499 139 I—X.

2060 106 2134 142 770

1129 190 1243 236 Quem
1272 203 1381 235 penes
1405 191 1594 224 arbitrium
1622 197 1693 231 est,
1722 197 1755 224 et
1777 191 1848 231 vis,
1877 198 1911 224 et
1927 204 2054 225 norma
2078 206 2132 225 ca-

1753 242 1874 277 nendi.

1128 293 1313 327 Consulite
1346 293 1383 326 in
1409 294 1590 333 medium,
1627 307 1733 340 quem
1757 308 1835 328 sors
1858 295 1974 335 volet,
2000 295 2133 328 arbiter

1757 353 1844 380 esto.

1127 396 1220 430 Nam
1240 402 1367 429 ‘vereor
1382 396 1525 430 scissam
1543 398 1658 431 studia
1676 399 1713 431 in
1733 398 1913 432 contraria
1933 405 2073 442 gentem

1126 447 1358 482 Praedonum
1378 449 1529 493 arripiat
1546 450 1672 484 rostris
1694 463 1739 483 ne
1759 450 1932 484 exercitus
1948 450 2061 484 uncis.

1128 500 1250 545 Quare
1267 500 1359 544 agite
1376 513 1396 533 0
1415 501 1503 545 lapsi
1522 502 1662 546 generis
1681 509 1846 547 reparate
1857 502 1888 548 3)
1911 502 2067 541 ruinam,

1128 552 1176 585 Ut
1195 559 1323 585 coeant
1338 553 1467 586 stabuli
1486 554 1642 587 satorum
1666 556 1813 590 numine
1832 562 1981 591 mentes.

1126 603 1194 638 Fas
1214 605 1320 637 etiam
1334 617 1498 649 premere
1517 605 1677 650 imperiis
1690 634 1698 647 ,
1727 620 1767 641 ac
1784 610 1914 641 addere
1930 609 2114 651 mulctam,

1127 655 1224 690 Olim
1244 656 1305 702 qui
1322 663 1463 690 nostras
1483 659 1656 691 tenuatim
1680 666 1838 693 evertere
1856 661 1949 694 vires

1128 707 1280 749 Conati,
1304 715 1337 741 et
1356 709 1487 753 plumis
1505 709 1669 754 inoperta
1689 712 1892 757 relinquere
1909 714 2084 755 membra,

1128 760 1229 805 Quos
1265 772 1349 804 ego:
1407 761 1475 794 Sed
1514 763 1640 796 mediis
1670 775 1739 796 vox
1767 771 1872 808 rupta
1907 764 1943 797 in
1971 765 2131 799 faucibus

1754 814 1871 851 haesit

1129 863 1284 904 Collisu,
1313 871 1347 898 et
1363 865 1477 899 foedis
1495 865 1709 910 singultibus
1728 867 1872 912 impulit
1892 882 2007 904 auras.

1128 914 1269 949 Inventi
1288 923 1409 950 tamen
1429 918 1563 951 interea
1585 919 1645 964 qui
1667 919 1798 964 pingue
1817 928 2005 954 sonantem

1099 963 1102 1000 l
1129 967 1343 1012 Exciperent
1362 970 1509 1012 plausu,
1538 971 1623 1003 dum
1642 971 1788 1005 flaccida
1810 973 1968 1006 carmina
1988 974 2114 1008 stultus

1098 1004 1102 1062 1
1129 1019 1290 1054 Collibus
1306 1027 1339 1054 et
1353 1021 1445 1054 saxis
1465 1022 1579 1055 deliro
1595 1030 1722 1056 narrat
1738 1025 1781 1057 ab
1803 1037 1876 1058 ore.

1128 1072 1242 1105 Stulta
1264 1073 1406 1117 placent
1421 1074 1548 1118 vulgo,
1578 1075 1703 1108 studiis
1723 1077 1918 1109 certamina
1940 1086 2112 1112 crescunt.

1128 1124 1345 1158 Praesertim
1366 1124 1505 1158 Merula
1524 1126 1746 1171 applaudens
1766 1125 1820 1161 his
1838 1128 1984 1162 vocibus
2001 1129 2093 1163 infit:

1099 1185 1102 1194 ’
1127 1175 1196 1209 Fas
1212 1176 1277 1209 tibi
1297 1189 1353 1210 me
1371 1177 1512 1211 cessisse
1530 1178 1629 1218 loco,
1655 1179 1720 1212 tibi
1739 1178 1874 1224 Iupiter
1893 1193 2028 1226 aequus

1127 1228 1267 1261 Annuit
1282 1227 1495 1273 imperium,
1525 1236 1563 1263 tu
1581 1242 1677 1264 nunc
1695 1232 1762 1265 eris
1782 1233 1871 1265 alter
1891 1234 1935 1264 ab
1955 1234 2028 1273 illo,

1128 1279 1304 1324 Quamvis
1321 1287 1359 1314 tu
1379 1281 1480 1325 niger
1498 1295 1532 1316 es
1544 1309 1551 1321 ,
1576 1283 1741 1327 quamvis
1758 1283 1803 1317 sit
1823 1285 1995 1318 candidus
2011 1285 2081 1319 ille.

1127 1330 1175 1364 Et
1190 1338 1224 1365 te
1239 1332 1366 1376 vulgus
1387 1340 1485 1366 amat
1498 1360 1505 1373 ,
1535 1335 1643 1378 vulgo
1662 1341 1721 1368 tua
1741 1336 1900 1369 carmina
1922 1349 2040 1371 curae.

1128 1383 1185 1417 Tu
1202 1384 1324 1427 pueris
1344 1397 1515 1428 responsa
1537 1386 1666 1427 refers,
1696 1399 1774 1420 cum
1795 1394 1959 1432 tempora
1978 1389 2073 1422 vitae

1099 1451 1101 1484 3*
1128 1435 1303 1469 Scitatum
1322 1437 1436 1470 balbis
1455 1445 1607 1481 poscunt
1623 1439 1766 1473 oracula
1788 1440 1931 1484 linguis.

1099 1485 1101 1537 j
1128 1487 1182 1521 Sis
1199 1488 1315 1522 bonus
1334 1501 1354 1521 0
1372 1489 1552 1535 foelixque
1568 1491 1657 1530 tuis,
1683 1497 1743 1524 tua
1761 1491 1837 1525 iura
1857 1492 2018 1526 volentes

1098 1544 1102 1598 Ι
1126 1540 1333 1584 Accipimus
1345 1567 1353 1579 ,
1381 1553 1445 1573 nee
1463 1554 1528 1575 nos
1546 1542 1681 1576 Cuculo
1697 1555 1824 1587 parere
1840 1544 1987 1588 pigebit.

1098 1601 1102 1639 ῃ
1230 1591 1314 1625 Non
1332 1592 1413 1625 tulit
1429 1593 1580 1628 ulterius
1598 1594 1722 1635 Bubo,
1749 1596 1810 1629 sed
1828 1596 1958 1630 talibus
1975 1597 2068 1630 infit:

1100 1666 1102 1689 ¹»
1128 1643 1211 1677 Non
1231 1656 1251 1676 o
1269 1656 1343 1676 non
1361 1644 1544 1686 volucres,
1571 1659 1646 1679 non
1664 1644 1732 1680 hoc
1751 1648 1952 1681 rationibus
1970 1649 2051 1682 ullis

1099 1694 1103 1750 1
1128 1695 1213 1728 Sors
1230 1696 1335 1734 velit,
1365 1708 1382 1727 a
1401 1697 1491 1730 divis
1509 1699 1696 1731 meliorem
1718 1700 1853 1743 poscite
1873 1706 2043 1734 mentem.

1099 1757 1103 1796 ζ
1128 1746 1210 1781 Non
1231 1759 1251 1780 o
1266 1759 1342 1780 non
1360 1749 1543 1787 volucres,
1570 1762 1644 1782 non
1663 1752 1691 1784 si
1709 1749 1796 1784 mihi
1814 1750 1950 1795 Iupiter
1967 1759 2073 1785 autor

1100 1797 1102 1850 ἐ
1129 1798 1335 1843 Spondeat,
1364 1797 1432 1833 1106
1451 1813 1590 1845 sperem
1611 1815 1735 1846 pacem
1754 1803 1962 1847 contingere
1980 1816 2075 1848 rege.

1100 1855 1102 1889 ξ
1130 1850 1435 1896 Quandoquidem
1456 1864 1473 1884 a
1494 1853 1598 1887 nobis
1616 1854 1772 1888 fatorum
1792 1856 1979 1900 exquirere
1998 1868 2120 1890 sensus

1100 1905 1103 1947 ζ
1128 1903 1282 1947 Agmina
1302 1909 1418 1937 vestra
1437 1905 1572 1945 solent,
1601 1918 1665 1939 nec
1683 1919 1746 1940 vos
1766 1907 1910 1941 latuisse
1934 1909 2131 1952 putandum

1101 1991 1103 2002 Ι
1763 1966 1825 1999 651,

1101 2008 1103 2032 Ι
1130 2006 1237 2051 Quod
1254 2006 1320 2039 lini
1339 2013 1492 2051 segetem
1512 2010 1678 2054 praecepi
1696 2011 1848 2044 avellere
1864 2011 1978 2053 sulcis,

1100 2033 1104 2087 1
1129 2058 1225 2091 Dum
1248 2059 1346 2092 rudis
1367 2060 1490 2103 exigua
1511 2061 1673 2095 latuisset
1689 2063 1811 2096 messis
1828 2063 1864 2095 in
1883 2061 2007 2103 herba,

1129 2110 1182 2144 Ne
1200 2123 1263 2144 vos
1282 2117 1373 2143 texta
1396 2112 1480 2144 olim
1499 2110 1701 2155 traherent,
1731 2121 1765 2147 et
1782 2115 1881 2148 abire
1900 2121 2074 2149 vetarent.

1130 2162 1253 2208 Quare
1288 2163 1400 2207 agite,
1438 2176 1477 2196 ac
1511 2166 1640 2199 animis
1671 2179 1763 2212 quae
1796 2167 1911 2200 dicam
1945 2168 2133 2212 expendite

1760 2225 1899 2252 vestris.

1130 2265 1212 2300 Non
1230 2266 1404 2300 Cuculum
1426 2280 1466 2300 ex
1484 2270 1592 2313 adyto
1610 2275 1741 2309 sortes,
1769 2283 1843 2303 non
1862 2271 2015 2315 plurima
2034 2273 2132 2305 coelo

1130 2318 1292 2352 Monstra
1319 2320 1441 2353 sinunt
1469 2319 1642 2353 Cuculum
1669 2323 1832 2366 gregibus
1859 2324 1943 2355 dare
1966 2323 2043 2356 iura
2072 2337 2132 2355 vo-

1762 2375 1914 2408 lantum.

1130 2422 1215 2456 Sors
1233 2423 1328 2455 cadit
1346 2423 1380 2455 111
1401 2422 1568 2463 Gallum,
1596 2436 1754 2470 namque
1773 2426 1872 2459 illum
1893 2439 2038 2470 poscere
2063 2427 2130 2459 fota

1130 2474 1175 2507 Et
1193 2487 1296 2514 reor,
1325 2481 1358 2507 et
1375 2475 1522 2508 monitis
1538 2478 1566 2508 si
1587 2476 1665 2521 quis
1682 2477 1779 2511 locus
1797 2479 1970 2522 amplius,
1999 2491 2075 2512 oro.

1131 2527 1254 2572 Nonfl)
1280 2539 1408 2560 somno
1437 2527 1617 2571 indulget,
1646 2530 1706 2562 sed
1727 2542 1805 2563 cum
1826 2531 2036 2574 intempesta
2055 2530 2130 2564 silet

1760 2594 1831 2615 nox

1834 2611 1842 2623 ²

1168 2705 1198 2733 3)
1220 2703 1361 2737 reparate]
1381 2706 1419 2728 sic
1439 2706 1487 2729 Ed.
1505 2706 1546 2735 2.;
1575 2707 1625 2731 Ed.
1645 2708 1666 2732 l.
1688 2714 1820 2738 reparare

1169 2748 1198 2778 4)
1220 2749 1295 2776 Nou}
1316 2749 1354 2772 sic
1373 2749 1422 2772 Ed.
1440 2750 1479 2778 1.;
1508 2750 1671 2818 Ed.429Nec
