2421 3037
281 81 358 116 803

280 167 478 202 immensae
500 164 698 200 altitudinis
721 169 756 196 et
779 163 983 208 rapiditatis
1004 162 1170 208 pervium
1188 162 1284 203 fecit,

279 217 350 253 hoc
377 225 448 259 est,
482 224 635 251 mortem
667 228 709 248 ac
732 214 915 249 diabolum
942 215 1049 255 vicit,
1083 214 1174 249 sicut
1200 225 1282 247 arca

279 271 456 310 foederis,
483 269 544 302 ubi
570 268 729 313 primum
747 279 766 300 a
786 267 1031 301 sacerdotibus
1050 266 1144 299 intra
1163 265 1281 309 ripam

278 335 390 357 unam
413 319 577 354 Iordanis
600 319 738 364 perlata
758 318 845 359 fuit,
873 331 957 352 mox
973 319 1107 352 flumen
1126 316 1281 351 divisum

279 380 350 414 est,
384 373 433 406 ita
459 378 499 407 ut
527 383 641 417 aquae
670 370 802 415 partim
829 370 867 403 in
893 383 990 404 mare
1014 376 1198 403 mortuum
1221 370 1282 402 de-

278 425 451 465 fluerent,
484 424 616 469 partim
641 429 766 456 contra
791 429 959 456 naturam
980 434 1079 456 suam
1099 421 1226 466 procul
1244 421 1282 453 in

278 475 462 511 celsissimi
474 475 607 509 montis
619 474 845 508 altitudinem
858 475 1026 507 collectae
1036 473 1282 512 subsisterent,

278 541 320 562 ac
338 528 475 574 populo
492 527 682 561 transitum
704 532 821 560 tutum
840 532 874 559 et
890 526 1029 560 facilem
1054 525 1281 570 praeberent.

381 579 435 614 Ex
468 577 537 613 hoc
571 578 679 612 unico
712 579 875 623 exemplo
902 584 989 623 puto
1015 577 1099 612 satis
1124 576 1282 621 conspici

276 644 396 678 posse,
423 637 601 677 quantum
618 630 706 664 lucis
723 630 901 675 accipiant
917 628 1099 673 historiae,
1128 634 1283 674 quanto-

278 697 348 730 que
366 681 614 717 vebementins
632 688 803 715 moveant
822 683 963 715 animos
975 709 983 721 ,
1011 681 1039 715 si
1057 680 1126 713 loci
1142 687 1176 714 et
1192 687 1282 714 tem-

276 736 377 781 poris
393 733 463 769 hoc
480 737 590 769 modo
606 734 676 768 illis
691 734 846 768 addatur
863 732 1115 767 consideratio.

381 787 538 832 Propter
568 784 662 820 banc
693 786 804 830 igitur
827 798 972 819 cansam
992 784 1105 818 ‘etiam
1120 810 1128 824 ,
1164 790 1204 817 ut
1227 795 1282 816 res

277 846 396 885 gestae
422 839 547 873 melius
578 838 846 882 intelligantur,
883 844 918 871 et
942 837 1055 880 magis
1086 835 1281 880 legentium

277 892 420 926 animos
445 891 620 930 afficiant,
649 890 796 934 prodest
819 887 951 922 habere
968 895 1135 933 paratum
1155 887 1283 920 Calen-

277 944 440 983 darium,
471 943 508 975 in
545 954 617 988 quo
653 941 830 975 eiusmodi
865 941 1059 985 insignium
1089 946 1282 973 eventuum

278 996 354 1030 dies
374 1001 538 1034 annotes,
567 1000 601 1027 et
616 994 749 1027 sactum
769 993 886 1038 ipsum
908 993 1067 1026 breviter
1085 991 1283 1025 memoriae

278 1059 383 1082 causa
403 1046 596 1080 adscribas.

385 1098 488 1132 Hanc
505 1097 698 1143 praecipue
716 1097 761 1129 ob
778 1108 922 1130 causam
940 1095 1089 1130 videbar
1103 1093 1193 1128 mihi
1210 1106 1283 1127 non

279 1163 428 1197 prorsus
446 1149 622 1184 inutiliter
638 1149 796 1182 facturus
808 1175 817 1189 ‚
844 1148 872 1182 si
892 1148 1012 1192 pueris
1030 1148 1185 1180 sormam
1205 1147 1285 1180 talis

280 1202 489 1238 Calendarii
506 1212 748 1260 proponerem
761 1227 770 1241 ,
798 1207 832 1233 et
849 1199 997 1233 adiectis
1013 1199 1151 1245 aliquot
1169 1211 1286 1232 exem-

279 1255 349 1301 plis
385 1254 578 1298 insignium
614 1254 792 1286 factorum
806 1278 815 1292 ,
859 1253 1009 1285 modum
1047 1252 1286 1290 ostenderem,

281 1319 388 1354 quem
419 1307 457 1339 in
490 1304 710 1339 annotandis
742 1304 874 1338 talibus
897 1302 1056 1337 historiis
1079 1303 1179 1348 sequi
1206 1314 1286 1347 pos-

280 1359 364 1394 sint.
417 1357 490 1391 Alii
515 1357 726 1402 peritiores,
756 1356 817 1402 qui
843 1368 907 1400 per
932 1368 968 1389 se
989 1353 1057 1388 hoc
1074 1355 1168 1388 idern
1187 1354 1286 1388 secis-

281 1417 361 1445 sent
382 1410 530 1450 melius,
559 1409 666 1443 etiarn
693 1420 768 1441 non
794 1408 991 1448 admoniti,
1019 1407 1127 1453 (sicut
1148 1419 1203 1440 res
1223 1413 1287 1446 est

281 1470 322 1497 ut
345 1462 478 1497 nullius
504 1462 700 1495 admodum
728 1460 883 1505 ingenii,
918 1459 966 1492 ita
986 1459 1120 1493 laboris
1145 1458 1285 1492 nonita

282 1515 424 1561 magni)
459 1526 523 1547 nec
559 1520 681 1547 tamen
716 1513 752 1545 id
780 1510 898 1545 adhuc
926 1511 1047 1545 conati
1075 1517 1176 1551 sunt,
1218 1507 1287 1542 hoc

283 1567 447 1611 exemplo
465 1571 590 1599 nostro
608 1564 768 1598 fortassis
784 1564 1028 1596 movebuntur
1040 1590 1048 1603 ,
1075 1569 1115 1596 ut
1132 1562 1200 1595 tale
1221 1561 1287 1595 Ca-

282 1618 486 1652 lendarium
504 1617 560 1650 vel
578 1616 802 1650 artificiosius
822 1615 971 1660 aliquod
985 1615 1054 1649 sibi
1071 1614 1138 1658 ipsi
1156 1613 1288 1647 descri-

282 1672 367 1705 bere
405 1675 600 1703 maturent.
668 1668 777 1713 Quod
810 1667 838 1701 si
872 1667 1021 1707 facient,
1058 1666 1288 1710 experientur

283 1723 466 1768 profecto,
493 1721 561 1755 sibi
582 1721 680 1753 illam
705 1731 853 1764 operam
870 1731 944 1751 non
962 1718 1055 1751 male
1075 1718 1286 1750 collocatam

283 1775 412 1814 fuisse,
447 1779 481 1806 et
505 1785 589 1807 suae
615 1771 821 1816 diligentiae
848 1770 1003 1816 aliquem
1029 1771 1184 1803 fructum
1207 1781 1287 1802 cum

285 1827 470 1870 voluptate
492 1824 722 1858 coniunctum
744 1823 995 1868 reportabunt.

389 1877 463 1911 Etsi
495 1883 613 1910 autem
643 1875 847 1910 Calendarii
879 1873 1072 1919 descriptio
1095 1872 1288 1918 praecipue

285 1929 425 1965 institui
447 1929 551 1962 debet
567 1935 716 1973 propter
733 1927 922 1960 lectionem
939 1926 1160 1959 Biblicarum
1179 1922 1290 1959 histo-

285 1982 436 2022 riarum,
461 1987 501 2014 ut
517 1981 592 2014 dies
608 1980 676 2024 ipsi
692 1991 758 2013 nos
775 1979 926 2013 subinde
942 1979 985 2011 de
1004 1977 1204 2021 insignibus
1221 1976 1289 2010 Dei

286 2034 470 2079 operibus,
498 2044 590 2078 quae
608 2031 785 2065 Ecclesiae
806 2029 962 2064 exhibita
982 2042 1055 2064 esse
1072 2029 1122 2062 ibi
1138 2029 1289 2073 legimus

286 2093 321 2120 et
343 2086 616 2123 annotavimus,
646 2082 989 2122 commonefaciant,
1016 2088 1051 2114 et
1072 2081 1151 2125 pios
1173 2081 1209 2113 in
1224 2093 1289 2114 no-

920 75 1282 110 ADDlTAMENTA
1307 74 1375 110 AD
1400 75 1543 111 VOLL.
1570 75 1697 112 l—X.

284 2138 339 2172 bis
355 2144 474 2171 motus
491 2135 704 2175 exuscitent,
732 2135 830 2181 quod
850 2134 926 2169 sine
945 2133 1199 2177 superstitione
1216 2133 1287 2166 ulla
1314 2149 1316 2156 r

286 2190 362 2223 fieri
385 2200 489 2233 posse
513 2194 546 2221 et
570 2188 699 2220 debere
723 2187 801 2220 sani
826 2198 951 2219 omnes
973 2185 1199 2218 fatebuntur:

286 2253 370 2274 men
396 2241 503 2274 etiam
528 2239 617 2273 alios
640 2252 723 2273 usus
747 2239 919 2283 praebere
942 2237 1048 2271 nobis
1072 2237 1180 2270 semel
1205 2249 1289 2269 con-

286 2294 415 2326 sectum
452 2293 521 2325 tale
547 2291 801 2325 Calendarium
828 2296 964 2335 potest,
1007 2301 1169 2335 quorum
1194 2289 1287 2321 ratio

286 2345 418 2389 negligi
437 2356 510 2376 non
526 2344 631 2376 debet
649 2343 692 2375 ab
711 2355 765 2382 eo,
793 2342 879 2388 qui.
872 2342 1023 2375 aliarum
1042 2353 1186 2386 quoque
1204 2352 1288 2385 gen-

286 2397 376 2429 tium
404 2394 541 2428 bistorzi
545 2408 571 2428 ns
597 2408 675 2428 cum
699 2394 809 2428 sacris
828 2393 1097 2437 coniungendas
1116 2405 1189 2427 esse
1209 2405 1289 2425 cen-

287 2448 397 2487 sebit,
434 2448 530 2492 quod
556 2447 699 2492 quidem
725 2446 915 2489 diligenter
940 2446 1055 2478 facere
1078 2457 1153 2477 non
1177 2446 1287 2478 modo

287 2500 374 2533 utile
404 2505 475 2537 est,
511 2500 569 2531 sed
599 2499 705 2530 etiam
731 2498 983 2531 necessarium.
1050 2497 1164 2530 Multa
1191 2497 1285 2529 enim

287 2558 369 2586 sunt
396 2550 432 2583 in
450 2548 674 2594 Propheticis
697 2550 837 2594 scriptis
854 2548 1133 2593 posterioribus,
1160 2548 1196 2580 in
1216 2549 1287 2592 pri-

287 2604 354 2636 mis
372 2609 489 2635 autem
510 2602 547 2634 in
569 2602 772 2645 apostolicis
791 2601 1075 2640 narrationibus,
1104 2613 1194 2644 quae
1212 2601 1287 2633 sine

290 2655 495 2698 cognitione
531 2665 738 2696 graecarum
779 2660 810 2685 et
847 2665 1081 2685 romanarum
1120 2650 1311 2691 historia-¹

289 2718 369 2740 rum
387 2718 502 2751 neque
524 2705 671 2749 intelligi
691 2717 806 2750 neque
825 2705 991 2748 explicari
1007 2711 1168 2748 possunt.

1236 2191 1289 2217 ta-
1314 2197 1316 2203 ·

1313 2293 1316 2372 i

1312 2376 1316 2444 1

2258 80 2335 116 804

1439 161 1580 196 Deinde
1602 163 1667 197 etsi
1685 163 1794 198 sacris
1812 163 1952 208 scriptis
1968 164 2161 210 praecipue
2178 166 2337 201 creditur

1334 219 1485 257 propter
1509 213 1648 255 Deum,
1677 222 1841 249 autorem
1869 215 1965 251 illius
1982 216 2102 257 verbi,
2132 222 2166 250 et
2186 224 2337 263 propter

1335 265 1581 299 testimonium
1606 265 1806 308 Ecclesiae,
1842 273 1963 301 tamen
1988 280 2063 301 non
2083 268 2211 302 leviter
2228 269 2335 303 etiam

1335 318 1597 352 confirmantur
1615 318 1726 351 animi
1743 319 1901 364 piorum,
1928 326 1969 353 ut
1985 319 2124 354 firmius
2142 320 2338 354 assentian-

1335 374 1393 402 tur
1415 370 1523 403 sacris
1546 367 1727 411 historiis,
1760 383 1841 405 cum
1866 371 1991 405 vident
2017 371 2054 404 in
2077 371 2229 405 aliarum
2253 383 2338 417 gen·

1335 419 1425 453 tium
1448 419 1608 455 historiis
1633 422 1763 455 alicubi
1788 424 1911 456 eadem
1934 424 2025 456 facta
2055 423 2234 468 copiosius
2255 435 2339 457 nar-

1335 472 1429 513 rari,
1457 485 1548 519 quae
1565 473 1602 506 in
1618 473 1745 508 Bibliis
1762 474 1919 508 breviter
1935 475 2249 520 perstringuntur,
2275 475 2339 509 ali-

1336 524 1416 557 cubi
1434 532 1582 560 eventus
1600 525 1680 560 illos
1699 527 1837 570 prolixe
1854 527 1997 571 exponi,
2026 526 2088 572 qui
2107 527 2213 572 longe
2232 533 2338 561 antea

1336 574 1602 621 Prophetarum
1619 577 1798 613 vaticiniis
1811 585 1894 612 sunt
1908 578 2096 623 praedicti,
2113 585 2147 612 et
2159 590 2338 625 nusquam

1337 634 1457 661 tamen
1476 628 1513 661 in
1529 630 1639 664 sacris
1656 630 1758 664 libris
1774 631 1878 675 plene
1897 636 2243 664 commemorantur.

1439 689 1508 722 Sed
1532 689 1641 724 nimis
1664 690 1812 735 longum
1841 697 1949 729 esset,
1979 697 2014 724 et
2030 690 2188 724 alienum
2208 690 2254 724 ab
2271 688 2340 724 hoc

1337 739 1522 781 instituto,
1563 754 1688 776 omnes
1719 740 1777 775 hic
1807 754 1929 777 causas
1960 754 2192 783 enumerare,
2229 754 2341 788 quare

1337 792 1444 825 etiam
1461 790 1699 827 Ethnicarum
1720 792 1955 828 historiarum
1973 794 2165 828 lectionem
2183 806 2263 828 cum
2280 793 2342 827 Bi-

1336 843 1417 878 bliis
1434 844 1604 889 coniungi
1622 845 1735 889 prosit
1753 852 1788 879 et
1807 852 1985 891 oporteat,
2008 859 2088 880 cum
2105 846 2141 879 id
2159 858 2179 879 a
2196 845 2342 879 nemine

1337 907 1426 929 sano
1445 896 1543 930 sitin
1563 898 1846 932 controversiam
1864 904 2031 931 vocatum
2044 925 2052 938 ,
2083 904 2117 932 et
2135 897 2212 943 ipsa
2234 897 2343 932 series

1336 946 1595 989 historiarum,
1623 962 1716 995 quae
1743 955 1883 990 extant,
1910 955 2072 990 testetur,
2099 949 2272 983 divinitus
2293 949 2342 982 ita

1337 1000 1471 1034 factum
1488 1013 1574 1041 esse,
1601 1007 1640 1034 ut
1655 1001 1714 1034 illa
1733 1001 1960 1046 potissimum
1980 1007 2216 1035 monumenta
2231 999 2344 1035 histo-

1338 1052 1497 1086 ricorum
1524 1060 1827 1087 conservarentur
1857 1054 1894 1086 in
1918 1053 2099 1094 Ecclesia,
2136 1065 2229 1099 quae
2259 1053 2343 1086 inde

1338 1103 1483 1138 initium
1501 1117 1622 1138 rerum
1639 1106 1957 1139 describendarum
1977 1111 2137 1146 sumunt,
2164 1104 2226 1139 ubi
2242 1116 2343 1139 sacra

1339 1154 1490 1190 historia
1524 1157 1674 1198 desinit,
1712 1163 1747 1190 et
1777 1157 1874 1191 iuxta
1904 1164 2110 1202 temporum
2138 1156 2266 1191 seriem
2287 1168 2345 1190 res

1340 1208 1467 1241 ordine
1495 1209 1653 1253 primum
1679 1221 1698 1242 a
1718 1209 1884 1250 Graecis,
1921 1216 2045 1254 postea
2067 1221 2086 1242 a
2112 1207 2272 1249 Latinis,
2299 1208 2346 1241 ad

1340 1266 1501 1294 nostram
1524 1274 1636 1307 usque
1656 1261 1872 1294 memoriam
1892 1261 2088 1306 descriptas
2109 1260 2308 1294 continent.

1444 1321 1523 1354 Hoc
1549 1334 1629 1355 cum
1655 1322 1703 1355 ita
1729 1334 1801 1355 esse
1827 1327 1984 1363 constet,
2013 1321 2081 1355 erit
2096 1318 2155 1354 hic
2171 1320 2262 1355 alius
2280 1319 2346 1354 Ca-

1340 1372 1514 1413 lendarii,
1551 1374 1647 1419 quod
1674 1374 1934 1418 proponimus,
1969 1386 2053 1407 usus
2078 1385 2153 1406 non
2178 1371 2347 1417 vulgaris,

1341 1425 1438 1470 quod
1461 1425 1581 1458 licebit
1605 1432 1639 1458 et
1664 1427 1839 1459 conducet
1859 1425 1896 1458 in
1915 1426 2041 1458 eodem
2065 1430 2241 1457 annotare
2259 1423 2346 1464 dies,

1341 1476 1471 1521 quibus
1488 1477 1645 1520 insignes
1662 1477 1791 1517 clades,
1820 1483 1881 1510 aut
1899 1476 2072 1509 victoriae
2090 1476 2243 1509 aliarum
2263 1487 2347 1519 gen-

1341 1527 1429 1560 tium
1452 1534 1549 1561 extra
1566 1528 1761 1562 Ecclesiam
1781 1528 1949 1561 accidisse
1968 1528 2155 1572 leguntur,
2187 1539 2279 1573 quae
2294 1526 2346 1559 di-

1340 1579 1485 1623 ligentia
1505 1580 1569 1613 etsi
1589 1580 1718 1613 frivola
1737 1580 1853 1612 videri
1869 1579 2049 1625 aliquibus
2068 1584 2198 1624 potest,
2225 1584 2347 1612 tamen

1341 1643 1415 1663 non
1437 1629 1547 1671 mth,
1582 1632 1642 1665 sed
1667 1631 1745 1665 aliis
1771 1631 2004 1676 peritioribus
2027 1630 2135 1664 velim
2159 1642 2180 1664 a
2196 1629 2349 1664 iuniori-

1342 1683 1406 1716 bus
1424 1681 1493 1716 hoc
1511 1684 1629 1724 credi,
1657 1696 1806 1728 magnas
1827 1683 1901 1718 eius
1921 1683 2031 1717 studii
2047 1682 2155 1717 etiam
2175 1682 2348 1716 utilitates

1343 1747 1445 1779 posse
1466 1748 1655 1769 recenseri.

1446 1795 1538 1830 Nam
1566 1797 1611 1829 ad
1636 1808 1779 1829 morum
1800 1795 2100 1840 gubernationem
2119 1806 2194 1828 non
2212 1794 2349 1827 medio-

1343 1847 1450 1883 criter
1486 1848 1674 1888 conducit,
1714 1848 1865 1882 subinde
1899 1847 2032 1881 intueri
2068 1847 2106 1880 in
2133 1845 2349 1892 antiquitate

1344 1907 1491 1935 eventus
1511 1899 1688 1944 insignes,
1717 1900 1778 1946 qni
1796 1905 1855 1932 aut
1873 1899 1957 1933 totis
1976 1897 2259 1943 rebuspublicis‚
2287 1903 2349 1931 aut

1344 1966 1465 1986 earum
1499 1952 1822 1997 gubernatoribus,
1866 1951 2063 1997 aliquando
2087 1950 2250 1995 ipsorum
2276 1949 2349 1983 cul-

1343 2017 1386 2050 pa
1400 2032 1409 2046 ,
1438 2004 1634 2050 aliquando
1651 2005 1818 2037 fortunae
1838 2002 2077 2037 inconstantia
2091 2029 2100 2043 ‚
2129 2001 2348 2036 acciderunt.

1342 2057 1495 2091 Prodest
1529 2056 1779 2096 considerare,
1820 2067 1861 2088 ex
1892 2068 2000 2101 quam
2036 2054 2204 2088 tenuibus
2235 2052 2349 2087 initiis

1342 2109 1499 2142 maxima
1525 2107 1676 2153 imperia
1704 2107 1900 2153 aliquando
1922 2107 1993 2141 sint
2017 2113 2161 2147 exorta,
2189 2111 2223 2139 et
2245 2104 2348 2139 vicis-

1342 2162 1431 2202 sim,
1475 2173 1583 2206 quam
1619 2159 1756 2193 levibus
1792 2159 2040 2193 occasionibus
2072 2156 2348 2191 florentissimae

1343 2213 1565 2259 respublicae
1591 2211 1788 2258 aliquando
1817 2212 1859 2244 de
1884 2224 2026 2245 summo
2060 2208 2243 2255 potentiae
2267 2220 2347 2253 gra-

1342 2267 1390 2300 du
1417 2265 1487 2300 sint
1510 2264 1679 2298 deiectae.
1734 2263 1870 2297 Harum
1898 2263 2141 2297 mutationum
2167 2261 2197 2295 si
2220 2272 2346 2294 causae

1343 2318 1449 2351 etiam
1469 2317 1501 2364 3)
1528 2322 1562 2349 et
1585 2316 1790 2349 occisiones
1813 2316 1920 2350 simul
1944 2314 2240 2354 considerantur,
2268 2311 2345 2345 fieri

1342 2383 1416 2403 non
1434 2374 1563 2414 potest,
1581 2368 1667 2414 quin
1686 2368 1721 2401 in
1738 2367 1979 2401 animisliber
1973 2367 2075 2400 iliter
2091 2363 2262 2400 institutis
2275 2363 2346 2397 exi-

1342 2428 1412 2457 stat
1431 2420 1600 2465 cogitatio
1617 2421 1660 2453 de
1677 2420 1870 2464 fragilitate
1887 2432 2006 2453 rerum
2025 2416 2282 2456 humanarum,
2302 2416 2345 2448 de

1342 2473 1568 2519 providentia
1594 2479 1628 2506 et
1652 2472 1785 2506 iustitia
1804 2471 1892 2511 Dei,
1918 2470 2100 2516 punientis
2118 2467 2253 2502 atrocia
2273 2479 2346 2501 sce-

1342 2529 1414 2560 lera
1434 2525 1586 2570 publicis
1605 2531 1637 2557 et
1655 2523 1804 2569 privatis
1823 2523 2098 2561 calamitatibus,
2128 2527 2161 2554 et
2181 2519 2344 2554 ornantis

1341 2578 1582 2623 singularibus
1609 2576 1826 2610 successibus
1850 2588 1928 2616 eos,
1964 2574 2023 2620 qui
2052 2574 2183 2607 virtute
2209 2578 2242 2605 et
2265 2571 2345 2604 aliis

1376 2720 1407 2749 3)
1428 2724 1530 2744 causae
1549 2719 1647 2748 etiam]
1667 2719 1709 2743 sic
1729 2719 1779 2745 Ed.
1793 2718 1837 2749 2.;
1862 2717 1911 2742 Ed.
1928 2718 1951 2743 l.
1972 2716 2055 2741 ctiam
2073 2721 2178 2741 causae
