<?xml version="1.0" encoding="UTF-8"?>
<!DOCTYPE html PUBLIC "-//W3C//DTD XHTML 1.0 Transitional//EN"
    "http://www.w3.org/TR/xhtml1/DTD/xhtml1-transitional.dtd">
<html xmlns="http://www.w3.org/1999/xhtml" xml:lang="en" lang="en">
 <head>
  <title>
</title>
<meta http-equiv="Content-Type" content="text/html;charset=utf-8" />
  <meta name='ocr-system' content='tesseract 3.04.00' />
  <meta name='ocr-capabilities' content='ocr_page ocr_carea ocr_par ocr_line ocrx_word'/>
</head>
<body>
  <div class='ocr_page' id='page_1' title='image "./operaquaesupersu20melauoft/operaquaesupersu20melauoft_0251.png"; bbox 0 0 2389 3037; ppageno 0'>
   <div class='ocr_carea' id='block_1_1' title="bbox 73 124 402 166">
    <p class='ocr_par' dir='ltr' id='par_1_1' title="bbox 73 124 402 166">
     <span class='ocr_line' id='line_1_1' title="bbox 73 124 402 166; baseline -0.018 -1"><span class='ocrx_word' id='word_1_1' title='bbox 73 130 149 166; x_wconf 87' lang='lat'>477</span> <span class='ocrx_word' id='word_1_2' title='bbox 345 124 402 160; x_wconf 80' lang='grc' dir='ltr'><strong>ΙΙΙ.</strong></span> 
     </span>
    </p>
   </div>
   <div class='ocr_carea' id='block_1_2' title="bbox 458 119 1864 158">
    <p class='ocr_par' dir='ltr' id='par_1_2' title="bbox 458 119 1864 158">
     <span class='ocr_line' id='line_1_2' title="bbox 458 119 1864 158; baseline -0.002 0"><span class='ocrx_word' id='word_1_3' title='bbox 458 123 523 158; x_wconf 90' lang='lat' dir='ltr'>DE</span> <span class='ocrx_word' id='word_1_4' title='bbox 552 120 833 158; x_wconf 67' lang='lat' dir='ltr'>ELECTIONE</span> <span class='ocrx_word' id='word_1_5' title='bbox 861 121 926 155; x_wconf 90' lang='lat' dir='ltr'>ET</span> <span class='ocrx_word' id='word_1_6' title='bbox 957 119 1313 156; x_wconf 64' lang='lat' dir='ltr'>CORONATIONE</span> <span class='ocrx_word' id='word_1_7' title='bbox 1343 119 1522 155; x_wconf 78' lang='lat' dir='ltr'>CAROLI</span> <span class='ocrx_word' id='word_1_8' title='bbox 1548 120 1592 155; x_wconf 68' lang='lat' dir='ltr'>V.</span> <span class='ocrx_word' id='word_1_9' title='bbox 1623 119 1864 156; x_wconf 73' lang='lat' dir='ltr'>CAESARIS.</span> 
     </span>
    </p>
   </div>
   <div class='ocr_carea' id='block_1_3' title="bbox 2067 122 2141 157">
    <p class='ocr_par' dir='ltr' id='par_1_3' title="bbox 2067 122 2141 157">
     <span class='ocr_line' id='line_1_3' title="bbox 2067 122 2141 157; baseline -0.027 0"><span class='ocrx_word' id='word_1_10' title='bbox 2067 122 2141 157; x_wconf 80' lang='lat'>478</span> 
     </span>
    </p>
   </div>
   <div class='ocr_carea' id='block_1_4' title="bbox 179 202 2147 257">
    <p class='ocr_par' dir='ltr' id='par_1_4' title="bbox 179 202 2147 257">
     <span class='ocr_line' id='line_1_4' title="bbox 179 202 2147 257; baseline -0.003 -10"><span class='ocrx_word' id='word_1_11' title='bbox 179 213 261 248; x_wconf 91' lang='lat' dir='ltr'>Tali</span> <span class='ocrx_word' id='word_1_12' title='bbox 277 219 440 257; x_wconf 88' lang='lat' dir='ltr'>tempore</span> <span class='ocrx_word' id='word_1_13' title='bbox 459 202 613 245; x_wconf 80' lang='lat' dir='ltr'>maxime</span> <span class='ocrx_word' id='word_1_14' title='bbox 632 210 791 255; x_wconf 75' lang='lat' dir='ltr'>conspici</span> <span class='ocrx_word' id='word_1_15' title='bbox 810 209 941 254; x_wconf 91' lang='lat' dir='ltr'>potuit,</span> <span class='ocrx_word' id='word_1_16' title='bbox 970 219 1084 254; x_wconf 88' lang='lat' dir='ltr'>quan·</span> <span class='ocrx_word' id='word_1_17' title='bbox 1108 219 1112 250; x_wconf 63' lang='grc' dir='ltr'>ι</span> <span class='ocrx_word' id='word_1_18' title='bbox 1136 208 1246 252; x_wconf 80' lang='lat' dir='ltr'>gressi</span> <span class='ocrx_word' id='word_1_19' title='bbox 1263 221 1406 247; x_wconf 89' lang='lat' dir='ltr'>sumus,</span> <span class='ocrx_word' id='word_1_20' title='bbox 1435 208 1564 241; x_wconf 87' lang='lat' dir='ltr'>iterum</span> <span class='ocrx_word' id='word_1_21' title='bbox 1583 220 1712 253; x_wconf 83' lang='lat' dir='ltr'>precor</span> <span class='ocrx_word' id='word_1_22' title='bbox 1730 208 1847 243; x_wconf 91' lang='lat' dir='ltr'>Deum</span> <span class='ocrx_word' id='word_1_23' title='bbox 1873 209 2051 254; x_wconf 89' lang='lat' dir='ltr'>optimum</span> <span class='ocrx_word' id='word_1_24' title='bbox 2069 221 2147 241; x_wconf 89' lang='lat' dir='ltr'>ma-</span> 
     </span>
    </p>
   </div>
   <div class='ocr_carea' id='block_1_5' title="bbox 29 262 1086 2713">
    <p class='ocr_par' dir='ltr' id='par_1_5' title="bbox 71 262 1084 877">
     <span class='ocr_line' id='line_1_5' title="bbox 74 262 1082 312; baseline -0.01 -10"><span class='ocrx_word' id='word_1_25' title='bbox 74 278 149 303; x_wconf 82' lang='lat' dir='ltr'>tum</span> <span class='ocrx_word' id='word_1_26' title='bbox 169 268 216 301; x_wconf 91' lang='lat' dir='ltr'>ad</span> <span class='ocrx_word' id='word_1_27' title='bbox 234 265 536 312; x_wconf 76' lang='lat' dir='ltr'>tranquillitatem</span> <span class='ocrx_word' id='word_1_28' title='bbox 557 270 591 297; x_wconf 88' lang='lat' dir='ltr'>et</span> <span class='ocrx_word' id='word_1_29' title='bbox 609 263 759 298; x_wconf 87' lang='lat' dir='ltr'>salutem</span> <span class='ocrx_word' id='word_1_30' title='bbox 782 262 880 295; x_wconf 86' lang='lat' dir='ltr'>orbis</span> <span class='ocrx_word' id='word_1_31' title='bbox 901 267 1082 294; x_wconf 88' lang='lat' dir='ltr'>terrarum</span> 
     </span>
     <span class='ocr_line' id='line_1_6' title="bbox 73 311 1081 355; baseline -0.011 0"><span class='ocrx_word' id='word_1_32' title='bbox 73 321 254 355; x_wconf 90' lang='lat' dir='ltr'>conducat</span> <span class='ocrx_word' id='word_1_33' title='bbox 266 317 474 352; x_wconf 86' lang='lat' dir='ltr'>Electorum</span> <span class='ocrx_word' id='word_1_34' title='bbox 493 316 529 349; x_wconf 92' lang='lat' dir='ltr'>in</span> <span class='ocrx_word' id='word_1_35' title='bbox 546 315 744 351; x_wconf 81' lang='lat' dir='ltr'>Germania</span> <span class='ocrx_word' id='word_1_36' title='bbox 762 314 965 348; x_wconf 85' lang='lat' dir='ltr'>consilium.</span> <span class='ocrx_word' id='word_1_37' title='bbox 991 311 1081 346; x_wconf 91' lang='lat' dir='ltr'>Cum</span> 
     </span>
     <span class='ocr_line' id='line_1_7' title="bbox 73 364 1083 416; baseline -0.011 -9"><span class='ocrx_word' id='word_1_38' title='bbox 73 373 169 407; x_wconf 90' lang='lat' dir='ltr'>enim</span> <span class='ocrx_word' id='word_1_39' title='bbox 196 370 423 416; x_wconf 84' lang='lat' dir='ltr'>impenderet</span> <span class='ocrx_word' id='word_1_40' title='bbox 447 369 572 413; x_wconf 82' lang='lat' dir='ltr'>ingens</span> <span class='ocrx_word' id='word_1_41' title='bbox 596 381 718 402; x_wconf 90' lang='lat' dir='ltr'>rerum</span> <span class='ocrx_word' id='word_1_42' title='bbox 737 366 913 405; x_wconf 88' lang='lat' dir='ltr'>mutatio,</span> <span class='ocrx_word' id='word_1_43' title='bbox 941 364 1083 409; x_wconf 88' lang='lat' dir='ltr'>sapien-</span> 
     </span>
     <span class='ocr_line' id='line_1_8' title="bbox 72 416 1083 466; baseline -0.009 -8"><span class='ocrx_word' id='word_1_44' title='bbox 72 425 136 466; x_wconf 85' lang='lat' dir='ltr'>tia,</span> <span class='ocrx_word' id='word_1_45' title='bbox 163 422 379 462; x_wconf 88' lang='lat' dir='ltr'>constantia,</span> <span class='ocrx_word' id='word_1_46' title='bbox 408 421 615 461; x_wconf 89' lang='lat' dir='ltr'>concordia,</span> <span class='ocrx_word' id='word_1_47' title='bbox 645 427 679 454; x_wconf 89' lang='lat' dir='ltr'>et</span> <span class='ocrx_word' id='word_1_48' title='bbox 698 420 764 453; x_wconf 86' lang='lat' dir='ltr'>fide</span> <span class='ocrx_word' id='word_1_49' title='bbox 778 418 1000 457; x_wconf 87' lang='lat' dir='ltr'>Electorum,</span> <span class='ocrx_word' id='word_1_50' title='bbox 1029 416 1083 449; x_wconf 91' lang='lat' dir='ltr'>di-</span> 
     </span>
     <span class='ocr_line' id='line_1_9' title="bbox 72 473 1081 522; baseline -0.01 -11"><span class='ocrx_word' id='word_1_51' title='bbox 72 477 190 522; x_wconf 86' lang='lat' dir='ltr'>gnitas</span> <span class='ocrx_word' id='word_1_52' title='bbox 205 474 349 520; x_wconf 88' lang='lat' dir='ltr'>imperii</span> <span class='ocrx_word' id='word_1_53' title='bbox 366 480 400 508; x_wconf 91' lang='lat' dir='ltr'>et</span> <span class='ocrx_word' id='word_1_54' title='bbox 416 474 533 507; x_wconf 86' lang='lat' dir='ltr'>forma</span> <span class='ocrx_word' id='word_1_55' title='bbox 553 473 773 518; x_wconf 84' lang='lat' dir='ltr'>reipublicae.</span> <span class='ocrx_word' id='word_1_56' title='bbox 791 475 1003 504; x_wconf 76' lang='lat' dir='ltr'>conservata</span> <span class='ocrx_word' id='word_1_57' title='bbox 1020 474 1081 502; x_wconf 87' lang='lat' dir='ltr'>est.</span> 
     </span>
     <span class='ocr_line' id='line_1_10' title="bbox 71 521 1083 571; baseline -0.009 -8"><span class='ocrx_word' id='word_1_58' title='bbox 71 529 201 564; x_wconf 84' lang='lat' dir='ltr'>Statim</span> <span class='ocrx_word' id='word_1_59' title='bbox 225 526 322 561; x_wconf 89' lang='lat' dir='ltr'>enim</span> <span class='ocrx_word' id='word_1_60' title='bbox 340 524 644 571; x_wconf 81' lang='lat' dir='ltr'>Archiepiscopus</span> <span class='ocrx_word' id='word_1_61' title='bbox 660 523 900 568; x_wconf 84' lang='lat' dir='ltr'>Moguntinus</span> <span class='ocrx_word' id='word_1_62' title='bbox 913 521 1083 555; x_wconf 90' lang='lat' dir='ltr'>Albertus</span> 
     </span>
     <span class='ocr_line' id='line_1_11' title="bbox 71 572 1080 623; baseline -0.011 -7"><span class='ocrx_word' id='word_1_63' title='bbox 71 578 237 616; x_wconf 72' lang='lat' dir='ltr'>Mai-chio</span> <span class='ocrx_word' id='word_1_64' title='bbox 254 578 618 623; x_wconf 82' lang='lat' dir='ltr'>Brandenburgensis</span> <span class='ocrx_word' id='word_1_65' title='bbox 645 575 849 612; x_wconf 86' lang='lat' dir='ltr'>Cardinalis</span> <span class='ocrx_word' id='word_1_66' title='bbox 874 574 980 608; x_wconf 89' lang='lat' dir='ltr'>titulo</span> <span class='ocrx_word' id='word_1_67' title='bbox 1007 572 1080 606; x_wconf 75' lang='lat' dir='ltr'>divi</span> 
     </span>
     <span class='ocr_line' id='line_1_12' title="bbox 73 627 1082 679; baseline -0.009 -12"><span class='ocrx_word' id='word_1_68' title='bbox 73 631 321 679; x_wconf 85' lang='lat' dir='ltr'>Chrysogoni,</span> <span class='ocrx_word' id='word_1_69' title='bbox 357 631 538 665; x_wconf 88' lang='lat' dir='ltr'>intellecta</span> <span class='ocrx_word' id='word_1_70' title='bbox 562 636 679 664; x_wconf 90' lang='lat' dir='ltr'>morte</span> <span class='ocrx_word' id='word_1_71' title='bbox 702 627 966 667; x_wconf 81' lang='lat' dir='ltr'>Maximiliani,</span> <span class='ocrx_word' id='word_1_72' title='bbox 1001 638 1082 660; x_wconf 92' lang='lat' dir='ltr'>cum</span> 
     </span>
     <span class='ocr_line' id='line_1_13' title="bbox 72 679 1084 731; baseline -0.009 -12"><span class='ocrx_word' id='word_1_73' title='bbox 72 685 184 731; x_wconf 85' lang='lat' dir='ltr'>ipsius</span> <span class='ocrx_word' id='word_1_74' title='bbox 207 696 340 718; x_wconf 89' lang='lat' dir='ltr'>munus</span> <span class='ocrx_word' id='word_1_75' title='bbox 370 684 415 718; x_wconf 90' lang='lat' dir='ltr'>sit</span> <span class='ocrx_word' id='word_1_76' title='bbox 441 695 640 717; x_wconf 74' lang='lat' dir='ltr'>convocare</span> <span class='ocrx_word' id='word_1_77' title='bbox 665 681 870 719; x_wconf 89' lang='lat' dir='ltr'>Electores,</span> <span class='ocrx_word' id='word_1_78' title='bbox 906 679 1084 724; x_wconf 82' lang='lat' dir='ltr'>significat</span> 
     </span>
     <span class='ocr_line' id='line_1_14' title="bbox 73 732 1083 781; baseline -0.01 -8"><span class='ocrx_word' id='word_1_79' title='bbox 73 738 122 773; x_wconf 89' lang='lat' dir='ltr'>eis</span> <span class='ocrx_word' id='word_1_80' title='bbox 141 737 328 771; x_wconf 88' lang='lat' dir='ltr'>interitum</span> <span class='ocrx_word' id='word_1_81' title='bbox 346 734 603 781; x_wconf 85' lang='lat' dir='ltr'>Imperatoris,</span> <span class='ocrx_word' id='word_1_82' title='bbox 641 741 674 767; x_wconf 92' lang='lat' dir='ltr'>et</span> <span class='ocrx_word' id='word_1_83' title='bbox 696 732 999 767; x_wconf 83' lang='lat' dir='ltr'>Francosordiam</span> <span class='ocrx_word' id='word_1_84' title='bbox 1022 742 1083 764; x_wconf 92' lang='lat' dir='ltr'>eos</span> 
     </span>
     <span class='ocr_line' id='line_1_15' title="bbox 72 783 1084 825; baseline -0.008 -1"><span class='ocrx_word' id='word_1_85' title='bbox 72 792 118 824; x_wconf 86' lang='lat' dir='ltr'>ad</span> <span class='ocrx_word' id='word_1_86' title='bbox 141 788 441 824; x_wconf 80' lang='lat' dir='ltr'>deliberationem</span> <span class='ocrx_word' id='word_1_87' title='bbox 470 788 514 821; x_wconf 89' lang='lat' dir='ltr'>de</span> <span class='ocrx_word' id='word_1_88' title='bbox 546 798 769 825; x_wconf 92' lang='lat' dir='ltr'>successore,</span> <span class='ocrx_word' id='word_1_89' title='bbox 806 792 840 819; x_wconf 94' lang='lat' dir='ltr'>et</span> <span class='ocrx_word' id='word_1_90' title='bbox 869 785 914 817; x_wconf 88' lang='lat' dir='ltr'>ad</span> <span class='ocrx_word' id='word_1_91' title='bbox 941 783 1084 817; x_wconf 90' lang='lat' dir='ltr'>electio-</span> 
     </span>
     <span class='ocr_line' id='line_1_16' title="bbox 71 847 292 877; baseline -0.014 0"><span class='ocrx_word' id='word_1_92' title='bbox 71 855 155 877; x_wconf 88' lang='lat' dir='ltr'>nem</span> <span class='ocrx_word' id='word_1_93' title='bbox 175 847 292 875; x_wconf 88' lang='lat' dir='ltr'>vocat.</span> 
     </span>
    </p>

    <p class='ocr_par' dir='ltr' id='par_1_6' title="bbox 69 888 1085 1564">
     <span class='ocr_line' id='line_1_17' title="bbox 175 888 1085 939; baseline -0.009 -12"><span class='ocrx_word' id='word_1_94' title='bbox 175 893 278 939; x_wconf 82' lang='lat' dir='ltr'>Quos</span> <span class='ocrx_word' id='word_1_95' title='bbox 302 893 368 927; x_wconf 89' lang='lat' dir='ltr'>etsi</span> <span class='ocrx_word' id='word_1_96' title='bbox 389 904 455 937; x_wconf 89' lang='lat' dir='ltr'>per</span> <span class='ocrx_word' id='word_1_97' title='bbox 480 904 555 926; x_wconf 87' lang='lat' dir='ltr'>sese</span> <span class='ocrx_word' id='word_1_98' title='bbox 579 891 749 924; x_wconf 82' lang='lat' dir='ltr'>movebat</span> <span class='ocrx_word' id='word_1_99' title='bbox 775 888 884 923; x_wconf 86' lang='lat' dir='ltr'>officii</span> <span class='ocrx_word' id='word_1_100' title='bbox 903 888 1018 926; x_wconf 90' lang='lat' dir='ltr'>ratio,</span> <span class='ocrx_word' id='word_1_101' title='bbox 1044 893 1085 920; x_wconf 88' lang='lat' dir='ltr'>ut</span> 
     </span>
     <span class='ocr_line' id='line_1_18' title="bbox 72 939 1083 981; baseline -0.01 0"><span class='ocrx_word' id='word_1_102' title='bbox 72 945 285 981; x_wconf 88' lang='lat' dir='ltr'>electionem</span> <span class='ocrx_word' id='word_1_103' title='bbox 316 951 501 978; x_wconf 88' lang='lat' dir='ltr'>maturare</span> <span class='ocrx_word' id='word_1_104' title='bbox 531 945 736 978; x_wconf 84' lang='lat' dir='ltr'>studerent:</span> <span class='ocrx_word' id='word_1_105' title='bbox 781 949 904 975; x_wconf 85' lang='lat' dir='ltr'>tamen</span> <span class='ocrx_word' id='word_1_106' title='bbox 940 952 1021 973; x_wconf 90' lang='lat' dir='ltr'>cum</span> <span class='ocrx_word' id='word_1_107' title='bbox 1046 939 1083 971; x_wconf 90' lang='lat' dir='ltr'>in</span> 
     </span>
     <span class='ocr_line' id='line_1_19' title="bbox 71 991 1084 1043; baseline -0.007 -11"><span class='ocrx_word' id='word_1_108' title='bbox 71 999 181 1033; x_wconf 89' lang='lat' dir='ltr'>tantis</span> <span class='ocrx_word' id='word_1_109' title='bbox 199 997 382 1043; x_wconf 87' lang='lat' dir='ltr'>periculis,</span> <span class='ocrx_word' id='word_1_110' title='bbox 406 1009 498 1043; x_wconf 88' lang='lat' dir='ltr'>quae</span> <span class='ocrx_word' id='word_1_111' title='bbox 517 996 691 1030; x_wconf 70' lang='lat' dir='ltr'>videbant</span> <span class='ocrx_word' id='word_1_112' title='bbox 711 994 940 1039; x_wconf 86' lang='lat' dir='ltr'>impendere,</span> <span class='ocrx_word' id='word_1_113' title='bbox 969 991 1084 1036; x_wconf 75' lang='lat' dir='ltr'>magis</span> 
     </span>
     <span class='ocr_line' id='line_1_20' title="bbox 72 1044 1083 1095; baseline -0.008 -11"><span class='ocrx_word' id='word_1_114' title='bbox 72 1052 179 1085; x_wconf 90' lang='lat' dir='ltr'>etiam</span> <span class='ocrx_word' id='word_1_115' title='bbox 197 1049 470 1095; x_wconf 91' lang='lat' dir='ltr'>properandum</span> <span class='ocrx_word' id='word_1_116' title='bbox 490 1061 563 1082; x_wconf 92' lang='lat' dir='ltr'>esse</span> <span class='ocrx_word' id='word_1_117' title='bbox 580 1048 844 1091; x_wconf 77' lang='lat' dir='ltr'>intelligerent,</span> <span class='ocrx_word' id='word_1_118' title='bbox 880 1046 925 1079; x_wconf 91' lang='lat' dir='ltr'>ad</span> <span class='ocrx_word' id='word_1_119' title='bbox 946 1044 1083 1078; x_wconf 88' lang='lat' dir='ltr'>dictum</span> 
     </span>
     <span class='ocr_line' id='line_1_21' title="bbox 71 1098 1084 1137; baseline -0.008 0"><span class='ocrx_word' id='word_1_120' title='bbox 71 1103 166 1137; x_wconf 88' lang='lat' dir='ltr'>diem</span> <span class='ocrx_word' id='word_1_121' title='bbox 201 1114 327 1136; x_wconf 90' lang='lat' dir='ltr'>omnes</span> <span class='ocrx_word' id='word_1_122' title='bbox 350 1101 653 1135; x_wconf 87' lang='lat' dir='ltr'>Francofordiam</span> <span class='ocrx_word' id='word_1_123' title='bbox 684 1101 729 1133; x_wconf 90' lang='lat' dir='ltr'>ad</span> <span class='ocrx_word' id='word_1_124' title='bbox 754 1098 929 1132; x_wconf 86' lang='lat' dir='ltr'>Moenum</span> <span class='ocrx_word' id='word_1_125' title='bbox 954 1108 1084 1130; x_wconf 73' lang='lat' dir='ltr'>conve-</span> 
     </span>
     <span class='ocr_line' id='line_1_22' title="bbox 70 1147 1084 1194; baseline -0.007 -6"><span class='ocrx_word' id='word_1_126' title='bbox 70 1155 193 1189; x_wconf 84' lang='lat' dir='ltr'>niunt:</span> <span class='ocrx_word' id='word_1_127' title='bbox 243 1154 412 1188; x_wconf 88' lang='lat' dir='ltr'>videlicet</span> <span class='ocrx_word' id='word_1_128' title='bbox 445 1154 616 1188; x_wconf 85' lang='lat' dir='ltr'>Albertus</span> <span class='ocrx_word' id='word_1_129' title='bbox 655 1150 860 1186; x_wconf 86' lang='lat' dir='ltr'>Cardinalis</span> <span class='ocrx_word' id='word_1_130' title='bbox 894 1147 1084 1194; x_wconf 78' lang='lat' dir='ltr'>Archiepi-</span> 
     </span>
     <span class='ocr_line' id='line_1_23' title="bbox 71 1200 1083 1252; baseline -0.008 -11"><span class='ocrx_word' id='word_1_131' title='bbox 71 1219 200 1252; x_wconf 89' lang='lat' dir='ltr'>scopus</span> <span class='ocrx_word' id='word_1_132' title='bbox 225 1206 487 1251; x_wconf 86' lang='lat' dir='ltr'>Moguntinus,</span> <span class='ocrx_word' id='word_1_133' title='bbox 520 1205 754 1238; x_wconf 90' lang='lat' dir='ltr'>Hermannus</span> <span class='ocrx_word' id='word_1_134' title='bbox 773 1203 903 1237; x_wconf 89' lang='lat' dir='ltr'>Comes</span> <span class='ocrx_word' id='word_1_135' title='bbox 929 1203 972 1235; x_wconf 91' lang='lat' dir='ltr'>de</span> <span class='ocrx_word' id='word_1_136' title='bbox 988 1200 1083 1234; x_wconf 74' lang='lat' dir='ltr'>Vida</span> 
     </span>
     <span class='ocr_line' id='line_1_24' title="bbox 71 1251 1085 1303; baseline -0.008 -9"><span class='ocrx_word' id='word_1_137' title='bbox 71 1257 374 1303; x_wconf 86' lang='lat' dir='ltr'>Archiepiscopus</span> <span class='ocrx_word' id='word_1_138' title='bbox 413 1257 662 1297; x_wconf 88' lang='lat' dir='ltr'>Coloniensis,</span> <span class='ocrx_word' id='word_1_139' title='bbox 710 1254 916 1289; x_wconf 81' lang='lat' dir='ltr'>Ricliardus</span> <span class='ocrx_word' id='word_1_140' title='bbox 956 1251 1085 1288; x_wconf 88' lang='lat' dir='ltr'>Archi-</span> 
     </span>
     <span class='ocr_line' id='line_1_25' title="bbox 72 1306 1084 1357; baseline -0.007 -11"><span class='ocrx_word' id='word_1_141' title='bbox 72 1312 261 1357; x_wconf 90' lang='lat' dir='ltr'>episcopus</span> <span class='ocrx_word' id='word_1_142' title='bbox 286 1310 534 1351; x_wconf 78' lang='lat' dir='ltr'>Trevirensis,</span> <span class='ocrx_word' id='word_1_143' title='bbox 572 1309 680 1344; x_wconf 88' lang='lat' dir='ltr'>Lassa</span> <span class='ocrx_word' id='word_1_144' title='bbox 698 1308 880 1342; x_wconf 82' lang='lat' dir='ltr'>Dominus</span> <span class='ocrx_word' id='word_1_145' title='bbox 897 1308 940 1340; x_wconf 89' lang='lat' dir='ltr'>de</span> <span class='ocrx_word' id='word_1_146' title='bbox 961 1306 1084 1340; x_wconf 90' lang='lat' dir='ltr'>Stern-</span> 
     </span>
     <span class='ocr_line' id='line_1_26' title="bbox 70 1357 1084 1408; baseline -0.007 -10"><span class='ocrx_word' id='word_1_147' title='bbox 70 1365 201 1408; x_wconf 83' lang='lat' dir='ltr'>bergo,</span> <span class='ocrx_word' id='word_1_148' title='bbox 230 1361 408 1396; x_wconf 78' lang='lat' dir='ltr'>Ludovici</span> <span class='ocrx_word' id='word_1_149' title='bbox 422 1362 531 1405; x_wconf 79' lang='lat' dir='ltr'>Regis</span> <span class='ocrx_word' id='word_1_150' title='bbox 553 1360 755 1395; x_wconf 87' lang='lat' dir='ltr'>Bohemiae</span> <span class='ocrx_word' id='word_1_151' title='bbox 776 1361 933 1404; x_wconf 80' lang='lat' dir='ltr'>legatus,</span> <span class='ocrx_word' id='word_1_152' title='bbox 961 1357 1084 1392; x_wconf 85' lang='lat' dir='ltr'>Ludo-</span> 
     </span>
     <span class='ocr_line' id='line_1_27' title="bbox 69 1411 1084 1454; baseline -0.005 -6"><span class='ocrx_word' id='word_1_153' title='bbox 69 1416 169 1450; x_wconf 85' lang='lat' dir='ltr'>vicus</span> <span class='ocrx_word' id='word_1_154' title='bbox 187 1413 317 1449; x_wconf 90' lang='lat' dir='ltr'>Comes</span> <span class='ocrx_word' id='word_1_155' title='bbox 327 1415 529 1454; x_wconf 87' lang='lat' dir='ltr'>Palatinus,</span> <span class='ocrx_word' id='word_1_156' title='bbox 557 1413 639 1447; x_wconf 82' lang='lat' dir='ltr'>Dux</span> <span class='ocrx_word' id='word_1_157' title='bbox 655 1413 850 1452; x_wconf 87' lang='lat' dir='ltr'>Bavariae,</span> <span class='ocrx_word' id='word_1_158' title='bbox 877 1411 1084 1444; x_wconf 87' lang='lat' dir='ltr'>Fridericus</span> 
     </span>
     <span class='ocr_line' id='line_1_28' title="bbox 69 1462 1084 1508; baseline -0.006 -6"><span class='ocrx_word' id='word_1_159' title='bbox 69 1467 155 1502; x_wconf 83' lang='lat' dir='ltr'>Dux</span> <span class='ocrx_word' id='word_1_160' title='bbox 181 1466 382 1508; x_wconf 78' lang='lat' dir='ltr'>saxoniae,</span> <span class='ocrx_word' id='word_1_161' title='bbox 419 1464 623 1500; x_wconf 87' lang='lat' dir='ltr'>Ioachimus</span> <span class='ocrx_word' id='word_1_162' title='bbox 647 1465 672 1500; x_wconf 90' lang='lat'>1.</span> <span class='ocrx_word' id='word_1_163' title='bbox 702 1462 867 1498; x_wconf 86' lang='lat' dir='ltr'>Marchio</span> <span class='ocrx_word' id='word_1_164' title='bbox 894 1463 1084 1497; x_wconf 89' lang='lat' dir='ltr'>Branden-</span> 
     </span>
     <span class='ocr_line' id='line_1_29' title="bbox 70 1519 272 1564; baseline 0 -10"><span class='ocrx_word' id='word_1_165' title='bbox 70 1519 272 1564; x_wconf 85' lang='lat' dir='ltr'>burgensis.</span> 
     </span>
    </p>

    <p class='ocr_par' dir='ltr' id='par_1_7' title="bbox 29 1568 1085 2347">
     <span class='ocr_line' id='line_1_30' title="bbox 176 1568 1084 1615; baseline -0.002 -13"><span class='ocrx_word' id='word_1_166' title='bbox 176 1570 288 1605; x_wconf 73' lang='lat' dir='ltr'>Velut</span> <span class='ocrx_word' id='word_1_167' title='bbox 307 1583 415 1605; x_wconf 88' lang='lat' dir='ltr'>omen</span> <span class='ocrx_word' id='word_1_168' title='bbox 430 1571 499 1605; x_wconf 81' lang='lat' dir='ltr'>fuit</span> <span class='ocrx_word' id='word_1_169' title='bbox 513 1572 651 1605; x_wconf 85' lang='lat' dir='ltr'>faustae</span> <span class='ocrx_word' id='word_1_170' title='bbox 670 1569 875 1609; x_wconf 79' lang='lat' dir='ltr'>electionis,</span> <span class='ocrx_word' id='word_1_171' title='bbox 905 1568 1002 1615; x_wconf 89' lang='lat' dir='ltr'>quod</span> <span class='ocrx_word' id='word_1_172' title='bbox 1021 1580 1084 1601; x_wconf 88' lang='lat' dir='ltr'>ne-</span> 
     </span>
     <span class='ocr_line' id='line_1_31' title="bbox 73 1622 1083 1661; baseline -0.003 -4"><span class='ocrx_word' id='word_1_173' title='bbox 73 1636 133 1658; x_wconf 90' lang='lat' dir='ltr'>mo</span> <span class='ocrx_word' id='word_1_174' title='bbox 160 1622 370 1658; x_wconf 87' lang='lat' dir='ltr'>Electorum</span> <span class='ocrx_word' id='word_1_175' title='bbox 394 1624 536 1661; x_wconf 86' lang='lat' dir='ltr'>aberat;</span> <span class='ocrx_word' id='word_1_176' title='bbox 579 1624 639 1657; x_wconf 89' lang='lat' dir='ltr'>sed</span> <span class='ocrx_word' id='word_1_177' title='bbox 667 1628 914 1656; x_wconf 78' lang='lat' dir='ltr'>convenerant</span> <span class='ocrx_word' id='word_1_178' title='bbox 945 1632 1083 1660; x_wconf 86' lang='lat' dir='ltr'>omnes,</span> 
     </span>
     <span class='ocr_line' id='line_1_32' title="bbox 73 1674 1081 1721; baseline -0.005 -11"><span class='ocrx_word' id='word_1_179' title='bbox 73 1682 112 1710; x_wconf 85' lang='lat' dir='ltr'>ut</span> <span class='ocrx_word' id='word_1_180' title='bbox 143 1675 329 1710; x_wconf 89' lang='lat' dir='ltr'>communi</span> <span class='ocrx_word' id='word_1_181' title='bbox 363 1675 514 1710; x_wconf 91' lang='lat' dir='ltr'>consilio</span> <span class='ocrx_word' id='word_1_182' title='bbox 545 1682 652 1721; x_wconf 80' lang='lat' dir='ltr'>atque</span> <span class='ocrx_word' id='word_1_183' title='bbox 683 1674 806 1707; x_wconf 85' lang='lat' dir='ltr'>animo</span> <span class='ocrx_word' id='word_1_184' title='bbox 840 1685 917 1706; x_wconf 88' lang='lat' dir='ltr'>rem</span> <span class='ocrx_word' id='word_1_185' title='bbox 943 1679 1081 1706; x_wconf 88' lang='lat' dir='ltr'>tantam</span> 
     </span>
     <span class='ocr_line' id='line_1_33' title="bbox 73 1725 1083 1774; baseline -0.005 -13"><span class='ocrx_word' id='word_1_186' title='bbox 73 1735 241 1773; x_wconf 77' lang='lat' dir='ltr'>agerent,</span> <span class='ocrx_word' id='word_1_187' title='bbox 272 1740 364 1774; x_wconf 90' lang='lat' dir='ltr'>quae</span> <span class='ocrx_word' id='word_1_188' title='bbox 390 1729 434 1761; x_wconf 87' lang='lat' dir='ltr'>ad</span> <span class='ocrx_word' id='word_1_189' title='bbox 461 1728 612 1761; x_wconf 88' lang='lat' dir='ltr'>salutem</span> <span class='ocrx_word' id='word_1_190' title='bbox 639 1727 749 1760; x_wconf 86' lang='lat' dir='ltr'>totius</span> <span class='ocrx_word' id='word_1_191' title='bbox 773 1725 871 1759; x_wconf 81' lang='lat' dir='ltr'>orbis</span> <span class='ocrx_word' id='word_1_192' title='bbox 888 1732 1083 1764; x_wconf 86' lang='lat' dir='ltr'>terrarum,</span> 
     </span>
     <span class='ocr_line' id='line_1_34' title="bbox 74 1777 1083 1824; baseline -0.005 -10"><span class='ocrx_word' id='word_1_193' title='bbox 74 1787 109 1814; x_wconf 92' lang='lat' dir='ltr'>et</span> <span class='ocrx_word' id='word_1_194' title='bbox 141 1781 187 1814; x_wconf 89' lang='lat' dir='ltr'>ad</span> <span class='ocrx_word' id='word_1_195' title='bbox 226 1780 435 1814; x_wconf 81' lang='lat' dir='ltr'>universam</span> <span class='ocrx_word' id='word_1_196' title='bbox 471 1779 719 1824; x_wconf 84' lang='lat' dir='ltr'>posteritatem</span> <span class='ocrx_word' id='word_1_197' title='bbox 758 1777 966 1822; x_wconf 86' lang='lat' dir='ltr'>pertineret.</span> <span class='ocrx_word' id='word_1_198' title='bbox 1031 1778 1083 1810; x_wconf 85' lang='lat' dir='ltr'>Ac</span> 
     </span>
     <span class='ocr_line' id='line_1_35' title="bbox 73 1829 1083 1877; baseline -0.005 -11"><span class='ocrx_word' id='word_1_199' title='bbox 73 1833 130 1866; x_wconf 92' lang='lat' dir='ltr'>die</span> <span class='ocrx_word' id='word_1_200' title='bbox 152 1831 248 1867; x_wconf 90' lang='lat' dir='ltr'>Iunii</span> <span class='ocrx_word' id='word_1_201' title='bbox 269 1832 409 1866; x_wconf 90' lang='lat' dir='ltr'>decimo</span> <span class='ocrx_word' id='word_1_202' title='bbox 427 1831 581 1877; x_wconf 89' lang='lat' dir='ltr'>septimo</span> <span class='ocrx_word' id='word_1_203' title='bbox 601 1831 689 1864; x_wconf 89' lang='lat' dir='ltr'>anni</span> <span class='ocrx_word' id='word_1_204' title='bbox 707 1830 889 1864; x_wconf 82' lang='lat' dir='ltr'>millesimi</span> <span class='ocrx_word' id='word_1_205' title='bbox 907 1829 1083 1875; x_wconf 85' lang='lat' dir='ltr'>quingen-</span> 
     </span>
     <span class='ocr_line' id='line_1_36' title="bbox 73 1880 1084 1925; baseline -0.004 -7"><span class='ocrx_word' id='word_1_206' title='bbox 73 1884 193 1919; x_wconf 90' lang='lat' dir='ltr'>tesimi</span> <span class='ocrx_word' id='word_1_207' title='bbox 217 1885 349 1918; x_wconf 90' lang='lat' dir='ltr'>decimi</span> <span class='ocrx_word' id='word_1_208' title='bbox 374 1885 483 1925; x_wconf 87' lang='lat' dir='ltr'>noni,</span> <span class='ocrx_word' id='word_1_209' title='bbox 519 1885 557 1917; x_wconf 88' lang='lat' dir='ltr'>in</span> <span class='ocrx_word' id='word_1_210' title='bbox 585 1885 672 1917; x_wconf 83' lang='lat' dir='ltr'>aede</span> <span class='ocrx_word' id='word_1_211' title='bbox 696 1883 782 1916; x_wconf 68' lang='lat' dir='ltr'>Divi</span> <span class='ocrx_word' id='word_1_212' title='bbox 807 1880 1084 1915; x_wconf 83' lang='lat' dir='ltr'>Bartholomaei</span> 
     </span>
     <span class='ocr_line' id='line_1_37' title="bbox 72 1933 1084 1981; baseline -0.002 -11"><span class='ocrx_word' id='word_1_213' title='bbox 72 1937 370 1978; x_wconf 86' lang='lat' dir='ltr'>Francofordiae‚</span> <span class='ocrx_word' id='word_1_214' title='bbox 390 1944 431 1971; x_wconf 91' lang='lat' dir='ltr'>ut</span> <span class='ocrx_word' id='word_1_215' title='bbox 448 1936 606 1981; x_wconf 88' lang='lat' dir='ltr'>auspicia</span> <span class='ocrx_word' id='word_1_216' title='bbox 625 1933 755 1969; x_wconf 88' lang='lat' dir='ltr'>horum</span> <span class='ocrx_word' id='word_1_217' title='bbox 777 1935 1011 1969; x_wconf 85' lang='lat' dir='ltr'>consiliorum</span> <span class='ocrx_word' id='word_1_218' title='bbox 1033 1946 1084 1968; x_wconf 90' lang='lat' dir='ltr'>es-</span> 
     </span>
     <span class='ocr_line' id='line_1_38' title="bbox 73 1987 1083 2033; baseline -0.005 -9"><span class='ocrx_word' id='word_1_219' title='bbox 73 1995 154 2024; x_wconf 86' lang='lat' dir='ltr'>sent</span> <span class='ocrx_word' id='word_1_220' title='bbox 176 1989 337 2030; x_wconf 89' lang='lat' dir='ltr'>foelicia,</span> <span class='ocrx_word' id='word_1_221' title='bbox 372 2001 514 2023; x_wconf 88' lang='lat' dir='ltr'>sacrum</span> <span class='ocrx_word' id='word_1_222' title='bbox 540 1990 583 2022; x_wconf 89' lang='lat' dir='ltr'>de</span> <span class='ocrx_word' id='word_1_223' title='bbox 609 1988 745 2033; x_wconf 85' lang='lat' dir='ltr'>Spiritu</span> <span class='ocrx_word' id='word_1_224' title='bbox 770 1987 902 2021; x_wconf 88' lang='lat' dir='ltr'>Sancto</span> <span class='ocrx_word' id='word_1_225' title='bbox 927 1987 1083 2021; x_wconf 89' lang='lat' dir='ltr'>celebra-</span> 
     </span>
     <span class='ocr_line' id='line_1_39' title="bbox 74 2039 1085 2088; baseline -0.005 -12"><span class='ocrx_word' id='word_1_226' title='bbox 74 2048 150 2076; x_wconf 88' lang='lat' dir='ltr'>tum</span> <span class='ocrx_word' id='word_1_227' title='bbox 171 2047 243 2082; x_wconf 87' lang='lat' dir='ltr'>est,</span> <span class='ocrx_word' id='word_1_228' title='bbox 269 2041 308 2074; x_wconf 90' lang='lat' dir='ltr'>in</span> <span class='ocrx_word' id='word_1_229' title='bbox 327 2054 399 2088; x_wconf 88' lang='lat' dir='ltr'>quo</span> <span class='ocrx_word' id='word_1_230' title='bbox 419 2042 463 2075; x_wconf 88' lang='lat' dir='ltr'>ad</span> <span class='ocrx_word' id='word_1_231' title='bbox 480 2054 580 2074; x_wconf 90' lang='lat' dir='ltr'>aram</span> <span class='ocrx_word' id='word_1_232' title='bbox 600 2047 734 2075; x_wconf 82' lang='lat' dir='ltr'>stantes</span> <span class='ocrx_word' id='word_1_233' title='bbox 751 2039 935 2074; x_wconf 84' lang='lat' dir='ltr'>Electores</span> <span class='ocrx_word' id='word_1_234' title='bbox 952 2039 1085 2084; x_wconf 83' lang='lat' dir='ltr'>singuli</span> 
     </span>
     <span class='ocr_line' id='line_1_40' title="bbox 75 2092 1085 2138; baseline -0.003 -11"><span class='ocrx_word' id='word_1_235' title='bbox 75 2093 250 2135; x_wconf 73' lang='lat' dir='ltr'>trabeati,</span> <span class='ocrx_word' id='word_1_236' title='bbox 278 2093 502 2138; x_wconf 87' lang='lat' dir='ltr'>inspectante</span> <span class='ocrx_word' id='word_1_237' title='bbox 525 2093 702 2133; x_wconf 83' lang='lat' dir='ltr'>Ecclesia,</span> <span class='ocrx_word' id='word_1_238' title='bbox 731 2092 873 2137; x_wconf 89' lang='lat' dir='ltr'>publice</span> <span class='ocrx_word' id='word_1_239' title='bbox 900 2092 1085 2126; x_wconf 87' lang='lat' dir='ltr'>iusiuran-</span> 
     </span>
     <span class='ocr_line' id='line_1_41' title="bbox 75 2146 1084 2190; baseline -0.002 -11"><span class='ocrx_word' id='word_1_240' title='bbox 75 2147 162 2180; x_wconf 88' lang='lat' dir='ltr'>dum</span> <span class='ocrx_word' id='word_1_241' title='bbox 184 2146 350 2190; x_wconf 88' lang='lat' dir='ltr'>religiose</span> <span class='ocrx_word' id='word_1_242' title='bbox 379 2147 573 2180; x_wconf 86' lang='lat' dir='ltr'>dederunt:</span> <span class='ocrx_word' id='word_1_243' title='bbox 608 2158 645 2179; x_wconf 90' lang='lat' dir='ltr'>se</span> <span class='ocrx_word' id='word_1_244' title='bbox 664 2146 761 2179; x_wconf 89' lang='lat' dir='ltr'>hona</span> <span class='ocrx_word' id='word_1_245' title='bbox 787 2146 856 2179; x_wconf 88' lang='lat' dir='ltr'>fide</span> <span class='ocrx_word' id='word_1_246' title='bbox 877 2151 1084 2179; x_wconf 82' lang='lat' dir='ltr'>servaturos</span> 
     </span>
     <span class='ocr_line' id='line_1_42' title="bbox 76 2196 1082 2244; baseline -0.001 -14"><span class='ocrx_word' id='word_1_247' title='bbox 76 2200 220 2232; x_wconf 87' lang='lat' dir='ltr'>decreta</span> <span class='ocrx_word' id='word_1_248' title='bbox 231 2199 275 2232; x_wconf 91' lang='lat' dir='ltr'>de</span> <span class='ocrx_word' id='word_1_249' title='bbox 293 2198 480 2237; x_wconf 87' lang='lat' dir='ltr'>electione,</span> <span class='ocrx_word' id='word_1_250' title='bbox 498 2210 589 2244; x_wconf 90' lang='lat' dir='ltr'>quae</span> <span class='ocrx_word' id='word_1_251' title='bbox 607 2198 644 2230; x_wconf 91' lang='lat' dir='ltr'>in</span> <span class='ocrx_word' id='word_1_252' title='bbox 663 2210 772 2233; x_wconf 85' lang='lat' dir='ltr'>aurea</span> <span class='ocrx_word' id='word_1_253' title='bbox 784 2197 889 2232; x_wconf 87' lang='lat' dir='ltr'>Bulla</span> <span class='ocrx_word' id='word_1_254' title='bbox 907 2196 974 2242; x_wconf 87' lang='lat' dir='ltr'>(sic</span> <span class='ocrx_word' id='word_1_255' title='bbox 986 2197 1082 2230; x_wconf 86' lang='lat' dir='ltr'>enim</span> 
     </span>
     <span class='ocr_line' id='line_1_43' title="bbox 29 2248 1085 2296; baseline -0.001 -12"><span class='ocrx_word' id='word_1_256' title='bbox 29 2288 32 2295; x_wconf 41' lang='grc' dir='ltr'>Ι</span> <span class='ocrx_word' id='word_1_257' title='bbox 76 2248 225 2294; x_wconf 88' lang='lat' dir='ltr'>Imperii</span> <span class='ocrx_word' id='word_1_258' title='bbox 243 2250 537 2284; x_wconf 90' lang='lat' dir='ltr'>constitutionem</span> <span class='ocrx_word' id='word_1_259' title='bbox 557 2251 706 2296; x_wconf 83' lang='lat' dir='ltr'>vocant)</span> <span class='ocrx_word' id='word_1_260' title='bbox 734 2251 869 2284; x_wconf 84' lang='lat' dir='ltr'>sancita</span> <span class='ocrx_word' id='word_1_261' title='bbox 889 2256 984 2283; x_wconf 87' lang='lat' dir='ltr'>sunt.</span> <span class='ocrx_word' id='word_1_262' title='bbox 1039 2248 1085 2283; x_wconf 86' lang='lat' dir='ltr'>Et</span> 
     </span>
     <span class='ocr_line' id='line_1_44' title="bbox 76 2301 1058 2347; baseline 0 -11"><span class='ocrx_word' id='word_1_263' title='bbox 76 2302 219 2336; x_wconf 86' lang='lat' dir='ltr'>articuli</span> <span class='ocrx_word' id='word_1_264' title='bbox 235 2315 273 2336; x_wconf 89' lang='lat' dir='ltr'>ea</span> <span class='ocrx_word' id='word_1_265' title='bbox 292 2304 336 2336; x_wconf 90' lang='lat' dir='ltr'>de</span> <span class='ocrx_word' id='word_1_266' title='bbox 351 2315 390 2336; x_wconf 90' lang='lat' dir='ltr'>re</span> <span class='ocrx_word' id='word_1_267' title='bbox 407 2302 445 2335; x_wconf 90' lang='lat' dir='ltr'>in</span> <span class='ocrx_word' id='word_1_268' title='bbox 460 2314 568 2336; x_wconf 86' lang='lat' dir='ltr'>aurea</span> <span class='ocrx_word' id='word_1_269' title='bbox 586 2301 690 2335; x_wconf 87' lang='lat' dir='ltr'>Bulla</span> <span class='ocrx_word' id='word_1_270' title='bbox 708 2303 849 2347; x_wconf 89' lang='lat' dir='ltr'>publice</span> <span class='ocrx_word' id='word_1_271' title='bbox 865 2302 947 2335; x_wconf 92' lang='lat' dir='ltr'>lecti</span> <span class='ocrx_word' id='word_1_272' title='bbox 964 2308 1058 2336; x_wconf 89' lang='lat' dir='ltr'>sunt.</span> 
     </span>
    </p>

    <p class='ocr_par' dir='ltr' id='par_1_8' title="bbox 75 2354 1086 2713">
     <span class='ocr_line' id='line_1_45' title="bbox 181 2354 1086 2389; baseline -0.001 -1"><span class='ocrx_word' id='word_1_273' title='bbox 181 2354 269 2388; x_wconf 80' lang='lat' dir='ltr'>Mox</span> <span class='ocrx_word' id='word_1_274' title='bbox 289 2355 334 2389; x_wconf 87' lang='lat' dir='ltr'>ab</span> <span class='ocrx_word' id='word_1_275' title='bbox 352 2366 414 2388; x_wconf 90' lang='lat' dir='ltr'>ara</span> <span class='ocrx_word' id='word_1_276' title='bbox 434 2354 472 2387; x_wconf 91' lang='lat' dir='ltr'>in</span> <span class='ocrx_word' id='word_1_277' title='bbox 496 2355 692 2388; x_wconf 82' lang='lat' dir='ltr'>sacrarium</span> <span class='ocrx_word' id='word_1_278' title='bbox 717 2355 868 2389; x_wconf 89' lang='lat' dir='ltr'>interius</span> <span class='ocrx_word' id='word_1_279' title='bbox 893 2354 968 2388; x_wconf 91' lang='lat' dir='ltr'>eius</span> <span class='ocrx_word' id='word_1_280' title='bbox 992 2361 1086 2388; x_wconf 90' lang='lat' dir='ltr'>tem-</span> 
     </span>
     <span class='ocr_line' id='line_1_46' title="bbox 76 2407 1085 2452; baseline 0.001 -12"><span class='ocrx_word' id='word_1_281' title='bbox 76 2407 148 2452; x_wconf 91' lang='lat' dir='ltr'>pli,</span> <span class='ocrx_word' id='word_1_282' title='bbox 176 2407 238 2441; x_wconf 91' lang='lat' dir='ltr'>ubi</span> <span class='ocrx_word' id='word_1_283' title='bbox 262 2407 376 2441; x_wconf 85' lang='lat' dir='ltr'>veteri</span> <span class='ocrx_word' id='word_1_284' title='bbox 400 2419 502 2441; x_wconf 91' lang='lat' dir='ltr'>more</span> <span class='ocrx_word' id='word_1_285' title='bbox 522 2407 613 2441; x_wconf 89' lang='lat' dir='ltr'>solet</span> <span class='ocrx_word' id='word_1_286' title='bbox 633 2407 758 2441; x_wconf 87' lang='lat' dir='ltr'>electio</span> <span class='ocrx_word' id='word_1_287' title='bbox 775 2407 874 2447; x_wconf 89' lang='lat' dir='ltr'>fieri,</span> <span class='ocrx_word' id='word_1_288' title='bbox 902 2407 1085 2452; x_wconf 87' lang='lat' dir='ltr'>principes</span> 
     </span>
     <span class='ocr_line' id='line_1_47' title="bbox 75 2458 1085 2505; baseline 0 -13"><span class='ocrx_word' id='word_1_289' title='bbox 75 2458 258 2494; x_wconf 86' lang='lat' dir='ltr'>Electores</span> <span class='ocrx_word' id='word_1_290' title='bbox 276 2460 429 2505; x_wconf 87' lang='lat' dir='ltr'>ingressi</span> <span class='ocrx_word' id='word_1_291' title='bbox 446 2465 541 2499; x_wconf 91' lang='lat' dir='ltr'>sunt,</span> <span class='ocrx_word' id='word_1_292' title='bbox 559 2459 607 2491; x_wconf 80' lang='lat' dir='ltr'>ibi</span> <span class='ocrx_word' id='word_1_293' title='bbox 623 2459 873 2503; x_wconf 82' lang='lat' dir='ltr'>Moguntinus,</span> <span class='ocrx_word' id='word_1_294' title='bbox 892 2466 933 2493; x_wconf 88' lang='lat' dir='ltr'>ut</span> <span class='ocrx_word' id='word_1_295' title='bbox 952 2460 1085 2493; x_wconf 88' lang='lat' dir='ltr'>delibe-</span> 
     </span>
     <span class='ocr_line' id='line_1_48' title="bbox 76 2509 1085 2558; baseline 0.001 -14"><span class='ocrx_word' id='word_1_296' title='bbox 76 2511 257 2545; x_wconf 84' lang='lat' dir='ltr'>rationem</span> <span class='ocrx_word' id='word_1_297' title='bbox 283 2513 552 2558; x_wconf 84' lang='lat' dir='ltr'>auspicaretur,</span> <span class='ocrx_word' id='word_1_298' title='bbox 582 2509 676 2544; x_wconf 88' lang='lat' dir='ltr'>hanc</span> <span class='ocrx_word' id='word_1_299' title='bbox 701 2513 744 2544; x_wconf 92' lang='lat' dir='ltr'>ad</span> <span class='ocrx_word' id='word_1_300' title='bbox 763 2512 927 2556; x_wconf 84' lang='lat' dir='ltr'>Collegas</span> <span class='ocrx_word' id='word_1_301' title='bbox 950 2512 1085 2545; x_wconf 87' lang='lat' dir='ltr'>oratio-</span> 
     </span>
     <span class='ocr_line' id='line_1_49' title="bbox 76 2561 1085 2609; baseline 0.002 -13"><span class='ocrx_word' id='word_1_302' title='bbox 76 2576 160 2597; x_wconf 88' lang='lat' dir='ltr'>nem</span> <span class='ocrx_word' id='word_1_303' title='bbox 186 2561 324 2599; x_wconf 87' lang='lat' dir='ltr'>habuit.</span> <span class='ocrx_word' id='word_1_304' title='bbox 376 2565 428 2599; x_wconf 93' lang='lat' dir='ltr'>Ut</span> <span class='ocrx_word' id='word_1_305' title='bbox 451 2565 489 2598; x_wconf 92' lang='lat' dir='ltr'>in</span> <span class='ocrx_word' id='word_1_306' title='bbox 519 2564 663 2609; x_wconf 89' lang='lat' dir='ltr'>publico</span> <span class='ocrx_word' id='word_1_307' title='bbox 689 2577 790 2597; x_wconf 87' lang='lat' dir='ltr'>sacro</span> <span class='ocrx_word' id='word_1_308' title='bbox 815 2571 898 2597; x_wconf 79' lang='lat' dir='ltr'>vota</span> <span class='ocrx_word' id='word_1_309' title='bbox 922 2564 1085 2605; x_wconf 85' lang='lat' dir='ltr'>fecimus,</span> 
     </span>
     <span class='ocr_line' id='line_1_50' title="bbox 75 2615 1083 2661; baseline 0 -12"><span class='ocrx_word' id='word_1_310' title='bbox 75 2622 117 2650; x_wconf 89' lang='lat' dir='ltr'>ut</span> <span class='ocrx_word' id='word_1_311' title='bbox 138 2615 237 2651; x_wconf 87' lang='lat' dir='ltr'>Deus</span> <span class='ocrx_word' id='word_1_312' title='bbox 262 2617 438 2661; x_wconf 84' lang='lat' dir='ltr'>gubernet</span> <span class='ocrx_word' id='word_1_313' title='bbox 465 2617 613 2651; x_wconf 90' lang='lat' dir='ltr'>consilia</span> <span class='ocrx_word' id='word_1_314' title='bbox 637 2623 761 2650; x_wconf 89' lang='lat' dir='ltr'>nostra</span> <span class='ocrx_word' id='word_1_315' title='bbox 789 2617 832 2649; x_wconf 94' lang='lat' dir='ltr'>de</span> <span class='ocrx_word' id='word_1_316' title='bbox 856 2628 896 2650; x_wconf 92' lang='lat' dir='ltr'>re</span> <span class='ocrx_word' id='word_1_317' title='bbox 920 2616 1083 2650; x_wconf 90' lang='lat' dir='ltr'>omnium</span> 
     </span>
     <span class='ocr_line' id='line_1_51' title="bbox 76 2667 1084 2713; baseline 0 -11"><span class='ocrx_word' id='word_1_318' title='bbox 76 2669 258 2709; x_wconf 81' lang='lat' dir='ltr'>maxima,</span> <span class='ocrx_word' id='word_1_319' title='bbox 294 2669 463 2703; x_wconf 85' lang='lat' dir='ltr'>videlicet</span> <span class='ocrx_word' id='word_1_320' title='bbox 492 2670 536 2703; x_wconf 91' lang='lat' dir='ltr'>de</span> <span class='ocrx_word' id='word_1_321' title='bbox 567 2669 732 2713; x_wconf 76' lang='lat' dir='ltr'>eligendo</span> <span class='ocrx_word' id='word_1_322' title='bbox 756 2667 997 2713; x_wconf 82' lang='lat' dir='ltr'>Imperatore:</span> <span class='ocrx_word' id='word_1_323' title='bbox 1034 2668 1084 2702; x_wconf 86' lang='lat' dir='ltr'>ita</span> 
     </span>
    </p>
   </div>
   <div class='ocr_carea' id='block_1_6' title="bbox 1108 258 1112 369">
    <p class='ocr_par' dir='ltr' id='par_1_9' title="bbox 1108 258 1112 369">
     <span class='ocr_line' id='line_1_52' title="bbox 1108 258 1112 369; baseline 0 0"><span class='ocrx_word' id='word_1_324' title='bbox 1108 258 1112 369; x_wconf 95' lang='lat' dir='ltr'> </span> 
     </span>
    </p>
   </div>
   <div class='ocr_carea' id='block_1_7' title="bbox 1108 374 1112 508">
    <p class='ocr_par' dir='ltr' id='par_1_10' title="bbox 1108 374 1112 508">
     <span class='ocr_line' id='line_1_53' title="bbox 1108 374 1112 508; baseline 0 0"><span class='ocrx_word' id='word_1_325' title='bbox 1108 374 1112 508; x_wconf 95' lang='lat' dir='ltr'> </span> 
     </span>
    </p>
   </div>
   <div class='ocr_carea' id='block_1_8' title="bbox 1136 260 2152 2714">
    <p class='ocr_par' dir='ltr' id='par_1_11' title="bbox 1136 260 2150 933">
     <span class='ocr_line' id='line_1_54' title="bbox 1136 260 2146 306; baseline 0.001 -13"><span class='ocrx_word' id='word_1_326' title='bbox 1136 260 1295 300; x_wconf 88' lang='lat' dir='ltr'>ximum,</span> <span class='ocrx_word' id='word_1_327' title='bbox 1328 266 1368 294; x_wconf 91' lang='lat' dir='ltr'>ut</span> <span class='ocrx_word' id='word_1_328' title='bbox 1391 266 1529 294; x_wconf 88' lang='lat' dir='ltr'>mentes</span> <span class='ocrx_word' id='word_1_329' title='bbox 1555 267 1697 295; x_wconf 89' lang='lat' dir='ltr'>nostras</span> <span class='ocrx_word' id='word_1_330' title='bbox 1720 268 1822 306; x_wconf 79' lang='lat' dir='ltr'>regat</span> <span class='ocrx_word' id='word_1_331' title='bbox 1850 262 1895 295; x_wconf 89' lang='lat' dir='ltr'>ad</span> <span class='ocrx_word' id='word_1_332' title='bbox 1919 261 2146 295; x_wconf 88' lang='lat' dir='ltr'>retinendam</span> 
     </span>
     <span class='ocr_line' id='line_1_55' title="bbox 1137 312 2147 358; baseline 0.003 -14"><span class='ocrx_word' id='word_1_333' title='bbox 1137 313 1232 345; x_wconf 85' lang='lat' dir='ltr'>inter</span> <span class='ocrx_word' id='word_1_334' title='bbox 1257 324 1324 346; x_wconf 90' lang='lat' dir='ltr'>nos</span> <span class='ocrx_word' id='word_1_335' title='bbox 1355 312 1611 352; x_wconf 86' lang='lat' dir='ltr'>concordiam,</span> <span class='ocrx_word' id='word_1_336' title='bbox 1647 320 1680 346; x_wconf 89' lang='lat' dir='ltr'>et</span> <span class='ocrx_word' id='word_1_337' title='bbox 1713 313 1832 347; x_wconf 87' lang='lat' dir='ltr'>flectat</span> <span class='ocrx_word' id='word_1_338' title='bbox 1863 315 1907 347; x_wconf 87' lang='lat' dir='ltr'>ad</span> <span class='ocrx_word' id='word_1_339' title='bbox 1941 314 2147 358; x_wconf 82' lang='lat' dir='ltr'>eligendum</span> 
     </span>
     <span class='ocr_line' id='line_1_56' title="bbox 1136 363 2148 411; baseline 0.003 -15"><span class='ocrx_word' id='word_1_340' title='bbox 1136 363 1337 409; x_wconf 86' lang='lat' dir='ltr'>principem</span> <span class='ocrx_word' id='word_1_341' title='bbox 1365 364 1559 398; x_wconf 88' lang='lat' dir='ltr'>salutarem</span> <span class='ocrx_word' id='word_1_342' title='bbox 1588 365 1757 399; x_wconf 73' lang='lat' dir='ltr'>universo</span> <span class='ocrx_word' id='word_1_343' title='bbox 1786 366 1940 411; x_wconf 87' lang='lat' dir='ltr'>imperio</span> <span class='ocrx_word' id='word_1_344' title='bbox 1963 365 2148 405; x_wconf 85' lang='lat' dir='ltr'>Romano,</span> 
     </span>
     <span class='ocr_line' id='line_1_57' title="bbox 1137 416 2149 462; baseline 0.002 -13"><span class='ocrx_word' id='word_1_345' title='bbox 1137 429 1177 450; x_wconf 87' lang='lat' dir='ltr'>ac</span> <span class='ocrx_word' id='word_1_346' title='bbox 1202 417 1397 462; x_wconf 78' lang='lat' dir='ltr'>praecipue</span> <span class='ocrx_word' id='word_1_347' title='bbox 1426 416 1550 450; x_wconf 89' lang='lat' dir='ltr'>utilem</span> <span class='ocrx_word' id='word_1_348' title='bbox 1575 416 1754 451; x_wconf 85' lang='lat' dir='ltr'>Ecclesiae</span> <span class='ocrx_word' id='word_1_349' title='bbox 1780 417 2020 454; x_wconf 79' lang='lat' dir='ltr'>Christianae.</span> <span class='ocrx_word' id='word_1_350' title='bbox 2073 418 2149 453; x_wconf 83' lang='lat' dir='ltr'>Nec</span> 
     </span>
     <span class='ocr_line' id='line_1_58' title="bbox 1137 468 2150 515; baseline 0.002 -13"><span class='ocrx_word' id='word_1_351' title='bbox 1137 469 1285 509; x_wconf 91' lang='lat' dir='ltr'>dubito,</span> <span class='ocrx_word' id='word_1_352' title='bbox 1328 468 1417 515; x_wconf 87' lang='lat' dir='ltr'>quin</span> <span class='ocrx_word' id='word_1_353' title='bbox 1448 481 1513 502; x_wconf 73' lang='lat' dir='ltr'>vos</span> <span class='ocrx_word' id='word_1_354' title='bbox 1541 482 1666 503; x_wconf 88' lang='lat' dir='ltr'>omnes</span> <span class='ocrx_word' id='word_1_355' title='bbox 1692 482 1822 513; x_wconf 70' lang='lat' dir='ltr'>magna</span> <span class='ocrx_word' id='word_1_356' title='bbox 1850 471 2092 504; x_wconf 90' lang='lat' dir='ltr'>sollicitudine</span> <span class='ocrx_word' id='word_1_357' title='bbox 2114 476 2150 504; x_wconf 80' lang='lat' dir='ltr'>et</span> 
     </span>
     <span class='ocr_line' id='line_1_59' title="bbox 1136 521 2147 568; baseline 0.001 -14"><span class='ocrx_word' id='word_1_358' title='bbox 1136 521 1289 566; x_wconf 83' lang='lat' dir='ltr'>pietate,</span> <span class='ocrx_word' id='word_1_359' title='bbox 1319 521 1470 555; x_wconf 86' lang='lat' dir='ltr'>assiduis</span> <span class='ocrx_word' id='word_1_360' title='bbox 1491 521 1584 555; x_wconf 71' lang='lat' dir='ltr'>votis</span> <span class='ocrx_word' id='word_1_361' title='bbox 1602 521 1697 555; x_wconf 91' lang='lat' dir='ltr'>idem</span> <span class='ocrx_word' id='word_1_362' title='bbox 1716 534 1734 555; x_wconf 89' lang='lat' dir='ltr'>a</span> <span class='ocrx_word' id='word_1_363' title='bbox 1753 522 1831 556; x_wconf 90' lang='lat' dir='ltr'>Deo</span> <span class='ocrx_word' id='word_1_364' title='bbox 1850 523 1991 568; x_wconf 88' lang='lat' dir='ltr'>petatis.</span> <span class='ocrx_word' id='word_1_365' title='bbox 2040 522 2147 557; x_wconf 62' lang='lat' dir='ltr'>Nulla</span> 
     </span>
     <span class='ocr_line' id='line_1_60' title="bbox 1137 573 2149 609; baseline 0.001 -3"><span class='ocrx_word' id='word_1_366' title='bbox 1137 574 1232 607; x_wconf 90' lang='lat' dir='ltr'>enim</span> <span class='ocrx_word' id='word_1_367' title='bbox 1262 574 1445 607; x_wconf 80' lang='lat' dir='ltr'>diffieilior</span> <span class='ocrx_word' id='word_1_368' title='bbox 1469 573 1682 607; x_wconf 84' lang='lat' dir='ltr'>deliberatio</span> <span class='ocrx_word' id='word_1_369' title='bbox 1708 575 1751 608; x_wconf 89' lang='lat' dir='ltr'>de</span> <span class='ocrx_word' id='word_1_370' title='bbox 1768 575 1840 609; x_wconf 87' lang='lat' dir='ltr'>ulla</span> <span class='ocrx_word' id='word_1_371' title='bbox 1860 587 1899 609; x_wconf 89' lang='lat' dir='ltr'>re</span> <span class='ocrx_word' id='word_1_372' title='bbox 1915 573 2075 609; x_wconf 89' lang='lat' dir='ltr'>humana</span> <span class='ocrx_word' id='word_1_373' title='bbox 2094 575 2149 607; x_wconf 89' lang='lat' dir='ltr'>in-</span> 
     </span>
     <span class='ocr_line' id='line_1_61' title="bbox 1138 626 2148 672; baseline 0.002 -13"><span class='ocrx_word' id='word_1_374' title='bbox 1138 626 1256 660; x_wconf 86' lang='lat' dir='ltr'>cidere</span> <span class='ocrx_word' id='word_1_375' title='bbox 1291 632 1432 671; x_wconf 89' lang='lat' dir='ltr'>potest,</span> <span class='ocrx_word' id='word_1_376' title='bbox 1477 638 1586 672; x_wconf 89' lang='lat' dir='ltr'>quam</span> <span class='ocrx_word' id='word_1_377' title='bbox 1629 628 1671 659; x_wconf 92' lang='lat' dir='ltr'>de</span> <span class='ocrx_word' id='word_1_378' title='bbox 1707 626 1931 672; x_wconf 85' lang='lat' dir='ltr'>Imperatore</span> <span class='ocrx_word' id='word_1_379' title='bbox 1969 627 2148 671; x_wconf 85' lang='lat' dir='ltr'>eligendo.</span> 
     </span>
     <span class='ocr_line' id='line_1_62' title="bbox 1138 678 2149 724; baseline -0.001 -11"><span class='ocrx_word' id='word_1_380' title='bbox 1138 679 1229 714; x_wconf 86' lang='lat' dir='ltr'>Nam</span> <span class='ocrx_word' id='word_1_381' title='bbox 1257 679 1389 712; x_wconf 88' lang='lat' dir='ltr'>caeteri</span> <span class='ocrx_word' id='word_1_382' title='bbox 1404 678 1521 722; x_wconf 82' lang='lat' dir='ltr'>Reges</span> <span class='ocrx_word' id='word_1_383' title='bbox 1538 690 1615 711; x_wconf 89' lang='lat' dir='ltr'>non</span> <span class='ocrx_word' id='word_1_384' title='bbox 1633 679 1811 713; x_wconf 90' lang='lat' dir='ltr'>sustinent</span> <span class='ocrx_word' id='word_1_385' title='bbox 1827 678 1896 713; x_wconf 88' lang='lat' dir='ltr'>hoc</span> <span class='ocrx_word' id='word_1_386' title='bbox 1914 680 2039 724; x_wconf 81' lang='lat' dir='ltr'>ingens</span> <span class='ocrx_word' id='word_1_387' title='bbox 2057 691 2149 713; x_wconf 89' lang='lat' dir='ltr'>onus</span> 
     </span>
     <span class='ocr_line' id='line_1_63' title="bbox 1138 731 2150 776; baseline -0.002 -11"><span class='ocrx_word' id='word_1_388' title='bbox 1138 738 1283 765; x_wconf 82' lang='lat' dir='ltr'>externa</span> <span class='ocrx_word' id='word_1_389' title='bbox 1318 743 1428 776; x_wconf 81' lang='lat' dir='ltr'>regna</span> <span class='ocrx_word' id='word_1_390' title='bbox 1458 732 1728 776; x_wconf 83' lang='lat' dir='ltr'>propugnandi.</span> <span class='ocrx_word' id='word_1_391' title='bbox 1791 731 1922 766; x_wconf 58' lang='lat' dir='ltr'>&#39;Noster</span> <span class='ocrx_word' id='word_1_392' title='bbox 1946 731 2150 776; x_wconf 87' lang='lat' dir='ltr'>Imperator</span> 
     </span>
     <span class='ocr_line' id='line_1_64' title="bbox 1139 782 2150 829; baseline 0 -12"><span class='ocrx_word' id='word_1_393' title='bbox 1139 784 1303 829; x_wconf 80' lang='lat' dir='ltr'>eligitur,</span> <span class='ocrx_word' id='word_1_394' title='bbox 1338 790 1379 817; x_wconf 89' lang='lat' dir='ltr'>ut</span> <span class='ocrx_word' id='word_1_395' title='bbox 1400 784 1446 817; x_wconf 89' lang='lat' dir='ltr'>sit</span> <span class='ocrx_word' id='word_1_396' title='bbox 1469 782 1552 816; x_wconf 83' lang='lat' dir='ltr'>Dux</span> <span class='ocrx_word' id='word_1_397' title='bbox 1577 783 1711 828; x_wconf 83' lang='lat' dir='ltr'>publici</span> <span class='ocrx_word' id='word_1_398' title='bbox 1738 784 1878 818; x_wconf 89' lang='lat' dir='ltr'>consilii</span> <span class='ocrx_word' id='word_1_399' title='bbox 1906 785 2000 817; x_wconf 89' lang='lat' dir='ltr'>inter</span> <span class='ocrx_word' id='word_1_400' title='bbox 2024 795 2150 817; x_wconf 90' lang='lat' dir='ltr'>omnes</span> 
     </span>
     <span class='ocr_line' id='line_1_65' title="bbox 1137 835 2146 882; baseline -0.001 -13"><span class='ocrx_word' id='word_1_401' title='bbox 1137 836 1272 880; x_wconf 80' lang='lat' dir='ltr'>Reges,</span> <span class='ocrx_word' id='word_1_402' title='bbox 1301 842 1341 869; x_wconf 89' lang='lat' dir='ltr'>ut</span> <span class='ocrx_word' id='word_1_403' title='bbox 1365 842 1572 881; x_wconf 81' lang='lat' dir='ltr'>propugnet</span> <span class='ocrx_word' id='word_1_404' title='bbox 1589 835 1731 869; x_wconf 84' lang='lat' dir='ltr'>Italiam</span> <span class='ocrx_word' id='word_1_405' title='bbox 1746 863 1755 875; x_wconf 95' lang='lat'>,</span> <span class='ocrx_word' id='word_1_406' title='bbox 1783 842 1823 870; x_wconf 93' lang='lat' dir='ltr'>ut</span> <span class='ocrx_word' id='word_1_407' title='bbox 1844 836 2146 882; x_wconf 84' lang='lat' dir='ltr'>tranquillitatem</span> 
     </span>
     <span class='ocr_line' id='line_1_66' title="bbox 1137 888 1744 933; baseline 0 -11"><span class='ocrx_word' id='word_1_408' title='bbox 1137 889 1318 922; x_wconf 86' lang='lat' dir='ltr'>Ecclesiae</span> <span class='ocrx_word' id='word_1_409' title='bbox 1338 888 1531 933; x_wconf 89' lang='lat' dir='ltr'>praecipue</span> <span class='ocrx_word' id='word_1_410' title='bbox 1552 888 1744 923; x_wconf 89' lang='lat' dir='ltr'>custodiat.</span> 
     </span>
    </p>

    <p class='ocr_par' dir='ltr' id='par_1_12' title="bbox 1138 939 2150 1247">
     <span class='ocr_line' id='line_1_67' title="bbox 1242 939 2150 986; baseline -0.001 -12"><span class='ocrx_word' id='word_1_411' title='bbox 1242 939 1367 986; x_wconf 88' lang='lat' dir='ltr'>Itaque.</span> <span class='ocrx_word' id='word_1_412' title='bbox 1383 953 1463 975; x_wconf 88' lang='lat' dir='ltr'>cum</span> <span class='ocrx_word' id='word_1_413' title='bbox 1483 947 1667 975; x_wconf 85' lang='lat' dir='ltr'>tantarum</span> <span class='ocrx_word' id='word_1_414' title='bbox 1686 953 1810 975; x_wconf 86' lang='lat' dir='ltr'>rerum</span> <span class='ocrx_word' id='word_1_415' title='bbox 1830 953 1914 975; x_wconf 85' lang='lat' dir='ltr'>cura</span> <span class='ocrx_word' id='word_1_416' title='bbox 1932 939 2150 986; x_wconf 89' lang='lat' dir='ltr'>Imperatori</span> 
     </span>
     <span class='ocr_line' id='line_1_68' title="bbox 1139 993 2149 1038; baseline -0.001 -12"><span class='ocrx_word' id='word_1_417' title='bbox 1139 993 1330 1027; x_wconf 87' lang='lat' dir='ltr'>commissa</span> <span class='ocrx_word' id='word_1_418' title='bbox 1348 993 1405 1033; x_wconf 86' lang='lat' dir='ltr'>sit,</span> <span class='ocrx_word' id='word_1_419' title='bbox 1433 1005 1522 1033; x_wconf 91' lang='lat' dir='ltr'>non,</span> <span class='ocrx_word' id='word_1_420' title='bbox 1552 993 1645 1026; x_wconf 90' lang='lat' dir='ltr'>utin</span> <span class='ocrx_word' id='word_1_421' title='bbox 1665 993 1814 1027; x_wconf 90' lang='lat' dir='ltr'>caeteris</span> <span class='ocrx_word' id='word_1_422' title='bbox 1829 993 1963 1038; x_wconf 82' lang='lat' dir='ltr'>regnis,</span> <span class='ocrx_word' id='word_1_423' title='bbox 1990 1005 2149 1027; x_wconf 88' lang='lat' dir='ltr'>nascun-</span> 
     </span>
     <span class='ocr_line' id='line_1_69' title="bbox 1138 1045 2150 1090; baseline 0 -11"><span class='ocrx_word' id='word_1_424' title='bbox 1138 1052 1197 1079; x_wconf 90' lang='lat' dir='ltr'>tur</span> <span class='ocrx_word' id='word_1_425' title='bbox 1215 1057 1456 1083; x_wconf 80' lang='lat' dir='ltr'>successores3</span> <span class='ocrx_word' id='word_1_426' title='bbox 1490 1046 1550 1078; x_wconf 89' lang='lat' dir='ltr'>sed</span> <span class='ocrx_word' id='word_1_427' title='bbox 1569 1046 1782 1090; x_wconf 78' lang='lat' dir='ltr'>gravissimo</span> <span class='ocrx_word' id='word_1_428' title='bbox 1800 1046 1950 1080; x_wconf 86' lang='lat' dir='ltr'>consilio</span> <span class='ocrx_word' id='word_1_429' title='bbox 1977 1045 2150 1079; x_wconf 87' lang='lat' dir='ltr'>constitu-</span> 
     </span>
     <span class='ocr_line' id='line_1_70' title="bbox 1138 1097 2150 1145; baseline -0.001 -14"><span class='ocrx_word' id='word_1_430' title='bbox 1138 1104 1214 1131; x_wconf 88' lang='lat' dir='ltr'>tum</span> <span class='ocrx_word' id='word_1_431' title='bbox 1241 1105 1313 1138; x_wconf 88' lang='lat' dir='ltr'>est,</span> <span class='ocrx_word' id='word_1_432' title='bbox 1344 1104 1383 1131; x_wconf 90' lang='lat' dir='ltr'>ut</span> <span class='ocrx_word' id='word_1_433' title='bbox 1409 1098 1543 1131; x_wconf 88' lang='lat' dir='ltr'>iudicio</span> <span class='ocrx_word' id='word_1_434' title='bbox 1566 1105 1674 1145; x_wconf 88' lang='lat' dir='ltr'>atque</span> <span class='ocrx_word' id='word_1_435' title='bbox 1694 1098 1889 1132; x_wconf 86' lang='lat' dir='ltr'>autoritate</span> <span class='ocrx_word' id='word_1_436' title='bbox 1908 1098 2025 1132; x_wconf 89' lang='lat' dir='ltr'>nostri</span> <span class='ocrx_word' id='word_1_437' title='bbox 2044 1097 2150 1131; x_wconf 90' lang='lat' dir='ltr'>colle-</span> 
     </span>
     <span class='ocr_line' id='line_1_71' title="bbox 1138 1150 2150 1197; baseline 0 -14"><span class='ocrx_word' id='word_1_438' title='bbox 1138 1150 1186 1194; x_wconf 83' lang='lat' dir='ltr'>gii</span> <span class='ocrx_word' id='word_1_439' title='bbox 1211 1156 1409 1197; x_wconf 85' lang='lat' dir='ltr'>quaeratur</span> <span class='ocrx_word' id='word_1_440' title='bbox 1426 1162 1628 1191; x_wconf 83' lang='lat' dir='ltr'>successor,</span> <span class='ocrx_word' id='word_1_441' title='bbox 1657 1151 1719 1197; x_wconf 93' lang='lat' dir='ltr'>qui</span> <span class='ocrx_word' id='word_1_442' title='bbox 1737 1152 1869 1184; x_wconf 84' lang='lat' dir='ltr'>molem</span> <span class='ocrx_word' id='word_1_443' title='bbox 1891 1157 2074 1184; x_wconf 84' lang='lat' dir='ltr'>tantarum</span> <span class='ocrx_word' id='word_1_444' title='bbox 2093 1161 2150 1183; x_wconf 91' lang='lat' dir='ltr'>re-</span> 
     </span>
     <span class='ocr_line' id='line_1_72' title="bbox 1138 1202 1560 1247; baseline 0.002 -11"><span class='ocrx_word' id='word_1_445' title='bbox 1138 1215 1219 1236; x_wconf 89' lang='lat' dir='ltr'>rum</span> <span class='ocrx_word' id='word_1_446' title='bbox 1239 1202 1415 1237; x_wconf 87' lang='lat' dir='ltr'>sustinere</span> <span class='ocrx_word' id='word_1_447' title='bbox 1436 1202 1560 1247; x_wconf 88' lang='lat' dir='ltr'>possit.</span> 
     </span>
    </p>

    <p class='ocr_par' dir='ltr' id='par_1_13' title="bbox 1137 1253 2152 1812">
     <span class='ocr_line' id='line_1_73' title="bbox 1242 1253 2152 1301; baseline -0.001 -13"><span class='ocrx_word' id='word_1_448' title='bbox 1242 1255 1421 1301; x_wconf 88' lang='lat' dir='ltr'>Equidem</span> <span class='ocrx_word' id='word_1_449' title='bbox 1446 1267 1601 1299; x_wconf 77' lang='lat' dir='ltr'>agnosco</span> <span class='ocrx_word' id='word_1_450' title='bbox 1626 1253 1710 1290; x_wconf 88' lang='lat' dir='ltr'>huic</span> <span class='ocrx_word' id='word_1_451' title='bbox 1727 1262 1801 1289; x_wconf 89' lang='lat' dir='ltr'>tam</span> <span class='ocrx_word' id='word_1_452' title='bbox 1821 1254 1957 1288; x_wconf 86' lang='lat' dir='ltr'>difficili</span> <span class='ocrx_word' id='word_1_453' title='bbox 1975 1254 2152 1288; x_wconf 88' lang='lat' dir='ltr'>delibera-</span> 
     </span>
     <span class='ocr_line' id='line_1_74' title="bbox 1138 1305 2151 1353; baseline -0.001 -13"><span class='ocrx_word' id='word_1_454' title='bbox 1138 1307 1230 1340; x_wconf 88' lang='lat' dir='ltr'>tioni</span> <span class='ocrx_word' id='word_1_455' title='bbox 1257 1307 1396 1342; x_wconf 87' lang='lat' dir='ltr'>nullam</span> <span class='ocrx_word' id='word_1_456' title='bbox 1431 1305 1631 1342; x_wconf 85' lang='lat' dir='ltr'>humanam</span> <span class='ocrx_word' id='word_1_457' title='bbox 1666 1307 1881 1353; x_wconf 86' lang='lat' dir='ltr'>sapientiam</span> <span class='ocrx_word' id='word_1_458' title='bbox 1906 1319 2033 1352; x_wconf 89' lang='lat' dir='ltr'>parem</span> <span class='ocrx_word' id='word_1_459' title='bbox 2058 1318 2151 1344; x_wconf 83' lang='lat' dir='ltr'>esse;</span> 
     </span>
     <span class='ocr_line' id='line_1_75' title="bbox 1139 1358 2151 1405; baseline -0.003 -11"><span class='ocrx_word' id='word_1_460' title='bbox 1139 1361 1200 1394; x_wconf 88' lang='lat' dir='ltr'>sed</span> <span class='ocrx_word' id='word_1_461' title='bbox 1224 1372 1282 1393; x_wconf 84' lang='lat' dir='ltr'>me</span> <span class='ocrx_word' id='word_1_462' title='bbox 1307 1360 1344 1392; x_wconf 91' lang='lat' dir='ltr'>in</span> <span class='ocrx_word' id='word_1_463' title='bbox 1362 1358 1417 1393; x_wconf 89' lang='lat' dir='ltr'>his</span> <span class='ocrx_word' id='word_1_464' title='bbox 1435 1360 1529 1393; x_wconf 87' lang='lat' dir='ltr'>curis</span> <span class='ocrx_word' id='word_1_465' title='bbox 1546 1360 1740 1405; x_wconf 90' lang='lat' dir='ltr'>praecipue</span> <span class='ocrx_word' id='word_1_466' title='bbox 1756 1358 1844 1393; x_wconf 88' lang='lat' dir='ltr'>haec</span> <span class='ocrx_word' id='word_1_467' title='bbox 1863 1359 2064 1393; x_wconf 88' lang='lat' dir='ltr'>consolatio</span> <span class='ocrx_word' id='word_1_468' title='bbox 2083 1358 2151 1392; x_wconf 89' lang='lat' dir='ltr'>eri-</span> 
     </span>
     <span class='ocr_line' id='line_1_76' title="bbox 1138 1411 2151 1458; baseline 0 -14"><span class='ocrx_word' id='word_1_469' title='bbox 1138 1412 1208 1457; x_wconf 80' lang='lat' dir='ltr'>git,</span> <span class='ocrx_word' id='word_1_470' title='bbox 1244 1413 1341 1458; x_wconf 89' lang='lat' dir='ltr'>quod</span> <span class='ocrx_word' id='word_1_471' title='bbox 1366 1425 1447 1446; x_wconf 89' lang='lat' dir='ltr'>cum</span> <span class='ocrx_word' id='word_1_472' title='bbox 1477 1412 1628 1457; x_wconf 88' lang='lat' dir='ltr'>imperia</span> <span class='ocrx_word' id='word_1_473' title='bbox 1655 1412 1829 1446; x_wconf 70' lang='lat' dir='ltr'>divinitus</span> <span class='ocrx_word' id='word_1_474' title='bbox 1855 1411 2048 1445; x_wconf 87' lang='lat' dir='ltr'>constituta</span> <span class='ocrx_word' id='word_1_475' title='bbox 2067 1411 2151 1451; x_wconf 91' lang='lat' dir='ltr'>sint,</span> 
     </span>
     <span class='ocr_line' id='line_1_77' title="bbox 1137 1463 2151 1509; baseline -0.002 -11"><span class='ocrx_word' id='word_1_476' title='bbox 1137 1476 1213 1498; x_wconf 90' lang='lat' dir='ltr'>non</span> <span class='ocrx_word' id='word_1_477' title='bbox 1240 1464 1389 1505; x_wconf 88' lang='lat' dir='ltr'>dubito,</span> <span class='ocrx_word' id='word_1_478' title='bbox 1419 1470 1453 1498; x_wconf 90' lang='lat' dir='ltr'>et</span> <span class='ocrx_word' id='word_1_479' title='bbox 1477 1472 1642 1499; x_wconf 88' lang='lat' dir='ltr'>nostrum</span> <span class='ocrx_word' id='word_1_480' title='bbox 1669 1465 1858 1509; x_wconf 81' lang='lat' dir='ltr'>collegium</span> <span class='ocrx_word' id='word_1_481' title='bbox 1884 1476 1902 1497; x_wconf 90' lang='lat' dir='ltr'>a</span> <span class='ocrx_word' id='word_1_482' title='bbox 1923 1463 2001 1497; x_wconf 86' lang='lat' dir='ltr'>Deo</span> <span class='ocrx_word' id='word_1_483' title='bbox 2023 1464 2151 1508; x_wconf 80' lang='lat' dir='ltr'>guber-</span> 
     </span>
     <span class='ocr_line' id='line_1_78' title="bbox 1137 1516 2151 1563; baseline -0.001 -13"><span class='ocrx_word' id='word_1_484' title='bbox 1137 1516 1240 1556; x_wconf 87' lang='lat' dir='ltr'>nari,</span> <span class='ocrx_word' id='word_1_485' title='bbox 1269 1517 1344 1563; x_wconf 88' lang='lat' dir='ltr'>qui,</span> <span class='ocrx_word' id='word_1_486' title='bbox 1372 1518 1401 1550; x_wconf 86' lang='lat' dir='ltr'>si</span> <span class='ocrx_word' id='word_1_487' title='bbox 1419 1529 1485 1550; x_wconf 91' lang='lat' dir='ltr'>nos</span> <span class='ocrx_word' id='word_1_488' title='bbox 1499 1517 1637 1562; x_wconf 80' lang='lat' dir='ltr'>legibus</span> <span class='ocrx_word' id='word_1_489' title='bbox 1654 1518 1788 1551; x_wconf 88' lang='lat' dir='ltr'>nostris</span> <span class='ocrx_word' id='word_1_490' title='bbox 1806 1516 2151 1561; x_wconf 77' lang='lat' dir='ltr'>obtemperabimus,</span> 
     </span>
     <span class='ocr_line' id='line_1_79' title="bbox 1138 1568 2152 1615; baseline -0.002 -12"><span class='ocrx_word' id='word_1_491' title='bbox 1138 1569 1167 1604; x_wconf 93' lang='lat' dir='ltr'>si</span> <span class='ocrx_word' id='word_1_492' title='bbox 1183 1568 1354 1614; x_wconf 86' lang='lat' dir='ltr'>pietatem</span> <span class='ocrx_word' id='word_1_493' title='bbox 1368 1596 1377 1609; x_wconf 91' lang='lat'>,</span> <span class='ocrx_word' id='word_1_494' title='bbox 1406 1570 1525 1607; x_wconf 83' lang='lat' dir='ltr'>fidem,</span> <span class='ocrx_word' id='word_1_495' title='bbox 1554 1576 1588 1603; x_wconf 90' lang='lat' dir='ltr'>et</span> <span class='ocrx_word' id='word_1_496' title='bbox 1605 1570 1844 1614; x_wconf 73' lang='lat' dir='ltr'>diligentiam,</span> <span class='ocrx_word' id='word_1_497' title='bbox 1872 1575 2049 1615; x_wconf 88' lang='lat' dir='ltr'>quantum</span> <span class='ocrx_word' id='word_1_498' title='bbox 2067 1580 2152 1613; x_wconf 91' lang='lat' dir='ltr'>pro-</span> 
     </span>
     <span class='ocr_line' id='line_1_80' title="bbox 1138 1619 2152 1667; baseline -0.001 -11"><span class='ocrx_word' id='word_1_499' title='bbox 1138 1621 1226 1666; x_wconf 92' lang='lat' dir='ltr'>spici</span> <span class='ocrx_word' id='word_1_500' title='bbox 1254 1619 1446 1656; x_wconf 86' lang='lat' dir='ltr'>homiuum</span> <span class='ocrx_word' id='word_1_501' title='bbox 1474 1622 1656 1656; x_wconf 90' lang='lat' dir='ltr'>mentibus</span> <span class='ocrx_word' id='word_1_502' title='bbox 1680 1628 1817 1667; x_wconf 91' lang='lat' dir='ltr'>potest,</span> <span class='ocrx_word' id='word_1_503' title='bbox 1851 1621 2152 1667; x_wconf 83' lang='lat' dir='ltr'>praestiterimus,</span> 
     </span>
     <span class='ocr_line' id='line_1_81' title="bbox 1138 1673 2152 1718; baseline -0.002 -10"><span class='ocrx_word' id='word_1_504' title='bbox 1138 1674 1362 1718; x_wconf 87' lang='lat' dir='ltr'>aspiraturus</span> <span class='ocrx_word' id='word_1_505' title='bbox 1397 1680 1449 1708; x_wconf 95' lang='lat' dir='ltr'>est</span> <span class='ocrx_word' id='word_1_506' title='bbox 1485 1674 1643 1708; x_wconf 90' lang='lat' dir='ltr'>consiliis</span> <span class='ocrx_word' id='word_1_507' title='bbox 1681 1674 1833 1713; x_wconf 90' lang='lat' dir='ltr'>nostris,</span> <span class='ocrx_word' id='word_1_508' title='bbox 1876 1680 1916 1707; x_wconf 89' lang='lat' dir='ltr'>ut</span> <span class='ocrx_word' id='word_1_509' title='bbox 1952 1674 2077 1707; x_wconf 88' lang='lat' dir='ltr'>electio</span> <span class='ocrx_word' id='word_1_510' title='bbox 2107 1673 2152 1707; x_wconf 90' lang='lat' dir='ltr'>sit</span> 
     </span>
     <span class='ocr_line' id='line_1_82' title="bbox 1137 1724 2151 1770; baseline -0.001 -12"><span class='ocrx_word' id='word_1_511' title='bbox 1137 1727 1253 1759; x_wconf 85' lang='lat' dir='ltr'>fausta</span> <span class='ocrx_word' id='word_1_512' title='bbox 1280 1738 1319 1759; x_wconf 86' lang='lat' dir='ltr'>ac</span> <span class='ocrx_word' id='word_1_513' title='bbox 1346 1726 1429 1759; x_wconf 80' lang='lat' dir='ltr'>felix</span> <span class='ocrx_word' id='word_1_514' title='bbox 1447 1727 1608 1770; x_wconf 88' lang='lat' dir='ltr'>patriae,</span> <span class='ocrx_word' id='word_1_515' title='bbox 1637 1739 1677 1760; x_wconf 87' lang='lat' dir='ltr'>ac</span> <span class='ocrx_word' id='word_1_516' title='bbox 1695 1727 1865 1760; x_wconf 75' lang='lat' dir='ltr'>universo</span> <span class='ocrx_word' id='word_1_517' title='bbox 1883 1727 2026 1759; x_wconf 90' lang='lat' dir='ltr'>nomini</span> <span class='ocrx_word' id='word_1_518' title='bbox 2048 1724 2151 1760; x_wconf 89' lang='lat' dir='ltr'>Chri-</span> 
     </span>
     <span class='ocr_line' id='line_1_83' title="bbox 1137 1777 1269 1812; baseline -0.008 0"><span class='ocrx_word' id='word_1_519' title='bbox 1137 1777 1269 1812; x_wconf 89' lang='lat' dir='ltr'>stiano.</span> 
     </span>
    </p>

    <p class='ocr_par' dir='ltr' id='par_1_14' title="bbox 1137 1829 2151 2598">
     <span class='ocr_line' id='line_1_84' title="bbox 1242 1829 2150 1877; baseline 0.001 -15"><span class='ocrx_word' id='word_1_520' title='bbox 1242 1829 1384 1863; x_wconf 83' lang='lat' dir='ltr'>Deinde</span> <span class='ocrx_word' id='word_1_521' title='bbox 1413 1842 1476 1870; x_wconf 87' lang='lat' dir='ltr'>ea,</span> <span class='ocrx_word' id='word_1_522' title='bbox 1511 1843 1603 1877; x_wconf 89' lang='lat' dir='ltr'>quae</span> <span class='ocrx_word' id='word_1_523' title='bbox 1632 1831 1670 1864; x_wconf 91' lang='lat' dir='ltr'>in</span> <span class='ocrx_word' id='word_1_524' title='bbox 1698 1831 1762 1864; x_wconf 92' lang='lat' dir='ltr'>tali</span> <span class='ocrx_word' id='word_1_525' title='bbox 1790 1837 1917 1864; x_wconf 79' lang='lat' dir='ltr'>senatu</span> <span class='ocrx_word' id='word_1_526' title='bbox 1945 1837 1979 1864; x_wconf 93' lang='lat' dir='ltr'>et</span> <span class='ocrx_word' id='word_1_527' title='bbox 2007 1842 2150 1864; x_wconf 89' lang='lat' dir='ltr'>summo</span> 
     </span>
     <span class='ocr_line' id='line_1_85' title="bbox 1139 1882 2151 1929; baseline 0 -13"><span class='ocrx_word' id='word_1_528' title='bbox 1139 1882 1289 1916; x_wconf 88' lang='lat' dir='ltr'>consilio</span> <span class='ocrx_word' id='word_1_529' title='bbox 1315 1883 1413 1916; x_wconf 91' lang='lat' dir='ltr'>orbis</span> <span class='ocrx_word' id='word_1_530' title='bbox 1433 1889 1612 1917; x_wconf 85' lang='lat' dir='ltr'>terrarum</span> <span class='ocrx_word' id='word_1_531' title='bbox 1631 1883 1769 1929; x_wconf 84' lang='lat' dir='ltr'>requiri</span> <span class='ocrx_word' id='word_1_532' title='bbox 1786 1888 1957 1928; x_wconf 82' lang='lat' dir='ltr'>possunt,</span> <span class='ocrx_word' id='word_1_533' title='bbox 1987 1882 2092 1916; x_wconf 79' lang='lat' dir='ltr'>video</span> <span class='ocrx_word' id='word_1_534' title='bbox 2113 1882 2151 1915; x_wconf 91' lang='lat' dir='ltr'>in</span> 
     </span>
     <span class='ocr_line' id='line_1_86' title="bbox 1138 1935 2149 1981; baseline 0 -13"><span class='ocrx_word' id='word_1_535' title='bbox 1138 1935 1241 1968; x_wconf 73' lang='lat' dir='ltr'>vobis</span> <span class='ocrx_word' id='word_1_536' title='bbox 1267 1947 1357 1969; x_wconf 88' lang='lat' dir='ltr'>esse:</span> <span class='ocrx_word' id='word_1_537' title='bbox 1394 1947 1516 1969; x_wconf 90' lang='lat' dir='ltr'>rerum</span> <span class='ocrx_word' id='word_1_538' title='bbox 1543 1948 1671 1976; x_wconf 89' lang='lat' dir='ltr'>usum,</span> <span class='ocrx_word' id='word_1_539' title='bbox 1706 1935 1942 1981; x_wconf 84' lang='lat' dir='ltr'>sapientiam,</span> <span class='ocrx_word' id='word_1_540' title='bbox 1978 1935 2149 1980; x_wconf 88' lang='lat' dir='ltr'>pietatem</span> 
     </span>
     <span class='ocr_line' id='line_1_87' title="bbox 1139 1986 2149 2033; baseline 0 -13"><span class='ocrx_word' id='word_1_541' title='bbox 1139 1999 1221 2032; x_wconf 85' lang='lat' dir='ltr'>erga</span> <span class='ocrx_word' id='word_1_542' title='bbox 1248 1986 1389 2027; x_wconf 88' lang='lat' dir='ltr'>Deum,</span> <span class='ocrx_word' id='word_1_543' title='bbox 1425 1988 1532 2021; x_wconf 89' lang='lat' dir='ltr'>fidem</span> <span class='ocrx_word' id='word_1_544' title='bbox 1559 2000 1641 2033; x_wconf 81' lang='lat' dir='ltr'>erga</span> <span class='ocrx_word' id='word_1_545' title='bbox 1670 1988 1954 2033; x_wconf 84' lang='lat' dir='ltr'>rempublicam,</span> <span class='ocrx_word' id='word_1_546' title='bbox 1989 1987 2149 2022; x_wconf 90' lang='lat' dir='ltr'>studium</span> 
     </span>
     <span class='ocr_line' id='line_1_88' title="bbox 1138 2039 2151 2087; baseline -0.002 -13"><span class='ocrx_word' id='word_1_547' title='bbox 1138 2040 1412 2086; x_wconf 88' lang='lat' dir='ltr'>tranquillitatis</span> <span class='ocrx_word' id='word_1_548' title='bbox 1431 2041 1646 2075; x_wconf 90' lang='lat' dir='ltr'>communis.</span> <span class='ocrx_word' id='word_1_549' title='bbox 1695 2040 1858 2087; x_wconf 88' lang='lat' dir='ltr'>Cumque</span> <span class='ocrx_word' id='word_1_550' title='bbox 1875 2039 2069 2086; x_wconf 88' lang='lat' dir='ltr'>praecipue</span> <span class='ocrx_word' id='word_1_551' title='bbox 2084 2051 2151 2072; x_wconf 90' lang='lat' dir='ltr'>no-</span> 
     </span>
     <span class='ocr_line' id='line_1_89' title="bbox 1137 2092 2148 2138; baseline -0.001 -13"><span class='ocrx_word' id='word_1_552' title='bbox 1137 2092 1192 2126; x_wconf 88' lang='lat' dir='ltr'>bis</span> <span class='ocrx_word' id='word_1_553' title='bbox 1209 2093 1402 2126; x_wconf 90' lang='lat' dir='ltr'>concordia</span> <span class='ocrx_word' id='word_1_554' title='bbox 1426 2105 1516 2138; x_wconf 91' lang='lat' dir='ltr'>opus</span> <span class='ocrx_word' id='word_1_555' title='bbox 1531 2093 1596 2133; x_wconf 89' lang='lat' dir='ltr'>sit,</span> <span class='ocrx_word' id='word_1_556' title='bbox 1625 2093 1835 2127; x_wconf 89' lang='lat' dir='ltr'>declarastis</span> <span class='ocrx_word' id='word_1_557' title='bbox 1853 2105 1893 2127; x_wconf 85' lang='lat' dir='ltr'>ea</span> <span class='ocrx_word' id='word_1_558' title='bbox 1914 2092 1953 2126; x_wconf 88' lang='lat' dir='ltr'>in</span> <span class='ocrx_word' id='word_1_559' title='bbox 1972 2104 2010 2126; x_wconf 90' lang='lat' dir='ltr'>re</span> <span class='ocrx_word' id='word_1_560' title='bbox 2029 2092 2148 2138; x_wconf 88' lang='lat' dir='ltr'>aliqua</span> 
     </span>
     <span class='ocr_line' id='line_1_90' title="bbox 1140 2145 2150 2192; baseline -0.001 -14"><span class='ocrx_word' id='word_1_561' title='bbox 1140 2157 1181 2178; x_wconf 84' lang='lat' dir='ltr'>ex</span> <span class='ocrx_word' id='word_1_562' title='bbox 1196 2152 1297 2190; x_wconf 87' lang='lat' dir='ltr'>parte</span> <span class='ocrx_word' id='word_1_563' title='bbox 1314 2146 1537 2179; x_wconf 86' lang='lat' dir='ltr'>voluntatem</span> <span class='ocrx_word' id='word_1_564' title='bbox 1556 2152 1725 2187; x_wconf 75' lang='lat' dir='ltr'>vestram,</span> <span class='ocrx_word' id='word_1_565' title='bbox 1752 2146 1849 2192; x_wconf 90' lang='lat' dir='ltr'>quod</span> <span class='ocrx_word' id='word_1_566' title='bbox 1868 2145 1944 2179; x_wconf 89' lang='lat' dir='ltr'>sine</span> <span class='ocrx_word' id='word_1_567' title='bbox 1963 2151 2150 2178; x_wconf 88' lang='lat' dir='ltr'>contuma-</span> 
     </span>
     <span class='ocr_line' id='line_1_91' title="bbox 1139 2197 2149 2243; baseline -0.002 -12"><span class='ocrx_word' id='word_1_568' title='bbox 1139 2197 1190 2231; x_wconf 90' lang='lat' dir='ltr'>cia</span> <span class='ocrx_word' id='word_1_569' title='bbox 1219 2210 1344 2232; x_wconf 86' lang='lat' dir='ltr'>omnes</span> <span class='ocrx_word' id='word_1_570' title='bbox 1369 2198 1589 2243; x_wconf 88' lang='lat' dir='ltr'>intempore</span> <span class='ocrx_word' id='word_1_571' title='bbox 1612 2198 1843 2233; x_wconf 78' lang='lat' dir='ltr'>convenistis.</span> <span class='ocrx_word' id='word_1_572' title='bbox 1899 2197 2149 2243; x_wconf 85' lang='lat' dir='ltr'>Quamobrem</span> 
     </span>
     <span class='ocr_line' id='line_1_92' title="bbox 1138 2249 2151 2295; baseline 0.001 -13"><span class='ocrx_word' id='word_1_573' title='bbox 1138 2249 1241 2284; x_wconf 84' lang='lat' dir='ltr'>vobis</span> <span class='ocrx_word' id='word_1_574' title='bbox 1267 2250 1412 2294; x_wconf 88' lang='lat' dir='ltr'>publico</span> <span class='ocrx_word' id='word_1_575' title='bbox 1434 2250 1584 2284; x_wconf 91' lang='lat' dir='ltr'>nomine</span> <span class='ocrx_word' id='word_1_576' title='bbox 1603 2251 1736 2295; x_wconf 84' lang='lat' dir='ltr'>gratias</span> <span class='ocrx_word' id='word_1_577' title='bbox 1755 2263 1835 2295; x_wconf 86' lang='lat' dir='ltr'>ago.</span> <span class='ocrx_word' id='word_1_578' title='bbox 1889 2250 1935 2283; x_wconf 85' lang='lat' dir='ltr'>Et</span> <span class='ocrx_word' id='word_1_579' title='bbox 1950 2250 2061 2283; x_wconf 91' lang='lat' dir='ltr'>modo</span> <span class='ocrx_word' id='word_1_580' title='bbox 2079 2249 2151 2283; x_wconf 86' lang='lat' dir='ltr'>ius·</span> 
     </span>
     <span class='ocr_line' id='line_1_93' title="bbox 1139 2301 2151 2342; baseline 0.001 -8"><span class='ocrx_word' id='word_1_581' title='bbox 1139 2302 1334 2336; x_wconf 90' lang='lat' dir='ltr'>iurandum</span> <span class='ocrx_word' id='word_1_582' title='bbox 1360 2302 1526 2342; x_wconf 87' lang='lat' dir='ltr'>dedistis,</span> <span class='ocrx_word' id='word_1_583' title='bbox 1563 2315 1643 2336; x_wconf 89' lang='lat' dir='ltr'>cum</span> <span class='ocrx_word' id='word_1_584' title='bbox 1670 2303 1709 2336; x_wconf 88' lang='lat' dir='ltr'>in</span> <span class='ocrx_word' id='word_1_585' title='bbox 1733 2302 1882 2337; x_wconf 86' lang='lat' dir='ltr'>caeteris</span> <span class='ocrx_word' id='word_1_586' title='bbox 1909 2301 2070 2336; x_wconf 89' lang='lat' dir='ltr'>articulis</span> <span class='ocrx_word' id='word_1_587' title='bbox 2087 2301 2151 2335; x_wconf 92' lang='lat' dir='ltr'>ob-</span> 
     </span>
     <span class='ocr_line' id='line_1_94' title="bbox 1138 2354 2150 2400; baseline -0.002 -12"><span class='ocrx_word' id='word_1_588' title='bbox 1138 2360 1405 2399; x_wconf 89' lang='lat' dir='ltr'>temperaturos</span> <span class='ocrx_word' id='word_1_589' title='bbox 1434 2368 1498 2389; x_wconf 78' lang='lat' dir='ltr'>vos</span> <span class='ocrx_word' id='word_1_590' title='bbox 1526 2367 1599 2389; x_wconf 87' lang='lat' dir='ltr'>esse</span> <span class='ocrx_word' id='word_1_591' title='bbox 1623 2355 1780 2400; x_wconf 78' lang='lat' dir='ltr'>legibus,</span> <span class='ocrx_word' id='word_1_592' title='bbox 1814 2362 1890 2389; x_wconf 92' lang='lat' dir='ltr'>tum</span> <span class='ocrx_word' id='word_1_593' title='bbox 1921 2366 2007 2388; x_wconf 92' lang='lat' dir='ltr'>vero</span> <span class='ocrx_word' id='word_1_594' title='bbox 2033 2354 2071 2386; x_wconf 89' lang='lat' dir='ltr'>in</span> <span class='ocrx_word' id='word_1_595' title='bbox 2094 2365 2150 2393; x_wconf 91' lang='lat' dir='ltr'>eo,</span> 
     </span>
     <span class='ocr_line' id='line_1_95' title="bbox 1140 2406 2149 2453; baseline -0.002 -13"><span class='ocrx_word' id='word_1_596' title='bbox 1140 2407 1202 2453; x_wconf 90' lang='lat' dir='ltr'>qui</span> <span class='ocrx_word' id='word_1_597' title='bbox 1238 2408 1284 2441; x_wconf 90' lang='lat' dir='ltr'>ad</span> <span class='ocrx_word' id='word_1_598' title='bbox 1318 2407 1547 2441; x_wconf 89' lang='lat' dir='ltr'>retinendam</span> <span class='ocrx_word' id='word_1_599' title='bbox 1585 2420 1816 2442; x_wconf 89' lang='lat' dir='ltr'>communem</span> <span class='ocrx_word' id='word_1_600' title='bbox 1847 2406 2149 2453; x_wconf 81' lang='lat' dir='ltr'>tranquillitatem</span> 
     </span>
     <span class='ocr_line' id='line_1_96' title="bbox 1138 2459 2150 2506; baseline -0.001 -14"><span class='ocrx_word' id='word_1_601' title='bbox 1138 2459 1331 2504; x_wconf 90' lang='lat' dir='ltr'>praecipue</span> <span class='ocrx_word' id='word_1_602' title='bbox 1357 2460 1534 2504; x_wconf 87' lang='lat' dir='ltr'>pertinet,</span> <span class='ocrx_word' id='word_1_603' title='bbox 1570 2467 1609 2493; x_wconf 89' lang='lat' dir='ltr'>ut</span> <span class='ocrx_word' id='word_1_604' title='bbox 1634 2460 1706 2501; x_wconf 90' lang='lat' dir='ltr'>illi,</span> <span class='ocrx_word' id='word_1_605' title='bbox 1749 2459 1811 2506; x_wconf 90' lang='lat' dir='ltr'>qui</span> <span class='ocrx_word' id='word_1_606' title='bbox 1834 2459 1993 2505; x_wconf 90' lang='lat' dir='ltr'>plurium</span> <span class='ocrx_word' id='word_1_607' title='bbox 2022 2459 2150 2493; x_wconf 80' lang='lat' dir='ltr'>suffra·</span> 
     </span>
     <span class='ocr_line' id='line_1_97' title="bbox 1139 2511 2149 2556; baseline 0 -13"><span class='ocrx_word' id='word_1_608' title='bbox 1139 2511 1205 2556; x_wconf 85' lang='lat' dir='ltr'>giis</span> <span class='ocrx_word' id='word_1_609' title='bbox 1239 2524 1301 2545; x_wconf 82' lang='lat' dir='ltr'>rex</span> <span class='ocrx_word' id='word_1_610' title='bbox 1337 2518 1478 2546; x_wconf 86' lang='lat' dir='ltr'>creatus</span> <span class='ocrx_word' id='word_1_611' title='bbox 1513 2518 1547 2545; x_wconf 92' lang='lat' dir='ltr'>et</span> <span class='ocrx_word' id='word_1_612' title='bbox 1581 2512 1811 2546; x_wconf 87' lang='lat' dir='ltr'>renuntiatus</span> <span class='ocrx_word' id='word_1_613' title='bbox 1845 2512 1976 2551; x_wconf 83' lang='lat' dir='ltr'>fuerit,</span> <span class='ocrx_word' id='word_1_614' title='bbox 2024 2522 2149 2544; x_wconf 91' lang='lat' dir='ltr'>omnes</span> 
     </span>
     <span class='ocr_line' id='line_1_98' title="bbox 1140 2564 1323 2598; baseline 0.011 -2"><span class='ocrx_word' id='word_1_615' title='bbox 1140 2564 1323 2598; x_wconf 90' lang='lat' dir='ltr'>obediant.</span> 
     </span>
    </p>

    <p class='ocr_par' dir='ltr' id='par_1_15' title="bbox 1141 2615 2150 2714">
     <span class='ocr_line' id='line_1_99' title="bbox 1245 2615 2149 2662; baseline -0.006 -12"><span class='ocrx_word' id='word_1_616' title='bbox 1245 2616 1368 2662; x_wconf 83' lang='lat' dir='ltr'>Quare</span> <span class='ocrx_word' id='word_1_617' title='bbox 1399 2616 1484 2650; x_wconf 90' lang='lat' dir='ltr'>satis</span> <span class='ocrx_word' id='word_1_618' title='bbox 1513 2616 1699 2661; x_wconf 87' lang='lat' dir='ltr'>provisum</span> <span class='ocrx_word' id='word_1_619' title='bbox 1735 2622 1787 2650; x_wconf 89' lang='lat' dir='ltr'>est</span> <span class='ocrx_word' id='word_1_620' title='bbox 1814 2615 2069 2653; x_wconf 88' lang='lat' dir='ltr'>iureiurando,</span> <span class='ocrx_word' id='word_1_621' title='bbox 2103 2624 2149 2646; x_wconf 91' lang='lat' dir='ltr'>ne</span> 
     </span>
     <span class='ocr_line' id='line_1_100' title="bbox 1141 2664 2150 2714; baseline -0.004 -13"><span class='ocrx_word' id='word_1_622' title='bbox 1141 2680 1211 2714; x_wconf 91' lang='lat' dir='ltr'>qua</span> <span class='ocrx_word' id='word_1_623' title='bbox 1244 2669 1387 2713; x_wconf 88' lang='lat' dir='ltr'>publica</span> <span class='ocrx_word' id='word_1_624' title='bbox 1422 2668 1458 2701; x_wconf 89' lang='lat' dir='ltr'>in</span> <span class='ocrx_word' id='word_1_625' title='bbox 1482 2668 1638 2713; x_wconf 88' lang='lat' dir='ltr'>imperio</span> <span class='ocrx_word' id='word_1_626' title='bbox 1662 2668 1841 2702; x_wconf 90' lang='lat' dir='ltr'>discordia</span> <span class='ocrx_word' id='word_1_627' title='bbox 1870 2667 2020 2701; x_wconf 87' lang='lat' dir='ltr'>oriatur.</span> <span class='ocrx_word' id='word_1_628' title='bbox 2081 2664 2150 2698; x_wconf 88' lang='lat' dir='ltr'>Hic</span> 
     </span>
    </p>
   </div>
   <div class='ocr_carea' id='block_1_9' title="bbox 77 2716 2150 2819">
    <p class='ocr_par' dir='ltr' id='par_1_16' title="bbox 77 2716 2150 2819">
     <span class='ocr_line' id='line_1_101' title="bbox 77 2716 2149 2768; baseline -0.002 -14"><span class='ocrx_word' id='word_1_629' title='bbox 77 2732 174 2754; x_wconf 90' lang='lat' dir='ltr'>nunc</span> <span class='ocrx_word' id='word_1_630' title='bbox 206 2728 399 2768; x_wconf 87' lang='lat' dir='ltr'>postquam</span> <span class='ocrx_word' id='word_1_631' title='bbox 433 2722 618 2767; x_wconf 88' lang='lat' dir='ltr'>auspicato</span> <span class='ocrx_word' id='word_1_632' title='bbox 646 2722 690 2755; x_wconf 86' lang='lat' dir='ltr'>ad</span> <span class='ocrx_word' id='word_1_633' title='bbox 715 2719 808 2754; x_wconf 90' lang='lat' dir='ltr'>hanc</span> <span class='ocrx_word' id='word_1_634' title='bbox 835 2721 1083 2755; x_wconf 83' lang='lat' dir='ltr'>difficillimam</span> <span class='ocrx_word' id='word_1_635' title='bbox 1112 2736 1115 2763; x_wconf 55' lang='grc' dir='ltr'>ι</span> <span class='ocrx_word' id='word_1_636' title='bbox 1140 2720 1259 2754; x_wconf 87' lang='lat' dir='ltr'>aditus</span> <span class='ocrx_word' id='word_1_637' title='bbox 1291 2722 1336 2754; x_wconf 86' lang='lat' dir='ltr'>ad</span> <span class='ocrx_word' id='word_1_638' title='bbox 1371 2732 1516 2754; x_wconf 88' lang='lat' dir='ltr'>causam</span> <span class='ocrx_word' id='word_1_639' title='bbox 1541 2727 1726 2760; x_wconf 89' lang='lat' dir='ltr'>nostram,</span> <span class='ocrx_word' id='word_1_640' title='bbox 1770 2721 1905 2754; x_wconf 90' lang='lat' dir='ltr'>honam</span> <span class='ocrx_word' id='word_1_641' title='bbox 1934 2716 2021 2752; x_wconf 91' lang='lat' dir='ltr'>mihi</span> <span class='ocrx_word' id='word_1_642' title='bbox 2047 2729 2149 2762; x_wconf 90' lang='lat' dir='ltr'>spem</span> 
     </span>
     <span class='ocr_line' id='line_1_102' title="bbox 78 2766 2150 2819; baseline -0.001 -14"><span class='ocrx_word' id='word_1_643' title='bbox 78 2772 374 2807; x_wconf 87' lang='lat' dir='ltr'>deliberationem</span> <span class='ocrx_word' id='word_1_644' title='bbox 393 2772 634 2808; x_wconf 86' lang='lat' dir='ltr'>inchoandam</span> <span class='ocrx_word' id='word_1_645' title='bbox 648 2801 657 2814; x_wconf 93' lang='lat'>,</span> <span class='ocrx_word' id='word_1_646' title='bbox 685 2774 778 2808; x_wconf 89' lang='lat' dir='ltr'>inter</span> <span class='ocrx_word' id='word_1_647' title='bbox 795 2773 889 2817; x_wconf 88' lang='lat' dir='ltr'>ipsas</span> <span class='ocrx_word' id='word_1_648' title='bbox 906 2786 987 2808; x_wconf 89' lang='lat' dir='ltr'>aras</span> <span class='ocrx_word' id='word_1_649' title='bbox 1003 2785 1087 2808; x_wconf 89' lang='lat' dir='ltr'>con·</span> <span class='ocrx_word' id='word_1_650' title='bbox 1112 2766 1115 2804; x_wconf 77' lang='lat' dir='ltr'>l</span> <span class='ocrx_word' id='word_1_651' title='bbox 1139 2773 1225 2806; x_wconf 78' lang='lat' dir='ltr'>facit</span> <span class='ocrx_word' id='word_1_652' title='bbox 1241 2774 1285 2806; x_wconf 89' lang='lat' dir='ltr'>de</span> <span class='ocrx_word' id='word_1_653' title='bbox 1303 2773 1464 2813; x_wconf 86' lang='lat' dir='ltr'>caeteris,</span> <span class='ocrx_word' id='word_1_654' title='bbox 1486 2785 1578 2819; x_wconf 90' lang='lat' dir='ltr'>quae</span> <span class='ocrx_word' id='word_1_655' title='bbox 1596 2779 1733 2807; x_wconf 86' lang='lat' dir='ltr'>restant</span> <span class='ocrx_word' id='word_1_656' title='bbox 1751 2772 1901 2817; x_wconf 84' lang='lat' dir='ltr'>agenda.</span> <span class='ocrx_word' id='word_1_657' title='bbox 1938 2771 2006 2804; x_wconf 88' lang='lat' dir='ltr'>Sed</span> <span class='ocrx_word' id='word_1_658' title='bbox 2027 2775 2150 2803; x_wconf 89' lang='lat' dir='ltr'>tamen</span> 
     </span>
    </p>
   </div>
  </div>
 </body>
</html>
