2421 3037
258 123 333 158 479

257 217 297 243 ut
334 214 447 255 magis
477 212 661 246 muniatur
689 210 903 251 concordia,
950 210 1034 244 duxi
1066 209 1170 243 initio
1201 222 1263 244 vos

257 260 500 298 cohortandos
527 275 621 302 esse,
654 269 712 302 ut,
747 262 959 309 priusquam
989 263 1025 295 in
1049 261 1263 306 suffragium

257 313 349 354 itur,
385 317 479 349 inter
502 327 568 349 nos
592 326 630 347 re
649 314 830 359 disputata
845 341 853 355 ,
881 316 1006 349 demus
1024 326 1197 360 operam,
1225 320 1265 348 ut

257 365 419 401 omnium
440 366 611 411 suffragia
632 366 870 401 consentiant.
926 367 1042 401 Multa
1062 367 1100 400 in
1118 364 1185 400 hac
1201 378 1264 399 na-

256 417 354 453 tione
377 419 469 453 hella
497 418 638 458 civilia,
673 418 780 463 plena
805 419 1048 458 crudelitatis,
1084 426 1117 452 et
1143 418 1265 463 perni-

255 468 349 506 ciosa
377 471 443 505 toti
467 470 547 504 orbi
572 477 772 511 terrarum,
800 477 834 504 et
851 477 1046 518 antequam
1071 470 1264 504 concilium

254 519 461 558 Electorum
478 522 713 557 constitutum
732 529 782 557 est
798 529 832 556 et
849 530 993 569 postea,
1021 530 1172 568 propter
1187 534 1265 557 suc-

255 577 453 611 cessionem
483 581 545 609 aut
566 575 823 619 suffragiorum
845 575 1175 610 dissimilitudinem
1189 601 1197 613 ,
1226 574 1264 607 in

255 624 430 663 electione
449 633 672 661 exarserunt.

360 679 548 714 Ludovico
584 679 645 724 pio
680 679 774 713 filius
804 678 999 713 Lotharius
1035 685 1184 713 conatus
1213 684 1266 712 est

254 745 405 778 regnum
432 731 584 776 eripere.
646 730 761 776 Capto
787 738 888 777 patre
916 738 1039 777 postea
1068 728 1265 764 Lotharius

256 784 418 820 conflixit
450 796 531 818 cum
563 783 736 817 fratribus
764 790 836 817 tam
861 783 1052 823 atrociter,
1095 789 1134 817 ut
1160 782 1197 816 in
1222 794 1264 816 eo

254 837 394 884 praelio
416 835 644 869 Francorum
672 835 766 870 vires
797 836 886 869 adeo
916 835 1070 869 afflictae
1099 835 1190 875 siut,
1225 840 1266 868 ut

255 896 380 936 postea
403 889 511 923 decus
527 886 675 932 Imperii
693 887 785 921 tueri
807 900 881 921 non
900 887 1099 932 potuerint.
1154 886 1266 921 Saxo-

254 954 318 976 nes
343 941 474 975 deinde
497 952 620 973 rerum
645 939 752 984 potiti
776 947 878 980 sunt,
912 952 1003 985 quos
1029 944 1266 973 exercuerunt

256 993 477 1039 asperrimae
514 991 720 1026 seditiones.
788 992 970 1026 Adversus
1004 991 1200 1026 Henricum
1238 988 1266 1025 Ι.

256 1048 329 1081 dux
348 1044 527 1078 Bavariae
547 1043 730 1078 Arnoldus
756 1044 889 1078 bellum
917 1044 1053 1085 movit,
1091 1045 1189 1090 quod
1214 1049 1266 1076 ta—

256 1110 340 1132 men
364 1096 615 1130 moderatione
633 1094 781 1129 Henrici
808 1096 879 1130 cito
901 1097 1065 1130 sedatum
1087 1102 1150 1130 est.
1205 1095 1266 1129 Se-

257 1162 370 1197 quens
389 1149 522 1183 bellum
536 1175 545 1189 ,
582 1149 680 1194 quod
699 1146 945 1194 Lotharingus
962 1148 1077 1182 movit
1095 1150 1266 1182 adversus

256 1200 462 1241 Othonem,
503 1206 543 1234 ut
566 1200 741 1234 Francico
776 1201 918 1235 nomini
942 1201 1136 1246 imperium
1164 1199 1267 1234 resti-

257 1260 395 1293 tueret,
423 1265 538 1286 annos
556 1252 701 1286 duravit
716 1266 795 1292 sex;
831 1260 954 1300 estque
975 1252 1173 1288 Germania
1192 1252 1267 1285 foe-

257 1308 301 1340 de
328 1305 402 1351 igni
426 1317 467 1338 ac
491 1305 588 1339 ferro
614 1312 773 1346 vastata,
803 1306 919 1339 donec
943 1307 988 1339 ad
1008 1312 1208 1339 extremum
1228 1304 1266 1337 in

258 1358 333 1392 acie
351 1358 558 1392 interfectus
575 1355 821 1402 Lothariugus
838 1358 1059 1403 pertinaciae
1076 1369 1160 1392 suae
1179 1369 1267 1402 poe-

256 1423 321 1445 nas
341 1410 452 1444 dedit.

363 1461 510 1496 Ottonis
527 1460 570 1496 Π.
593 1468 776 1507 tempore,
804 1462 899 1496 Galli
919 1462 1030 1496 armis
1047 1461 1166 1495 conati
1183 1467 1267 1495 sunt

257 1516 302 1548 ad
326 1527 362 1549 se
385 1515 580 1549 transferre
608 1514 814 1559 imperium.
884 1513 1013 1548 Ottoni
1036 1512 1093 1548 111.
1127 1513 1266 1557 eripere

258 1567 379 1601 conati
402 1573 485 1600 sunt
509 1566 702 1611 imperium
724 1565 900 1600 Henricus
917 1566 1099 1605 Bavarus,
1130 1572 1164 1598 et
1188 1564 1267 1610 qui-

258 1621 343 1653 dam
360 1618 500 1651 Romae
519 1618 755 1652 Crescentius.
811 1617 908 1651 Haec
934 1618 1132 1651 certamina
1152 1623 1191 1650 ut
1210 1628 1266 1650 ca-

261 1677 359 1705 veret
384 1672 428 1704 ad
451 1670 698 1716 posteritatem
719 1669 806 1704 Otto
829 1668 907 1710 HL,
943 1669 1156 1715 gravissimo
1183 1681 1267 1702 con-

258 1723 338 1758 silio
356 1729 390 1756 et
407 1723 668 1768 comprobante
682 1722 853 1755 Romano
865 1722 1052 1762 Pontifice,
1075 1721 1266 1765 collegium

258 1775 466 1810 Electorum
486 1775 653 1816 instituit,
674 1774 774 1808 cuius
792 1774 931 1819 collegii
950 1774 1127 1819 sapientia
1147 1780 1181 1807 et
1198 1774 1267 1806 fide

259 1828 333 1861 iam
368 1839 483 1861 annos
515 1827 732 1873 quingentos
765 1826 910 1872 imperii
935 1826 1110 1871 possessio
1137 1827 1174 1858 in
1200 1823 1268 1858 hac

259 1879 408 1913 natione
433 1879 620 1913 retinetur.
675 1879 783 1925 Quod
808 1891 883 1912 non
910 1880 1021 1912 modo
1047 1877 1267 1913 Germanico

260 1931 403 1966 nomini
432 1931 630 1976 gloriosum
665 1937 734 1970 est;
777 1932 837 1966 sed
873 1931 981 1964 etiam
1006 1931 1073 1964 toti
1098 1930 1268 1975 Europae

260 1984 384 2018 multis
408 1983 526 2018 modis
550 1983 707 2018 salutare
730 1984 809 2018 fuit.
876 1983 989 2029 Saepe
1022 1983 1118 2016 enim
1153 1981 1269 2017 nostri

260 2036 502 2081 Imperatores
537 2048 579 2070 ex
612 2034 715 2069 Italia
751 2036 926 2070 barbaros
961 2036 1198 2080 depulerunt,
1235 2041 1270 2068 et

262 2088 484 2134 perniciosas
514 2088 734 2122 mutationes
758 2100 888 2132 magna
914 2087 1047 2121 virtute
1073 2085 1269 2133 prohibue-

262 2147 359 2175 runt.
420 2141 489 2175 Sed
514 2147 637 2174 tamen
662 2140 854 2186 aliquoties
880 2140 1064 2174 contentio
1089 2141 1132 2173 de
1158 2151 1268 2184 regno

263 2192 473 2238 gravissime
492 2192 617 2226 afflixit
634 2192 872 2227 Germaniam
891 2199 999 2238 atque
1016 2190 1170 2226 Italiam.

367 2245 548 2279 Adversus
580 2245 777 2278 Henricum
802 2243 882 2285 IV„
921 2244 1038 2278 virum
1071 2245 1201 2278 fortem
1236 2249 1271 2277 et

264 2296 480 2341 impigrum,
521 2297 626 2331 multi
658 2296 840 2342 principes
872 2297 908 2330 in
933 2296 1131 2331 Germania
1162 2302 1270 2342 atque

263 2347 365 2382 Italia
384 2348 658 2394 conspirarunt,
684 2349 747 2395 qui
763 2347 958 2394 Rodolpho
976 2349 1069 2383 Duci
1086 2348 1269 2383 Saxonum

265 2407 300 2434 et
317 2400 534 2442 Suevorum,
561 2401 767 2435 tribuerunt
785 2414 920 2435 nomen
938 2401 1105 2446 Regium.
1144 2400 1186 2434 In
1202 2398 1271 2434 hoc

265 2453 360 2487 bello
393 2465 472 2487 cum
502 2460 618 2487 essent
641 2455 733 2487 duae
756 2454 973 2489 fortissimae
994 2454 1160 2487 nationes
1187 2465 1271 2486 con-

265 2505 429 2545 iunctae,
463 2504 637 2539 Saxonica
671 2512 706 2539 et
727 2505 899 2547 Suevica,
933 2518 998 2541 nec
1029 2512 1150 2551 posset
1174 2505 1272 2539 Hen-

266 2557 361 2592 ricus
394 2557 470 2591 sine
508 2557 693 2592 acerrimis
729 2558 1022 2593 dimicationibus
1057 2558 1271 2602 dignitatem

266 2621 368 2644 suam
391 2621 641 2654 propugnare:
679 2610 728 2643 ita
754 2611 798 2644 ab
817 2611 980 2656 utrisque
1004 2610 1196 2644 dilacerata
1221 2615 1272 2644 est

266 2661 403 2706 patria,
431 2673 620 2708 nunquam
638 2668 677 2695 ut
698 2668 820 2706 postea
839 2662 1029 2707 pristinam
1046 2662 1271 2697 maiestatem

266 2714 536 2758 recuperaverit
552 2713 745 2758 imperium
762 2721 940 2749 nostrum.
993 2714 1090 2748 Dum
1110 2715 1206 2748 euim
1224 2714 1273 2748 ci-

267 2765 398 2800 vilibus
431 2766 532 2800 bellis
566 2766 666 2800 domi
697 2766 965 2805 conflictamur,
1010 2767 1146 2801 interea
1175 2766 1271 2802 Galli

890 122 1014 158 PHlL.
1043 122 1157 158 MEL.
1186 120 1392 157 SCRIPTA
1420 119 1692 157 HISTORICA.

2249 125 2323 160 480

1319 209 1454 241 bonam
1490 207 1625 252 Belgici
1654 216 1794 254 partem
1824 215 1858 242 et
1885 208 2073 255 Sequanos
2102 209 2324 247 invaserunt.

1318 259 1484 306 Denique
1502 260 1624 294 multis
1642 261 1776 307 ubique
1796 261 1983 306 praesidiis
2006 267 2113 307 atque
2132 273 2325 297 ornamen-

1319 312 1363 346 tis
1387 312 1548 351 amissis,
1577 319 1701 357 postea
1728 325 1793 346 nec
1818 313 1967 347 caeteris
1988 313 2199 348 nationibus
2218 326 2324 359 opem

1318 365 1411 398 serre
1432 363 1616 409 potuimus
1632 371 1671 398 ut
1688 371 1792 398 antea
1806 392 1815 405 ,
1843 378 1908 399 nec
1926 365 2084 410 Regibus
2102 365 2182 399 aliis
2200 365 2326 400 formi-

1318 417 1455 450 dabiles
1471 416 1605 450 suimus
1617 443 1626 457 ,
1653 423 1692 450 ut
1710 417 1809 451 olim.

1422 468 1547 502 Potest
1571 475 1605 501 et
1628 468 1710 502 inde
1735 469 1937 509 aestimari,
1966 481 2076 516 quam
2092 469 2275 504 funestum
2292 476 2328 503 et

1318 520 1521 555 luctuosum
1541 521 1673 554 bellum
1698 521 1835 565 patriae
1854 521 1982 562 fuerit,
2010 522 2109 568 quod
2129 521 2166 554 in
2186 533 2228 555 eo
2251 533 2328 555 non

1318 572 1435 606 solum
1474 573 1577 606 multi
1620 573 1765 617 profani
1800 573 1982 618 principes
2017 573 2195 607 interfecti
2231 579 2328 614 sunt,

1319 622 1536 669 Rodolphus
1553 624 1635 658 Dux
1651 625 1804 659 Sueviae
1816 652 1825 667 ‚
1852 625 1941 659 Otto
1958 625 2040 659 Dux
2056 625 2235 659 saxoniae
2247 651 2256 665 ,
2293 631 2329 659 et

1320 675 1505 710 Gerardus
1520 674 1687 710 Lotharii
1706 684 1829 722 pater,
1861 677 2039 723 Egbertus
2056 674 2221 711 Marchio
2239 676 2328 712 Mis-

1319 728 1457 767 nensis;
1487 730 1548 762 sed
1566 729 1674 762 etiam
1694 729 1864 763 trucidati
1880 736 1963 764 sunt
1984 729 2125 776 aliquot
2143 728 2328 774 Episcopi,

1320 792 1411 826 quos
1430 780 1557 828 religio
1578 782 1749 816 adversus
1764 782 1943 816 bellorum
1962 781 2113 816 iniurias
2135 782 2328 815 defendere

1320 832 1484 866 debebat.
1539 832 1631 866 Sunt
1658 833 1754 867 enim
1779 834 1886 868 occisi
1907 833 2082 879 Episcopi
2109 833 2329 879 Magdebur-

1318 883 1436 929 gensis
1465 890 1499 917 et
1523 884 1800 920 Vormatiensis.
1865 886 1922 920 Ad
1945 885 2034 920 haec
2059 886 2154 919 mala
2181 885 2329 920 accessit

1320 942 1355 969 et
1370 937 1596 981 perturbatio
1612 937 1850 982 religionum,
1878 945 1913 972 et
1936 936 2102 973 schisma.
2156 937 2328 972 Secutum

1320 994 1372 1022 est
1389 988 1487 1022 aliud
1505 989 1637 1023 bellum
1652 1016 1661 1029 ‚
1690 996 1810 1024 ortum
1831 1002 1873 1024 ex
1890 989 2183 1025 dissimilitudine
2201 989 2329 1024 suffra-

1320 1040 1463 1085 giorum
1490 1040 1528 1073 in
1558 1041 1754 1083 electione,
1798 1042 1893 1076 inter
1919 1042 2130 1077 Conradum
2156 1041 2330 1082 Suevum,

1320 1098 1355 1125 et
1370 1091 1587 1126 Lotllarium
1607 1093 1807 1135 saxonem,
1834 1096 1952 1141 quod,
1979 1101 2174 1141 postquam
2194 1093 2330 1127 multae

1320 1145 1427 1178 urbes
1451 1145 1488 1177 iu
1514 1145 1668 1190 imperio
1689 1146 1725 1178 vi
1750 1153 1876 1191 captae
1900 1154 2003 1188 sunt,
2034 1146 2228 1180 autoritate
2252 1145 2329 1179 divi

1320 1195 1526 1230 Bernhardi
1550 1198 1713 1232 sedatum
1738 1205 1800 1232 est.
1855 1198 1998 1233 Exarsit
2014 1199 2128 1232 multo
2149 1197 2330 1232 crudelius

1319 1249 1453 1283 bellum
1482 1249 1576 1283 inter
1602 1248 1812 1295 Philippum
1841 1258 1876 1285 et
1900 1250 2075 1285 Ottonem
2098 1248 2158 1285 IV.
2180 1256 2331 1296 propter

1320 1300 1528 1336 Electorum
1559 1302 1789 1337 discordiam.
1858 1303 2010 1350 Aliquot
2042 1302 2188 1348 praeliis
2216 1301 2332 1335 victus

1321 1353 1409 1387 Otto
1444 1354 1535 1399 fugit
1569 1367 1610 1388 ex
1645 1354 1842 1389 Germania
1880 1355 1918 1388 in
1953 1355 2135 1399 Angliam.
2198 1353 2330 1388 Postea

1321 1407 1492 1440 adversus
1513 1406 1738 1440 Fridericum
1762 1406 1803 1441 ll.
1835 1419 1854 1439 a
1882 1407 2097 1453 quibusdam
2125 1406 2257 1440 electus
2279 1412 2332 1439 est

1322 1458 1498 1492 Henricus
1522 1457 1775 1503 Landgravius
1801 1456 2050 1503 Thuringiae‚
2086 1458 2149 1504 qui
2171 1457 2210 1490 in
2236 1457 2331 1491 obsi-

1321 1511 1429 1544 dione
1446 1510 1577 1543 Ulmae
1604 1523 1645 1543 ex
1670 1511 1817 1544 vulnere
1843 1511 1962 1555 periit.
2016 1510 2186 1544 Secutum
2205 1515 2257 1543 est
2275 1509 2331 1542 in-

1321 1568 1528 1606 terregnum
1541 1589 1551 1603 ,
1579 1564 1677 1608 quod
1694 1562 1839 1596 duravit
1858 1575 1973 1597 annos
1989 1563 2101 1596 ferme
2118 1561 2331 1602 octodecim,

1321 1614 1358 1646 in
1389 1626 1461 1660 quo
1488 1615 1656 1647 nonnulli
1679 1614 1862 1648 Electores
1889 1615 2156 1649 accersiverunt
2176 1613 2214 1647 in
2239 1613 2331 1648 Ger-

1320 1666 1483 1699 maniam
1502 1667 1547 1699 ad
1567 1666 1761 1711 imperium
1779 1664 2002 1700 Richardum
2018 1693 2027 1707 ,
2054 1667 2204 1700 fratrem
2220 1665 2331 1710 Regis

1320 1717 1546 1752 Britanniae.
1605 1717 1745 1752 Interea
1778 1731 1858 1753 cum
1884 1719 1961 1753 sine
1986 1731 2068 1763 rege
2095 1724 2185 1753 esset
2206 1729 2331 1762 respu-

1320 1770 1434 1810 blica,
1477 1783 1553 1804 non
1580 1771 1698 1805 solum
1726 1771 1933 1805 defecerunt
1962 1771 1999 1804 in
2025 1770 2127 1804 Italia
2155 1770 2331 1809 civitates,

1321 1823 1382 1856 sed
1407 1821 1516 1856 etiam
1543 1823 1581 1855 in
1599 1829 1848 1868 contemptum
1867 1823 1966 1857 venit
1984 1824 2081 1868 apud
2099 1834 2224 1856 omnes
2241 1821 2332 1856 Ger-

1321 1874 1464 1908 manica
1482 1875 1595 1909 natio.

1426 1926 1625 1973 Aliquanto
1648 1933 1730 1971 post
1756 1925 1929 1960 dissensio
1954 1925 1993 1959 in
2017 1926 2191 1960 electione
2208 1924 2332 1959 Ludo·

1322 1979 1392 2012 vici
1408 1979 1562 2020 Bavari,
1592 1985 1626 2012 et
1642 1978 1818 2012 Friderici
1832 1977 2026 2019 Austriaci‚
2053 1978 2188 2012 bellum
2205 1978 2332 2022 ingens

1324 2031 1513 2072 excitavit,
1543 2043 1700 2077 quorum
1725 2031 1814 2064 alter
1833 2028 2035 2071 Bohemos‚
2071 2031 2162 2064 alter
2183 2030 2332 2074 Hunga-

1324 2084 1398 2117 rica
1423 2082 1554 2117 auxilia
1581 2083 1618 2116 in
1642 2083 1878 2117 Germaniam
1904 2082 2066 2117 adduxit.
2130 2081 2183 2116 Ita
2212 2081 2332 2116 utrin-

1325 2148 1394 2182 que
1422 2148 1442 2169 a
1467 2135 1633 2170 barbaris
1659 2135 1857 2170 Germania
1885 2135 2079 2170 crudeliter
2103 2141 2242 2169 vastata
2267 2140 2333 2168 est.

1324 2188 1464 2222 Deinde
1499 2188 1671 2222 adversus
1706 2186 1932 2222 Ludovicum
1968 2188 2099 2222 electus
2134 2193 2187 2221 est
2220 2185 2333 2220 Caro—

1324 2241 1378 2275 lus
1402 2239 1715 2285 Lucelburgensis.
1776 2240 1902 2287 Neque
1934 2237 2022 2273 haec
2053 2239 2179 2273 electio
2205 2236 2333 2273 habuit

1326 2292 1488 2326 omnium
1513 2292 1704 2337 suffragia,
1733 2299 1767 2326 et
1793 2292 1916 2327 statim
1939 2291 2107 2326 nonnulli
2130 2304 2172 2326 ex
2191 2290 2333 2325 Electo-

1325 2345 1423 2379 ribus
1459 2345 1710 2390 expetiverunt
1746 2344 1960 2379 Eduardum
1995 2343 2147 2389 Angliae
2181 2342 2333 2387 Regem,

1326 2397 1386 2432 alii
1418 2397 1549 2431 deinde
1577 2397 1755 2431 Comitem
1781 2397 2144 2441 Suarceburgensem.
2206 2394 2333 2429 Toties

1325 2449 1531 2483 inciderunt
1557 2449 1754 2483 certamina
1782 2450 1820 2482 in
1844 2447 1911 2483 hac
1938 2448 2086 2482 natione
2121 2448 2164 2481 de
2196 2459 2333 2482 succes-

1325 2502 1445 2543 sione,
1481 2501 1611 2548 quibus
1636 2508 1670 2535 et
1694 2501 1795 2535 domi
1819 2501 1989 2535 maiestas
2013 2499 2158 2545 imperii
2174 2498 2334 2544 graviter

1326 2566 1497 2588 concussa
1515 2560 1578 2594 est,
1599 2561 1634 2587 et
1650 2554 1787 2588 interea
1805 2553 1893 2588 foris
1910 2553 2073 2597 neglecta
2090 2558 2141 2587 est
2156 2550 2333 2597 respubli-

1326 2618 1378 2641 ca.
1406 2605 1502 2640 Dum
1522 2607 1617 2640 enim
1637 2606 1803 2651 occupati
1817 2618 1940 2641 sumus
1958 2604 2123 2639 civilibus
2140 2604 2254 2644 bellis,
2270 2608 2332 2637 aut

1325 2658 1430 2692 fracti
1452 2658 1658 2693 domesticis
1682 2658 1860 2699 cladibus,
1903 2669 1979 2691 non
2010 2656 2195 2703 potuimus
2218 2654 2330 2700 repri-

1326 2723 1423 2745 mere
1452 2710 1610 2752 Turcas,
1653 2723 1810 2758 quorum
1845 2709 2029 2756 potentia,
2063 2709 2210 2744 nemine
2237 2706 2330 2740 obsi-

1325 2770 1459 2805 stente,
1487 2770 1664 2810 quantum
1691 2762 1862 2803 creverit,
1890 2762 2029 2796 videtis.
