2389 3037
29 138 104 174 349

52 208 57 211 i
324 224 532 258 Secunda
564 225 736 269 regula.

133 293 341 327 Relativutn
368 294 447 328 cum
475 295 708 328 antecedente
731 295 955 329 substantivo
973 308 1034 328 ne-

31 359 125 382 cesse
146 352 198 381 est
215 358 345 391 genere
373 353 406 379 et
432 358 585 380 numero
606 348 828 387 consentire,
857 360 941 382 casu
959 359 1034 381 non

30 411 172 445 semper
200 399 380 432 convenit.
451 398 543 433 Nam
578 400 605 433 is
638 400 803 446 sequenti
835 400 946 434 verbo
980 412 1034 433 re-

30 452 202 498 spondet,
245 457 299 485 ut:
352 451 492 486 Literas
528 452 649 497 accepi
681 459 778 493 tuas,
823 464 915 498 quae
945 450 1034 486 mihi

30 517 183 550 magnae
202 504 377 549 voluptati
404 505 563 540 fuerunt.

133 557 197 591 Est
223 563 257 590 et
283 557 342 590 ubi
369 558 552 604 sequentis
577 556 791 592 substantivi
818 569 950 601 genus,
980 569 1034 590 ca-

29 623 108 646 sum
140 616 175 643 et
204 622 394 643 numerum
433 616 630 644 mutuatur.
698 607 874 643 Salustius
908 607 1036 657 [Catil.
1062 617 1065 647 1

30 675 59 698 c.
76 659 176 710 55.]:
221 661 284 697 Est
311 663 408 696 locus
432 662 466 695 in
491 674 653 702 carcere,
697 663 793 708 quod
821 661 1033 695 Tullianum
1063 660 1065 667 ⁰

30 715 245 761 adpellatur.
299 714 344 748 Et
363 715 487 748 Livius
503 712 580 760 [HL
597 711 697 762 57.]:
727 713 918 748 Carcerem
939 714 1036 747 aedi·
1064 730 1065 764 ξ

28 768 175 802 ficatum
204 779 299 806 esse,
332 769 428 813 quod
452 766 677 800 domicilium
709 766 822 811 plebis
846 766 1035 799 Romanae
1064 774 1065 783 ¹

30 833 160 854 vocare
177 820 303 854 solitus
321 825 382 853 est.
436 818 505 852 Sed
525 831 606 852 rara
628 817 715 852 haec
732 819 845 864 figura
868 825 931 852 est.

135 871 262 917 Qualis
287 884 390 906 suum
415 871 679 906 substantivum
705 871 889 911 adsciscit,
919 884 938 903 a
963 883 1035 917 quo

31 930 218 958 mutuatur
243 936 388 963 casum,
424 936 536 968 genus
563 930 597 956 et
623 936 835 963 numerum,
870 929 925 956 ut:
964 923 1036 956 Ta-

29 976 73 1011 lis
89 983 142 1011 est
161 976 307 1017 civitas,
336 976 460 1022 quales
477 982 561 1010 sunt
578 975 783 1021 principum
804 988 934 1010 mores.

355 1061 512 1095 Tertia
544 1062 715 1106 regula.

134 1131 407 1166 Substantivnm
453 1143 532 1164 cum
574 1131 822 1171 substantivo,
877 1132 1038 1176 genitivo
1066 1133 1067 1138 ’

32 1197 115 1218 casu
131 1183 305 1228 iungitur,
333 1190 370 1217 ut
389 1181 569 1232 [luvenal.
587 1190 652 1217 sat.
670 1182 730 1223 14,
751 1181 874 1230 139.]:
903 1183 1040 1218 Crescit

31 1248 136 1270 arnor
153 1236 274 1274 numi,
303 1242 481 1281 quantum
505 1235 580 1280 ipsa
599 1236 749 1280 pecunia
769 1236 906 1269 crescit.

137 1288 364 1321 Atticismum
398 1294 548 1327 vocant,
591 1300 669 1321 cun»
700 1287 737 1320 in
764 1285 856 1321 hanc
881 1288 1038 1321 sormam

32 1348 216 1374 mutamus
235 1340 402 1373 adiectivi
427 1346 461 1373 et
484 1339 700 1374 substantiVi
719 1340 1040 1380 constructionem,
1066 1365 1068 1373 2

31 1399 71 1426 ut
92 1405 160 1438 pro
184 1392 282 1426 nulla
307 1391 459 1437 pecunia
474 1419 483 1432 ,
511 1389 603 1425 nihil
626 1393 821 1437 pecuniae,
850 1390 955 1425 nihili
975 1390 1040 1425 bo—

30 1457 91 1478 mo
106 1444 152 1493 5).
206 1444 298 1479 Nam
317 1444 493 1478 adiectiva
512 1456 642 1489 genere
669 1451 817 1485 neutro,
847 1451 1039 1478 vertuntur

31 1497 68 1530 in
91 1497 401 1532 substantivorum
427 1504 619 1537 naturam,
665 1504 703 1530 ut
730 1499 824 1542 apud
855 1496 1038 1531 Catullum

31 1548 113 1598 [22
138 1546 240 1597 2l.]:
284 1549 352 1582 Sed
388 1561 463 1582 non
487 1550 649 1584 videmus
675 1549 852 1583 manticae
884 1550 971 1596 quid
1002 1550 1038 1582 in

31 1609 132 1647 tergo
151 1608 214 1636 est.

134 1654 315 1687 Adverbia
331 1653 364 1700 6)
389 1654 579 1688 imitantur
606 1652 698 1687 hanc
725 1655 909 1700 syntaxin:
954 1654 1039 1689 satis

30 1705 251 1751 loquentiae‚
271 1706 478 1750 'sapientiae
497 1718 640 1750 parum,
668 1707 810 1739 abunde
830 1707 1039 1740 verborum.

30 1756 242 1802 Figuratum
278 1764 328 1791 est
345 1757 395 1803 ⁷),
434 1758 469 1790 id
502 1770 634 1802 genus,
679 1770 744 1802 pro
780 1759 854 1792 eius
886 1759 1039 1803 generis.

695 137 832 173 XCVII.
886 136 1011 174 PHlL.
1046 138 1160 175 MEL.

1062 234 1186 262 'runh

1067 1221 1069 1255 Ξ
1095 1229 1293 1266 ponuntur.

31 1809 139 1843 Multi
159 1807 228 1843 hoc
256 1816 421 1853 tempore
445 1817 633 1854 praetextu
650 1810 858 1854 Evangelii,
892 1811 1039 1844 seditio-

31 1874 94 1896 nes
125 1862 301 1899 excitant,
346 1862 379 1895 id
410 1875 523 1907 genus
548 1861 714 1898 homines
742 1863 822 1903 odi,
856 1876 940 1896 nam
972 1863 1039 1897 sibi

31 1926 203 1959 regumn,
231 1927 305 1948 non
323 1912 467 1948 Christo
486 1922 617 1960 parant
632 1914 675 1962 Β).

346 1994 522 2040 Quarta
554 1995 726 2039 regula.

135 2064 384 2110 Comparativi
413 2064 615 2098 adsciscunt
639 2064 836 2104 ablativos,
874 2070 912 2098 ut
942 2062 1038 2113 [Ho-

31 2125 99 2152 rat.
125 2117 237 2163 Epist.
257 2115 283 2158 Ι,
305 2118 338 2157 1,
355 2113 463 2164 52.];·
501 2115 618 2150 Vilius
641 2123 828 2161 argentum
858 2123 907 2150 est
934 2129 1039 2157 auro,

33 2170 226 2220 virtutibps
243 2181 394 2209 aurum,
423 2167 495 2215 et9)
514 2168 630 2203 Vilius
648 2176 699 2203 est
717 2176 905 2213 argentum
927 2182 1037 2215 quam

34 2234 176 2257 aurum.
229 2221 286 2255 Sic
311 2227 428 2255 autem
456 2228 489 2254 et
514 2221 635 2254 Latini
660 2221 905 2266 comparativa
931 2221 1039 2254 itera-

69 2346 98 2374 5)
120 2344 198 2369 nihili
217 2346 322 2374 nomo]
341 2345 409 2368 haec
429 2345 479 2368 boc
499 2344 610 2374 quidem
630 2344 689 2368 loco
708 2344 742 2367 ab
757 2343 806 2366 Ed.
823 2342 898 2366 1539.
918 2343 1039 2372 absunt3

105 2381 168 2405 vide
186 2380 260 2404 infra
278 2382 373 2404 notam
387 2379 410 2403 8,

69 2423 97 2455 6)
116 2423 273 2452 Adverbia]
296 2423 344 2446 Ed.
361 2422 435 2445 1539.
458 2421 598 2444 Adverhia
617 2421 712 2450 copiae
733 2424 781 2444 aut
801 2420 932 2450 penuriae

68 2467 99 2498 7)
118 2468 282 2499 Figuratum
302 2467 371 2494 est.]
394 2466 440 2488 Ed.
458 2465 533 2488 1539,
557 2465 606 2487 Est
627 2469 652 2486 et
675 2464 715 2487 hic
734 2464 911 2487 Atticismns.

69 2512 98 2537 8)
121 2512 170 2536 Ed.
186 2510 300 2535 1539.11.
317 2511 332 2534 1.
354 2509 431 2533 addit
459 2510 542 2531 haec:
577 2510 624 2531 Est
653 2511 680 2530 et
705 2509 760 2531 alia
780 2508 915 2537 quaedam
937 2508 1038 2535 forma,

106 2546 154 2569 sed
174 2551 227 2576 qua
246 2546 272 2568 in
293 2545 387 2574 paucis
408 2544 503 2567 verbis
524 2544 641 2569 utimur,
667 2544 746 2566 homo
766 2543 840 2566 nihii.
879 2544 935 2566 Res
961 2549 1039 2565 man-
1066 2562 1067 2568 ,

105 2580 185 2611 cipii,
216 2581 411 2610 pronuntiatur
431 2581 523 2602 autem
551 2578 665 2607 nnancipi
693 2578 781 2600 tribus
806 2578 937 2607 syllabis.
985 2577 1039 2600 sed
1066 2584 1067 2598 1

106 2621 140 2639 ea
158 2621 212 2638 vox
231 2616 275 2638 est
293 2615 434 2645 genitivus
454 2620 470 2637 a
491 2613 660 2637 nominativo
679 2613 849 2641 mancipium.
887 2613 943 2635 Res
960 2618 1039 2635 mau-
1066 2635 1067 2650 ¹

105 2650 186 2681 cmii,
219 2649 245 2672 id
264 2651 324 2679 est,
358 2656 404 2673 res
432 2649 550 2679 propria,
598 2649 706 2670 Addunt
734 2648 775 2669 bis
803 2647 925 2671 dativum
952 2647 1038 2675 frugi,

105 2686 185 2708 homo
205 2684 278 2715 frugi
297 2686 324 2707 et
344 2684 506 2713 particulam
527 2683 689 2706 huiusmodi.
738 2683 812 2705 naec
832 2690 892 2706 cnm
912 2682 1038 2706 omnibus·
1066 2703 1068 2712 k

106 2702 274 2751 generibus,
301 2719 411 2743 casibus
432 2721 459 2742 et
480 2719 600 2742 numeris
618 2718 797 2745 coniunuunt
1066 2713 1069 2754 ἱ

72 2764 104 2792 9)
123 2762 162 2795 et]
183 2763 231 2787 Ed.
248 2763 321 2786 1539
343 2763 421 2785 huius
442 2763 501 2785 ioco
521 2763 616 2785 habctt
638 2765 664 2785 et
687 2767 734 2790 pro
755 2761 879 2784 ablativo
902 2761 1041 2784 interdum
1067 2756 1069 2814 l

109 2798 295 2822 nominativus
316 2798 426 2826 ponitur
443 2804 502 2821 cuin
522 2798 658 2827 particula
679 2802 767 2826 (uiam.

1195 140 1441 176 SYNTAXIS.
2023 141 2099 177 350

1226 226 1450 274 Triumphus
1468 230 1600 262 clarior
1618 242 1726 276 quam
1748 229 1907 274 gratior,
1937 236 1970 262 et
1991 229 2096 274 pesti-

1089 280 1198 313 lentia
1216 280 1393 314 minacior
1412 294 1520 326 quam
1544 282 1792 326 perniciosior.
1827 282 1934 326 Apud
1950 280 2095 315 Livium

1090 332 1193 365 item:
1236 332 1327 378 Quis
1352 333 1583 378 interpretari
1615 341 1751 379 potest,
1788 334 2097 379 impudentiorne,

1091 396 1137 416 an
1162 384 1391 429 improbior?
1459 385 1626 420 Plautus:
1670 387 1831 420 Amic-ior
1860 384 1949 419 mihi
1976 386 2097 420 nullus

1091 436 1198 477 vivit,
1228 443 1334 483 atque
1352 437 1380 471 is
1401 444 1463 472 est.
1518 438 1662 472 Cicero:
1691 436 1783 471 Mihi
1804 439 1944 472 videtur
1964 438 2099 472 diutius

1090 489 1279 523 abfuturus
1296 503 1335 523 ac
1352 490 1493 524 vellem.
1548 490 1621 524 Has
1638 491 1814 524 formulas
1836 491 2030 536 adscripsi,
2058 497 2099 524 ut

1090 541 1192 586 pueri
1211 543 1423 581 observent,
1452 555 1518 587 pro
1537 555 1666 588 quam,
1694 541 1845 577 Latinos
1866 543 1916 576 uti
1942 542 2098 587 particu-

1090 594 1151 628 lis:
1182 607 1242 635 ac,
1271 601 1391 641 atque.

1411 689 1584 735 Quinta
1616 691 1786 735 regula.

1196 759 1422 804 Superlativa
1467 760 1669 793 adsciscunt
1708 759 1886 804 genitivos
1928 759 2099 803 plurales,

1093 812 1147 845 vel
1164 811 1338 845 collectivi
1358 812 1518 846 nominis
1537 812 1734 857 singulares
1749 810 1815 858 ¹⁰),
1843 818 1901 845 ut:
1931 811 2099 845 Disertis-

1092 864 1181 898 sime
1205 864 1354 897 Romuli
1386 871 1572 909 nepotum.
1642 863 1707 904 Et,
1746 863 1906 910 Tydides
1930 862 2098 897 Danaum

1093 916 1321 951 fortissimus.

1196 968 1272 1010 Eo,
1302 982 1395 1015 quo,
1425 975 1549 1009 tanto,
1584 975 1742 1015 quanto,
1779 967 2038 1012 comparativis
2054 966 2100 1012 ¹¹)

1094 1021 1293 1066 iunguntur
1303 1020 1349 1067 12)
1362 1049 1370 1062 ,
1399 1028 1437 1055 ut
1455 1019 1630 1070 [Iuvenal.
1650 1028 1714 1055 sat.
1732 1021 1768 1061 8,
1787 1019 1861 1055 140
1880 1017 1975 1067 sq.]:

1201 1082 1287 1106 Omne
1305 1082 1389 1105 animi
1409 1081 1506 1105 vitium
1527 1084 1604 1105 tanto
1625 1080 1802 1110 conspectius
1827 1080 1853 1103 in
1874 1087 1905 1103 se

1199 1125 1311 1149 Crimen
1330 1126 1427 1153 hahet,
1455 1128 1557 1155 quanto
1578 1125 1681 1156 maior,
1710 1124 1755 1155 qui
1776 1126 1888 1155 peccat.
1916 1124 2040 1147 nabetur.

1094 1169 1233 1211 Multo,
1260 1171 1389 1215 longe,
1418 1170 1676 1214 conparativis
1697 1176 1731 1203 et
1755 1163 1984 1214 superlativis
2000 1179 2102 1212 prae-

1339 1222 1465 1256 Cicero
1485 1220 1573 1271 [pro
1590 1222 1666 1266 lege
1684 1219 1850 1269 Manil.]:
1882 1220 2102 1265 Conspectus

1095 1281 1211 1308 vester
1231 1275 1345 1308 multo
1365 1275 1657 1309 iucundissimus.

1436 1370 1567 1404 Sexta
1592 1370 1760 1415 regula.

1199 1440 1301 1486 Quae
1320 1440 1553 1485 partitionem
1580 1440 1801 1485 significant,
1837 1445 1897 1472 aut
1921 1436 2102 1471 collectio-

1094 1505 1199 1533 nem,
1252 1493 1335 1526 item
1371 1493 1549 1537 genitivos
1579 1493 1735 1537 plurales
1770 1491 1992 1530 adsciscunt,
2043 1495 2100 1523 ut:

1094 1557 1203 1578 nemo
1238 1543 1427 1578 hominum
1449 1572 1458 1585 ,
1513 1545 1603 1578 alter
1640 1543 1770 1578 horum
1791 1572 1800 1585 ,
1850 1555 1933 1588 pars
1968 1542 2100 1576 civium

1095 1596 1222 1646 [Ovid.
1242 1597 1352 1632 Trist.
1372 1596 1431 1637 IV,
1449 1597 1484 1637 3,
1502 1598 1520 1631 l
1539 1594 1630 1644 sq.]:

1201 1659 1303 1689 Magna
1323 1658 1465 1688 minorque
1485 1657 1578 1683 ferae,
1605 1663 1721 1687 quarum
1739 1656 1818 1687 regis
1841 1656 1932 1680 altera
1953 1655 2065 1684 GraiaS,

1196 1703 1295 1725 Altera
1315 1701 1461 1731 sidoniaS,
1489 1704 1606 1732 utraque
1627 1701 1719 1732 sicca,
1750 1702 1829 1724 rates
1845 1698 1892 1729 ¹³).

1095 1746 1238 1780 Cicero:
1268 1746 1431 1792 Quarum
1452 1746 1563 1779 altera
1583 1745 1773 1790 exemplis,
1803 1745 1912 1777 altera
1926 1742 1972 1791 ¹4)
1990 1743 2102 1778 scien-

1095 1799 1142 1832 tia
1161 1806 1195 1832 te
1213 1805 1364 1843 possunt
1380 1810 1510 1843 augere
1522 1797 1579 1843 15).

1198 1859 1255 1893 Sic
1286 1859 1318 1892 et
1349 1859 1596 1904 comparativa
1628 1858 1861 1903 partitionem
1898 1856 2102 1901 significant

1095 1918 1154 1946 ut:
1190 1911 1223 1946 O
1252 1912 1368 1944 maior
1398 1912 1591 1951 iuvenum,
1636 1911 1671 1943 id
1703 1917 1776 1950 est,
1818 1909 1912 1942 inter
1942 1908 2102 1942 iuvenes.

1094 1964 1187 2000 Nam
1217 1964 1450 2009 partitionem
1478 1963 1691 2008 exponimus
1716 1975 1779 2007 per
1806 1961 2021 2007 particulam
2049 1960 2102 1993 in-

1096 2024 1170 2058 ter,
1202 2023 1258 2050 ut:
1295 2016 1603 2050 Concionatorum
1628 2015 1687 2047 alii
1713 2027 1801 2059 pure
1828 2015 1958 2047 docent
1979 2011 2100 2046 Evan-

1095 2069 1249 2114 gelium,
1278 2069 1337 2102 alii
1365 2069 1606 2102 adulteratum
1634 2067 1754 2112 impiis
1781 2065 2035 2111 opinionibus,
2064 2064 2098 2097 id

1095 2129 1166 2163 est,
1193 2122 1287 2155 inter
1305 2122 1590 2155 concionatores.

1391 2218 1593 2263 Septima
1623 2217 1796 2261 regula.

1197 2289 1407 2329 Adiectiva,
1436 2301 1527 2333 quae
1545 2288 1709 2332 copiam,
1739 2285 1977 2325 desiderium,
2005 2285 2099 2318 noti-

1095 2340 1204 2381 tiam,
1233 2348 1267 2374 et
1291 2347 1415 2374 contra
1441 2340 1662 2384 significant,
1690 2338 1868 2383 genitivos
1885 2337 2099 2378 adsciscunt,

1094 2399 1133 2426 ut
1156 2390 1274 2442 [Virg.
1291 2393 1382 2427 Aen.
1398 2391 1424 2434 l,
1441 2392 1516 2428 343
1532 2390 1622 2440 sq.]:
1655 2391 1862 2426 Ditissimus
1889 2402 1964 2435 igrl
1980 2387 2096 2422 Phoe-

1094 2446 1227 2480 uicum.
1289 2445 1488 2479 Stultorum
1517 2446 1618 2490 plen:
1643 2450 1725 2478 sunt
1751 2443 1886 2476 omnia.
1954 2441 2096 2476 Cicero:

1132 2574 1176 2600 10]
1197 2573 1373 2602 singulares]
1394 2572 1433 2594 sic
1449 2572 1530 2594 Eunt,
1549 2571 1639 2594 1526..
1664 2571 1754 2597 15:334
1778 2570 1824 2592 Ed.
1842 2569 1908 2593 1529
1939 2567 2091 2593 sim-'utaris

1132 2616 1177 2647 11)
1198 2616 1411 2646 comparativis]
1433 2616 1480 2639 Ed.
1500 2616 1572 2638 1539Δ
1594 2615 1794 2644 comparationi

1132 2661 1175 2691 12)
1197 2660 1362 2690 iunguntur]
1383 2659 1423 2682 sic
1438 2659 1485 2683 Ed.
1504 2659 1569 2682 1539
1589 2667 1595 2683 z
1622 2659 1706 2682 Editt.
1725 2658 1798 2681 1526.
1811 2675 1816 2679 .

1133 2705 1177 2735 13)
1197 2705 1299 2732 Magna
1318 2704 1461 2733 minorquev
1481 2717 1515 2720 ——
1534 2706 1635 2731 rates.)
1655 2705 1688 2725 ab
1710 2703 1759 2726 Ed.
1778 2702 1849 2724 1:139,
1871 2702 1980 2723 absunt.

1132 2750 1177 2777 14)
1197 2749 1304 2776 altera]
1328 2748 1374 2771 Ed.
1396 2748 1468 2770 1539.
1488 2748 1560 2770 alter

1133 2794 1178 2821 15)
1199 2793 1328 2819 augere}
1350 2791 1396 2814 Ed,
1417 2791 1490 2814 1529.
1511 2791 1595 2813 male:
1622 2796 1735 2817 augure.

1841 2656 1912 2680 1521».
1937 2656 2097 2684 iungentur.
