2421 3037
275 97 351 133 819

914 92 1279 129 ADDITAMENTA
1304 93 1372 128 AD
1400 93 1544 130 VOLL.
1572 92 1699 130 l—X.

2265 97 2341 135 820

275 197 347 226 ses,
383 196 475 231 quos
502 184 730 218 Ptolemaeus
758 179 991 222 Chaldaicos,
1020 180 1140 215 ludaei
1170 180 1283 214 Grae·
1333 181 1440 214 etiam
1465 178 1741 215 Atheniensium
1767 194 1906 216 menses
1936 181 2154 215 Calendario
2181 182 2342 226 inscribi,

276 250 336 271 cos
363 243 513 270 vocant:
550 247 629 268 cum
656 241 807 279 propter
833 234 922 268 alios
958 233 1170 278 scriptores,
1206 238 1283 265 tum

274 289 469 335 praecipue
496 293 645 332 propter
662 284 876 331 Iosephum,
905 287 966 332 qui
991 286 1124 318 bonam
1142 290 1282 329 partein

274 341 441 375 Iudaicae
468 337 641 373 historiae
666 338 853 378 describit,
883 351 975 384 quac
1001 337 1037 371 in
1056 337 1183 370 Bibliis
1208 348 1283 369 non

274 392 451 432 habetur,
478 398 512 425 et
537 397 658 424 tamen
685 393 728 424 ad
756 390 988 435 intelligenda
1007 387 1224 434 Prophetica
1249 394 1284 421 et

275 443 484 489 Apostolica
513 443 645 488 scripta
670 443 869 477 necessaria
896 450 958 476 est.
1014 442 1137 475 Utitur
1162 447 1283 474 autem

275 497 305 531 is
336 497 381 530 ad
414 495 608 529 indicanda
640 502 804 540 tempora
838 507 959 528 rerum
994 501 1173 539 gestarum
1210 493 1283 525 fere

275 560 417 594 semper
454 548 656 588 mensibus,
688 554 728 581 ut
758 548 833 592 ipse
868 554 993 587 vocat,
1027 546 1194 584 Graecis,
1221 556 1283 578 seu

275 600 532 634 Macedonicis.
588 600 710 645 Quare
728 606 763 633 et
777 598 814 633 hi
834 612 912 633 cum
934 598 1082 633 Iulianis
1102 596 1284 631 mensibus

276 653 449 697 coniungi
470 653 613 686 debent.

379 705 443 740 Est
470 712 590 739 autem
611 703 669 738 1116
688 704 832 738 illorum
854 703 1028 737 mensium
1060 702 1149 734 ordo
1171 706 1203 733 et
1220 712 1285 732 110-

277 759 499 792 menclatura
514 772 520 791 :

379 809 611 849 Αὐὸυναῖος.
640 805 829 854 Περίτιος.
865 805 1046 852 Δύστρος.
1081 803 1283 843 Ξανθικός.

327 861 564 910 Ἀρτεμίσιος.
624 859 777 900 Δεύτιος
809 866 843 892 et
873 857 1030 896 ὃαίσιος.
1092 855 1284 901 Πάνεμος.

328 915 452 963 Λῷος.
520 914 734 960 Ιόρπιαῖος.
800 909 1111 958 Ὑπερβερεταῒος,
1186 908 1284 946 Δῖος.

325 966 553 1006 Ἀπελλαῖος.

381 1019 586 1063 Applicatio
606 1023 724 1050 autem
743 1014 873 1049 borum
893 1014 1069 1048 mensium
1088 1026 1167 1046 cum
1180 1010 1285 1045 lulia-

278 1071 333 1105 nis
356 1071 469 1104 facilis
494 1077 547 1105 est
577 1082 619 1103 ex
639 1066 813 1113 Iosepho,
850 1074 1041 1113 postquam
1073 1063 1141 1098 1106
1174 1064 1286 1098 semel

279 1123 514 1158 constitutum
536 1129 607 1162 est,
626 1121 753 1160 Nisam,
774 1120 930 1165 primum
950 1130 1107 1152 mensem
1126 1116 1284 1149 Ebraeo-

278 1187 380 1217 rum,
415 1175 597 1220 pertinere
627 1175 672 1207 ad
699 1172 884 1217 Aprilem,
919 1184 994 1204 non
1024 1171 1067 1203 ad
1098 1169 1285 1204 Martium.

278 1227 372 1262 Nam
406 1225 578 1272 Iosephus
614 1226 741 1259 crebro
773 1224 960 1269 coniungit
991 1218 1175 1263 ξανθικόν
1203 1233 1283 1254 611111

279 1279 506 1313 Ebraeorum
531 1279 665 1319 Nisan,
693 1284 727 1311 et
752 1276 840 1311 alios
865 1276 1041 1311 similiter.
1097 1273 1219 1319 Quare
1245 1285 1285 1305 ex

278 1330 346 1365 hac
370 1331 600 1377 copulatione
635 1330 832 1369 mensium,
865 1342 934 1375 qua
963 1324 1135 1371 Iosephus
1160 1326 1285 1364 utitur,

280 1390 439 1424 constat,
484 1382 696 1419 αἰὸυναῐον
736 1394 809 1416 esse
848 1379 1076 1419 Ianuarium,
1120 1375 1285 1425 περίτιον

1309 285 1312 312 1

1309 313 1312 355 Ι

1335 245 1490 279 quorum
1512 233 1647 266 mentio
1670 234 1708 266 fit
1728 233 1881 278 pluritna
1904 246 1921 267 a
1939 233 2176 278 scriptoribus
2194 236 2342 279 graecis.

1440 285 1516 319 Etsi
1545 291 1663 318 autem
1689 286 1820 320 scimus
1842 288 1884 319 de
1909 298 2034 319 eorum
2061 286 2189 320 ordine
2206 293 2241 320 et
2258 299 2344 321 con-

1309 336 1520 371 1111116110116
1553 350 1633 371 611111
1669 337 1921 372 Romanorum
1955 338 2139 373 mensibus
2174 350 2193 372 a
2221 339 2344 374 multis

1338 389 1435 422 varie
1450 390 1646 434 disputari:
1677 396 1797 423 tamen
1823 403 1888 424 nos
1914 397 2058 424 utemur
2076 390 2137 424 illo
2163 391 2290 424 ordine
2309 398 2345 425 et

1337 441 1498 482 ratione,
1527 454 1637 488 quam
1656 441 1711 475 vir
1728 442 1875 476 natione
1893 442 2070 482 Graccus,
2095 449 2130 476 et
2147 442 2344 489 antiquita-

1337 493 1381 527 tis
1398 494 1680 528 studiosissimus
1698 494 1912 541 inquisitor,
1935 493 2151 528 Theodorus
2167 494 2265 528 Gaza
2278 521 2288 536 ‚
2306 495 2343 528 in

1337 545 1458 579 libello
1483 547 1526 579 de
1552 546 1734 581 mensibus
1764 547 1931 587 tradidit,
1961 547 2171 592 praesertim
2197 559 2278 580 cum
2302 559 2345 581 ex

1339 597 1400 638 iis,
1430 598 1493 644 qui
1517 596 1634 632 adbuc
1661 599 1806 644 quidem
1827 600 1946 633 Gazae
1971 599 2117 632 inventa
2141 599 2344 632 convellere

1339 651 1458 683 conati
1483 657 1587 691 sunt,
1616 651 1735 685 nullus
1760 652 1935 692 extiterit,
1963 651 2024 698 qui
2049 650 2162 685 firmis
2185 650 2344 684 testimo-

1339 702 1408 735 niis
1427 703 1642 741 osteuderit,
1667 716 1738 749 quo
1757 704 1828 737 alio
1847 704 1974 737 ordine
1991 715 2132 737 menses
2147 700 2345 736 Athenien-

1311 765 1313 791 ξ
1339 754 1430 787 sium
1459 754 1649 795 collocari,
1678 762 1712 788 et
1738 758 1923 801 quomodo
1950 769 2030 789 cum
2051 754 2192 789 Latinis
2215 754 2346 789 mensi-

1339 806 1404 840 bus
1423 806 1593 851 coniungi
1613 808 1787 849 debeant,
1816 814 1855 842 ut
1877 808 2007 842 rectius
2031 821 2111 842 curn
2132 819 2345 852 graecorum

1338 859 1557 903 scriptorum
1584 859 1772 894 sententiis
1796 867 2016 904 congruant,
2050 871 2143 906 quae
2166 871 2273 900 sane,
2307 865 2347 892 ut

1340 910 1375 943 in
1394 923 1431 944 re
1450 911 1556 943 dubia
1580 918 1729 956 propter
1747 913 2022 958 antiquitatem,
2049 912 2245 957 aliquando
2263 916 2347 945 sunt

1311 970 1313 986 ³
1339 962 1616 998 diversissimae.

279 1436 538 1477 Februarium,
564 1432 731 1483 ὃύστρον
750 1433 943 1474 Martium,
976 1439 1010 1465 et
1034 1431 1083 1465 sic
1104 1430 1285 1474 deinceps.
1312 1443 1313 1448 ¹

279 1489 328 1523 Et
351 1488 443 1523 hanc
473 1489 651 1523 mensium
678 1486 998 1520 Macedonicorum
1034 1496 1113 1517 cum
1140 1481 1286 1516 lulianis

280 1541 543 1576 connexionem
576 1541 767 1574 confirmat
796 1545 1011 1583 perpetuum
1037 1533 1284 1569 testimonium

281 1594 432 1635 Suidae,
462 1593 524 1640 qui
551 1605 676 1627 omnes
698 1593 772 1626 sere
798 1588 864 1624 hos
882 1602 1021 1624 menses
1045 1587 1114 1621 illis
1139 1585 1285 1620 Iulianis

281 1647 445 1692 copulat,
474 1645 604 1692 quibus
622 1658 687 1679 nos
704 1644 845 1677 ratione
861 1642 1087 1676 Ebraeorum
1107 1638 1284 1672 mensium

282 1711 324 1733 ex
340 1695 493 1743 Iosepho
518 1710 577 1732 eos
598 1696 815 1743 aptavimus.

386 1750 509 1796 Quare
527 1750 634 1784 etiam
662 1750 705 1783 de
724 1746 969 1782 Macedonicis
988 1743 1171 1779 mensibus
1187 1741 1285 1775 nulla

281 1809 333 1838 est
357 1802 556 1843 dubitatio,
593 1802 681 1849 quin
707 1799 775 1835 1106
792 1801 903 1834 modo
927 1812 1007 1833 cum
1032 1795 1179 1830 Iulianis
1203 1806 1287 1827 con-

281 1862 431 1901 gruant,
459 1862 499 1889 ut
516 1855 651 1889 dictum
669 1861 740 1894 est,
767 1852 932 1900 quamvis
951 1851 1127 1894 interpres
1143 1843 1287 1891 Iosephi
1313 1869 1315 1884 ,

280 1920 420 1943 menses
436 1907 693 1942 Macedonicos
715 1917 858 1950 semper
882 1917 961 1939 cum
990 1900 1288 1949 praecedentibus

281 1961 534 1995 Romanorum
561 1959 745 1994 mensibus
771 1958 983 2002 coniungat,
1011 1963 1051 1992 ut
1068 1953 1287 1989 Xanthicum
1314 1997 1316 2009 ³

283 2027 362 2048 cum
381 2013 538 2053 Martio,
555 2011 790 2046 Artemisium
810 2023 890 2045 cum
908 2010 1045 2056 Aprili,
1074 2016 1108 2043 et
1128 2015 1288 2043 caeteros
1314 2015 1316 2030 ’·

283 2067 410 2100 eodem
429 2066 560 2106 modo,
589 2071 730 2099 secutus
748 2063 894 2097 illorum
916 2063 1096 2096 rationem
1109 2089 1118 2103 ‚
1148 2061 1209 2107 qui
1226 2058 1288 2093 Ni—

282 2131 367 2159 san,
396 2118 554 2164 primum
581 2116 800 2151 Iudaeorum
820 2127 1002 2156 mensem,
1039 2128 1119 2149 cum
1152 2112 1288 2147 Martio

281 2178 407 2205 nostro
441 2170 632 2215 copulant,
678 2170 775 2215 quod
811 2168 1040 2202 incommode
1071 2167 1149 2201 fieri
1179 2178 1287 2212 supra

283 2222 518 2258 ostendimus.

485 2316 548 2350 De
585 2315 819 2349 mensibus
855 2314 1090 2362 Atticis.‘-'⁶)

387 2385 438 2420 lta
465 2384 638 2419 habemus
664 2385 735 2418 iam
760 2397 899 2419 menses
918 2385 1002 2419 -illos
1035 2397 1114 2419 cum
1141 2383 1288 2420 Iulianis

284 2439 515 2478 coniunctos,
552 2438 612 2483 qui
642 2439 686 2471 ad
718 2437 968 2482 intelligendas
992 2437 1150 2471 Biblicas
1176 2435 1287 2472 histo-

284 2491 356 2525 rias
372 2490 563 2524 necessarii
581 2496 675 2523 sunt.

388 2542 457 2576 Sed
477 2541 560 2588 quia
583 2541 759 2582 diximus,
789 2554 830 2575 ex
851 2541 1003 2575 aliarum
1032 2555 1177 2588 quoque
1204 2555 1286 2587 gen-

284 2595 373 2628 tium
390 2593 571 2633 historiis,
601 2600 634 2627 et
658 2594 813 2627 maxime
832 2594 999 2635 Graecis,
1029 2596 1204 2640 quaedam
1222 2607 1287 2629 no—

286 2653 362 2679 tatu
382 2647 488 2691 digna
514 2646 550 2679 in
569 2645 784 2679 Calendario
810 2646 943 2690 signari
966 2648 1114 2688 debere,
1143 2654 1287 2692 oportet

319 2757 368 2790 26)
389 2757 502 2791 Atticis]
523 2759 564 2784 sic
582 2760 632 2784 Ed.
652 2760 694 2789 23
715 2760 763 2785 Ed.
786 2760 808 2787 l.
827 2761 1051 2786 Atheniensibus.

1442 1014 1512 1048 Sed
1539 1028 1603 1049 nos
1625 1027 1821 1061 sequamur
1842 1015 2040 1049 doctissimi
2070 1014 2190 1048 Gazae
2221 1014 2347 1047 admo-

1339 1067 1423 1099 dum
1444 1067 1698 1101 verisimilibus
1716 1068 1918 1102 ratiouibus
1936 1068 2188 1101 confirmatam
2205 1072 2347 1100 senten-

1339 1119 1425 1151 tiam
1454 1119 1497 1151 de
1523 1120 1705 1153 mensibus
1727 1120 1877 1161 Atticis,
1905 1132 2012 1166 quam
2040 1120 2086 1152 ad
2112 1115 2209 1152 hunc
2234 1130 2347 1165 usque

1339 1171 1433 1204 diem
1453 1183 1584 1216 magno
1603 1184 1778 1206 consensu
1795 1172 2029 1206 eruditissimi
2051 1170 2120 1204 viri
2144 1170 2183 1203 in
2198 1169 2348 1215 Europa

1339 1223 1609 1268 approbarunt,
1638 1237 1718 1258 cum
1746 1225 1874 1258 melior
1897 1222 2022 1258 baberi
2050 1234 2127 1256 non
2151 1222 2286 1267 possit,
2315 1227 2350 1255 et

1340 1277 1548 1315 credamus,
1586 1274 1679 1309 lmnc
1713 1277 1819 1310 suisse
1852 1277 2017 1310 ordinem
2050 1274 2229 1309 mensium
2251 1275 2349 1318 apud

1338 1326 1595 1368 Athenienses,
1630 1328 1691 1374 qui
1731 1341 1868 1362 annum
1895 1326 2116 1362 inchoabant
2149 1339 2167 1359 a
2194 1325 2348 1360 solstitio

1340 1380 1496 1420 aestivo,
1533 1386 1571 1413 ut
1597 1381 1734 1424 primus
1760 1381 1921 1426 ipsorum
1949 1380 2080 1414 mensis
2106 1377 2214 1413 suerit
2240 1375 2347 1412 ‘Exa-

1340 1428 1548 1478 τομβαιών.

1493 1483 1678 1517 Secundus
1845 1480 2146 1531 ῙἉεταγειτνιών.

1496 1534 1642 1569 Tertius
1848 1531 2110 1581 Βοηδρομιών.

1496 1586 1575 1631 Qua
1582 1594 1656 1620 rtus
1846 1580 2167 1632 Dlaoepcamnptuiv.

1497 1639 1654 1683 Quintus
1845 1634 2097 1685 Πυανεψιών.

1496 1691 1622 1725 Sextus
1838 1685 2125 1736 Ἀνθεστηριών.

1497 1742 1678 1787 Septimus
1846 1739 2080 1778 Ποσειὸεών.

1496 1794 1656 1830 Octavus
1848 1793 2065 1841 Γαμηλιιύν.

1498 1847 1625 1882 Nonus
1841 1841 2141 1894 Ἐλαφηβολιών.

1496 1899 1666 1934 Decimus
1847 1893 2098 1943 111ουνυχιών.

1500 1951 1721 1986 Undecimus
1849 1948 2082 1999 Θαργηλιὼν.

1497 2004 1743 2038 Duodecimus
1846 1997 2130 2050 Σκιροφοριών.

1447 2057 1617 2092 Ostendit
1634 2063 1754 2090 autem
1772 2056 1868 2090 Gaza
1898 2055 1984 2089 satis
2011 2053 2236 2087 evidentibus
2254 2051 2350 2086 testi-

1315 2111 1317 2130 ”
1344 2110 1495 2151 moniis,
1515 2108 1808 2155 ἑκατομβαιῶνα
1825 2108 1931 2142 suisse
1947 2106 2158 2141 solstitalem
2177 2117 2350 2145 mensem,

1343 2163 1621 2208 respondentem
1654 2168 1780 2196 nostro
1808 2160 1912 2195 lunio
1939 2161 2034 2199 sere,
2063 2165 2098 2192 et
2119 2155 2349 2193 ποσειδεώνα

1341 2215 1564 2256 brumalem,
1607 2215 1886 2260 respondentem
1925 2217 2050 2247 nostro
2084 2209 2276 2245 Decembri
2309 2214 2350 2242 ut

1342 2268 1553 2314 plurimum.
1608 2267 1731 2313 Quare
1748 2265 1918 2300 Ianuario
1947 2270 2121 2310 congruet
2139 2259 2349 2312 γαμηλιών,

1340 2319 1540 2355 Februario
1565 2317 1846 2367 ἐλαφηβολιών,
1874 2325 1909 2352 et
1928 2316 2061 2364 reliqui
2090 2315 2348 2350 convenienter

1341 2374 1483 2408 ratione
1501 2372 1651 2407 ordinis.

1533 2459 1593 2493 De
1631 2458 1867 2493 mensibus
1907 2455 2162 2504 Aegyptiis.

1444 2531 1503 2566 Fit
1524 2531 1656 2565 alicubi
1677 2530 1714 2564 in
1737 2529 1974 2575 scriptoribus
1999 2526 2154 2572 graecis,
2187 2524 2344 2559 maxime

1340 2584 1596 2619 Ecclesiasticis
1607 2584 1713 2617 etiam
1725 2582 1861 2616 mentio
1872 2579 2133 2627 Aegyptiorum
2153 2577 2345 2618 mensium,

1342 2650 1432 2684 quos
1456 2643 1578 2670 tamen
1602 2642 1641 2669 ut
1665 2641 1776 2670 statos
1802 2641 1837 2668 et
1858 2634 1946 2667 fixos
1979 2633 2023 2665 ab
2056 2631 2125 2665 illis
2150 2635 2344 2674 usurpatos

1340 2690 1468 2729 fuisse,
1490 2702 1584 2730 uon,
1610 2695 1648 2722 ut
1672 2700 1778 2733 supra
1800 2687 1934 2720 dictum
1955 2691 2026 2726 est,
2054 2683 2204 2717 mobiles
2229 2688 2264 2715 et
2279 2692 2343 2714 va-

1342 2748 1465 2788 gantes
1483 2755 1546 2787 per
1564 2753 1689 2775 omnes
1706 2739 1793 2774 anni
1811 2745 1931 2784 partes
1948 2735 2131 2784 (qualibus
2142 2732 2342 2769 Mathema-
