2389 3037
562 712 771 755 XCVII.
831 711 1007 753 PHIL.
1043 710 1206 751 MEL.
1240 704 1627 750 SYN'PAXIS.

61 821 292 880 Melanthonis
315 850 498 888 Syntaxis
523 850 642 887 linguae
667 849 792 885 latinae,
823 855 898 885 qnae
923 846 991 874 inde
1017 847 1053 874 ab
1075 856 1151 874 anno
1177 843 1271 874 1532.
1296 844 1466 881 saepissime
1491 852 1555 870 cum
1581 842 1643 870 eius
1666 841 1865 869 Grammatica
1888 841 1994 877 latina,
2022 841 2051 869 id
2075 847 2130 878 est,

61 904 128 923 cum
140 886 332 932 Etymologia
346 894 431 922 huius
445 893 566 931 linguae
590 893 747 919 coniuncta
770 891 895 929 prodiit,
918 890 1046 928 primum
1069 889 1191 917 seorsim
1216 888 1295 916 edita
1319 894 1348 915 et
1373 888 1413 914 sic
1437 886 1571 924 pluribus
1586 885 1770 912 Editionibus
1794 885 1872 912 vario
1897 884 1981 912 modo
2005 886 2131 922 repetita

60 944 115 967 est.
161 938 238 966 Nam
261 938 289 965 in
316 937 371 965 hoc
394 945 512 974 quoque
536 945 627 973 opere
651 936 788 972 plures
811 939 965 961 aetates
989 939 1057 960 sunt
1080 932 1329 969 distinguendae,
1354 939 1477 968 quarum
1502 930 1625 967 prima
1649 937 1699 956 eas
1723 928 1949 966 comprehendit
1968 927 2131 964 Editiones,

60 982 136 1019 quae
159 981 313 1010 continent
338 980 550 1017 Syntaxiu,
580 979 708 1017 qualis
731 979 773 1005 ab
796 978 880 1014 ipso
903 982 1065 1004 auctore
1090 976 1240 1012 scripta
1264 980 1332 1002 est.

365 1040 457 1067 Huius
479 1039 584 1067 aetatis
608 1037 661 1066 Ed.
687 1037 827 1075 princeps
846 1035 956 1073 prodiit
979 1035 1140 1073 Hagenoae
1163 1046 1190 1066 a.
1216 1035 1311 1065 1526.
1335 1036 1374 1063 sic
1399 1035 1556 1071 inscripta:

190 1098 366 1140 Syntaxz's
390 1097 550 1138 Philippi
571 1095 736 1127 Melanch.
762 1095 836 1126 Iam
860 1104 977 1124 recens
1000 1101 1085 1124 ‘nata
1109 1100 1141 1124 et
1165 1095 1268 1125 edita.
1325 1093 1503 1131 Exempla
1530 1092 1654 1130 Copiae
1678 1090 1802 1120 latini
1822 1093 2000 1128 sermonis,
2029 1092 2134 1122 adno-

235 1147 309 1171 tata
334 1151 357 1170 a
379 1140 522 1173 Nicolao
546 1138 716 1172 Liburnia
747 1138 890 1173 Veneto,
923 1148 943 1167 (ι
968 1138 1113 1178 quodam
1136 1139 1286 1168 studioso
1312 1138 1427 1167 multis
1451 1138 1485 1165 in
1509 1136 1591 1165 locis
1617 1139 1729 1163 aucta.

858 1222 1015 1254 Eobanus
1038 1222 1168 1254 Hessus
1195 1225 1341 1254 Lectori.

696 1287 803 1311 Icarus
823 1287 850 1310 et
870 1287 1003 1311 Phaetcm
1021 1288 1147 1318 pereunt
1167 1287 1234 1311 (lum
1254 1292 1368 1310 summa
1387 1284 1502 1309 relictis

763 1329 915 1361 Affectant
933 1330 1083 1359 minimis,
1111 1331 1158 1354 hic
1178 1329 1289 1361 fluuio,
1316 1329 1367 1352 ille
1386 1328 1473 1352 mari.

690 1373 815 1398 Illorum
834 1374 961 1403 exemplo
982 1380 1018 1398 ne
1036 1375 1078 1398 sis
1096 1375 1254 1402 incautus,
1282 1373 1318 1397 ub
1340 1373 1406 1396 imis

763 1417 827 1447 Qua
847 1417 914 1441 bene
933 1423 1046 1441 summa
1064 1418 1148 1448 petas
1168 1417 1291 1441 noueris
1311 1422 1373 1440 esse
1393 1416 1483 1439 uiam.

692 1459 790 1489 Quare
809 1466 863 1492 aye
881 1460 931 1491 qui
950 1467 1093 1485 summam
1112 1461 1283 1485 studiorum
1299 1460 1396 1484 tendis
1417 1459 1456 1482 ad
1474 1463 1573 1482 arcem

763 1502 922 1535 Nunquam
942 1504 1117 1535 displiceant
1139 1504 1210 1529 haec
1229 1504 1372 1528 elementa
1391 1503 1455 1527 tihi.

190 1575 234 1581 —-
257 1556 309 1597 (ln
332 1556 424 1596 fine:)
455 1553 670 1592 Haganoae,
700 1564 764 1593 per
784 1554 903 1585 iehan.
923 1553 1115 1593 Secerium,
1148 1555 1253 1586 Anno
1277 1554 1324 1585 M.
1337 1553 1378 1584 D.
1391 1550 1529 1584 XXVI.
1560 1550 1676 1581 Mense
1702 1551 1831 1587 Iunio„
1855 1562 1942 1591 quam
1966 1553 2135 1583 Clausulam

235 1601 425 1639 subsequitur
449 1598 569 1636 Insigne
594 1605 727 1637 typogr.:
758 1599 897 1636 scutum,
920 1601 947 1627 in
973 1611 1030 1638 quo
1057 1601 1119 1628 Iani
1145 1606 1233 1638 caput
1261 1599 1371 1628 bifrons
1395 1605 1449 1628 est.
1496 1596 1537 1626 16
1559 1597 1658 1635 plagg.
1684 1596 1738 1625 litt.
1754 1597 1864 1630 A·—-Q
1884 1597 1968 1634 sign„
1992 1595 2056 1626 128
2072 1598 2137 1628 soll.

237 1654 296 1672 non
320 1654 420 1680 num.,
451 1642 480 1673 8.
517 1642 586 1681 (sol.
605 1646 627 1671 A
649 1641 785 1671 lb—22'
817 1643 933 1670 loannis
956 1643 1071 1671 Secerii
1094 1644 1223 1682 epistola
1248 1643 1464 1680 nuncupatoria
1487 1641 1524 1669 ad
1548 1641 1702 1668 Erasmum
1726 1640 1892 1675 Ebnerum5
1929 1641 1981 1670 fol.
2006 1643 2027 1669 A
2048 1640 2135 1670 2⁵—

236 1686 317 1716 C6³
342 1686 518 1715 Melanthon
541 1685 580 1713 de
604 1685 746 1722 Syntaxi;
777 1685 830 1713 fol.
847 1686 870 1713 C
886 1685 1022 1716 (ib—8³
1053 1687 1126 1715 Mel.
1155 1686 1192 1715 de
1217 1686 1366 1719 Periodis;
1391 1685 1481 1714 foke·
1499 1682 1624 1714 Sb—D
1639 1682 1679 1712 5¹³
1708 1684 1778 1712 Eius
1800 1684 1956 1719 Prosodia3
1986 1684 2039 1713 sol.
2058 1685 2136 1714 D6·

234 1730 313 1762 —Q
327 1729 369 1758 7⁸
399 1729 549 1765 Exempla
575 1729 678 1765 copiae
708 1729 792 1756 latini
814 1731 974 1766 sermonis,
1011 1730 1149 1758 adnotata
1177 1739 1194 1757 a
1218 1730 1339 1758 Nicolao
1362 1729 1502 1756 Liburnio
1525 1727 1659 1763 Venem,
1695 1736 1711 1754 a
1735 1727 1861 1765 quodam
1885 1728 2014 1756 studioso
2039 1730 2137 1756 multis

237 1774 267 1800 in
289 1773 362 1800 locis
385 1777 485 1805 aucta3
522 1771 574 1799 fol.
599 1771 626 1803 Q
641 1769 681 1800 7¹³
710 1771 749 1800 N.
774 1771 907 1799 Liburnii
930 1773 1068 1810 postfatio
1093 1773 1129 1801 ad
1156 1773 1354 1810 Eloquentiae
1378 1772 1578 1807 candidatos,
1610 1771 1761 1798 subiuncta
1784 1770 1942 1805 Clausulam
1977 1770 2032 1800 fol.
2055 1772 2082 1805 Q
2101 1771 2136 1799 8¹

235 1814 356 1853 Insigne
381 1820 515 1852 typogr.;
555 1814 606 1842 sol.
630 1815 657 1848 Q
672 1813 712 1843 8¹³
744 1814 854 1853 vacat).
869 1814 900 1853 *)

151 1876 195 1906 Ad
219 1876 304 1905 huius
327 1875 383 1904 Ed.
407 1875 554 1912 originem
577 1874 802 1910 illustrandam,
833 1874 945 1903 Secerii
968 1876 1123 1913 epistolam
1146 1885 1277 1913 nuncup.
1302 1875 1331 1902 h.
1349 1875 1368 1903 1.
1392 1874 1501 1902 affero:

701 1958 846 1990 Ioannes
871 1960 1045 1995 seb-erius,
1078 1959 1221 1991 Erasmo
1247 1958 1377 1990 Ebnero
1401 1958 1435 1989 S.
1458 1959 1503 1990 D.

197 2023 371 2060 Syntaxeon
403 2021 662 2049 commentariolus
692 2022 752 2050 huc
775 2023 881 2050 allatus
907 2028 967 2059 est,
1000 2032 1106 2061 quern,
1141 2032 1207 2050 cum
1232 2022 1424 2050 ostendissem
1451 2021 1573 2049 eruditis
1597 2020 1770 2058 quibusdam
1793 2020 1880 2054 viris,
1912 2020 1955 2048 illi
1979 2029 2037 2048 non
2061 2021 2138 2048 indi-

66 2076 155 2106 gnum
188 2075 253 2094 esse
283 2065 509 2101 iudicaverunt,
539 2065 587 2102 qui
617 2065 647 2092 in
679 2065 831 2103 publicum
863 2065 1015 2094 ederetur.
1074 2067 1151 2099 Quia
1175 2075 1246 2094 vero
1269 2066 1306 2093 ad
1330 2071 1395 2093 tuos
1419 2075 1452 2092 ac
1477 2063 1732 2092 contubernalium
1755 2069 1869 2091 tuorum
1894 2073 1979 2100 usus,
2009 2064 2138 2101 primum

65 2110 178 2148 accipio
203 2109 345 2147 scriptum
370 2117 436 2136 esse
450 2107 511 2144 **),
540 2107 743 2136 existimabam
768 2109 918 2146 auspicato
944 2118 991 2137 me
1016 2109 1164 2137 editurum
1190 2118 1273 2145 esse,
1306 2110 1330 2137 si
1354 2109 1406 2136 snb
1431 2114 1478 2136 tuo
1503 2108 1620 2136 nomine
1644 2106 1836 2145 publicarem.
1883 2108 1958 2135 Nam
1982 2117 2047 2135 cum
2070 2108 2138 2145 plu-

65 2155 171 2182 rimum
204 2152 307 2181 studiis
337 2152 394 2180 tuis
424 2151 598 2187 contulerit,
636 2152 800 2189 pollicebar
823 2152 893 2179 mihi
918 2152 1000 2189 fore,
1035 2158 1068 2180 ut
1093 2162 1227 2190 magnam
1253 2152 1408 2180 utilitatem
1434 2152 1461 2179 in
1488 2152 1656 2178 universum
1680 2150 1786 2178 scholis
1808 2151 1973 2188 puerilibus
1995 2150 2138 2179 adferret.

65 2197 129 2234 Ego
154 2196 233 2224 enim
257 2196 334 2223 hanc
358 2203 452 2222 meam
478 2193 624 2222 officinam
649 2195 785 2232 profecto
811 2197 912 2233 cupio,
940 2196 963 2223 si
988 2195 1058 2223 nihil
1083 2196 1163 2224 aliud
1187 2201 1341 2234 praestare
1365 2205 1501 2233 possum,
1526 2194 1635 2222 nemini
1651 2202 1770 2221 nocere.
1814 2193 1915 2223 Adieci
1931 2200 2030 2222 autem
2049 2203 2139 2232 prae-

67 2241 162 2278 ceptis
193 2239 232 2267 de
256 2238 400 2276 Syntaxi,
430 2247 489 2265 non
520 2238 767 2266 contemnendum
800 2247 940 2266 acervum
972 2239 1164 2267 formularum
1190 2239 1273 2266 latini
1297 2239 1455 2274 sermonis,
1490 2246 1562 2275 quas
1586 2243 1723 2275 tanquam
1748 2238 1777 2264 in
1801 2246 1971 2266 communes
1992 2238 2069 2265 locos
2094 2239 2140 2266 di-

68 2284 158 2322 gessit
181 2282 341 2310 Liburnius
365 2281 528 2319 quispiam.
561 2280 662 2317 homo,
686 2287 717 2310 ut
743 2281 887 2320 adparet,
916 2282 1052 2319 diligens.
1101 2283 1176 2311 Nam
1201 2283 1344 2310 sermonis
1368 2284 1536 2320 proprietas
1561 2286 1590 2309 et
1614 2281 1687 2308 ratio
1710 2280 1866 2318 loquendi,
1895 2291 1982 2320 quam
2007 2278 2140 2321 φράσιν

67 2331 192 2363 vocant,
221 2325 309 2353 latius
342 2330 425 2362 patet
458 2323 566 2361 multo,
599 2334 687 2362 quam
719 2330 749 2352 ut
781 2334 819 2353 ex
851 2326 919 2353 solis
950 2326 1119 2363 praeceptis
1150 2326 1361 2363 comprehendi
1391 2325 1491 2362 possit.
1543 2324 1644 2356 Quare
1673 2323 1858 2352 adhibendae
1881 2331 1950 2354 sunt
1973 2325 2138 2354 huiusmodi

68 2369 233 2404 formulae,
257 2377 329 2406 quas
353 2367 382 2394 in
409 2367 578 2405 quotidiano
603 2376 739 2396 sermone
763 2368 913 2396 imitemur
938 2376 967 2397 et
992 2369 1202 2406 exprimamus.
1254 2369 1543 2405 Quantuluscunque
1566 2374 1664 2395 autem
1687 2367 1790 2395 harum
1814 2368 1975 2405 figurarum
1999 2378 2139 2397 numerus

68 2418 132 2449 est,
162 2417 263 2440 tamen
286 2412 443 2449 ingentem
468 2415 553 2447 putes
577 2410 748 2439 thesaurum
774 2412 825 2439 tibi
849 2412 968 2439 domum
992 2411 1114 2440 adferri.
1174 2412 1207 2439 Si
1230 2413 1308 2440 enim
1334 2418 1415 2440 recte
1439 2412 1594 2445 aestimes,
1626 2416 1668 2439 tot
1691 2411 1814 2439 uniones
1837 2418 1885 2440 aut
1909 2413 1933 2440 si
1957 2421 2033 2450 quae
2057 2421 2138 2450 gem-

69 2465 137 2484 mae
167 2455 362 2494 pretiosiores
392 2459 476 2490 sunt,
516 2453 690 2489 mittuntur,
727 2454 805 2492 quod
834 2455 862 2482 in
893 2455 947 2483 hoc
977 2455 1188 2483 commentario
1222 2462 1325 2483 extant
1357 2462 1474 2483 veteres
1501 2461 1531 2482 et
1555 2463 1698 2492 germane
1722 2454 1831 2483 latinae
1853 2456 1966 2493 figurae
1988 2455 2139 2494 loquendi.

71 2497 180 2536 Neque
209 2498 286 2527 enim
321 2503 371 2526 ant
401 2506 533 2535 purpura
557 2497 634 2533 ulla,
666 2502 716 2525 aut
741 2498 822 2525 ullae
845 2507 981 2535 gemmae
1005 2499 1044 2526 sic
1068 2505 1175 2527 ornant
1198 2498 1363 2535 hominem,
1394 2504 1425 2526 ut
1450 2496 1498 2525 vel
1524 2498 1679 2526 mediocris
1701 2497 1848 2528 facundia.
1902 2499 2032 2528 Proinde
2056 2504 2138 2535 grato

70 2542 168 2569 auimo
190 2541 246 2569 hoe
269 2550 375 2569 munus
399 2541 518 2578 accipe,
543 2540 621 2578 quod
647 2540 765 2577 quidem
793 2550 849 2569 non
873 2541 974 2570 dubito
1000 2542 1049 2569 tibi
1073 2542 1248 2579 placiturum
1273 2551 1355 2578 esse,
1379 2542 1402 2569 si
1426 2550 1534 2580 perges
1557 2549 1664 2579 urgere
1687 2541 1718 2570 id
1741 2541 1904 2571 studiorum
1929 2551 2037 2580 genus,
2060 2541 2137 2579 quod

81 2691 84 2694 ,
106 2666 139 2699 *)
160 2667 237 2692 naec
258 2668 322 2699 Eut,
349 2676 431 2700 quam
451 2670 606 2694 Strobelius
625 2670 654 2693 in
676 2670 693 2693 1.
716 2669 790 2693 Neue
806 2671 949 2701 Beytrage
968 2676 1020 2694 zur
1041 2670 1106 2696 Litt.
1128 2671 1186 2695 bes.
1207 2670 1255 2693 des
1275 2669 1351 2694 XVI.
1370 2670 1468 2694 Jahrb.
1501 2671 1575 2694 Tom.
1595 2670 1639 2694 111.
1671 2671 1754 2696 Fase.
1768 2669 1793 2694 2.
1818 2677 1843 2700 p.
1858 2669 1916 2699 43.‚
1950 2668 1982 2694 fl.
2008 2675 2062 2693 von
2089 2670 2138 2694 der

142 2703 231 2761 :dgr-dt
244 2704 363 2761 Autogr.
383 2705 498 2729 Lutheri
519 2708 545 2729 et
564 2705 600 2728 al.
620 2706 694 2729 Tom.
711 2704 756 2728 ΙΙΙ.
783 2711 807 2734 p.
826 2705 882 2729 147.
904 2707 930 2728 et
952 2705 1098 2729 Panzerus
1118 2706 1145 2729 in
1165 2706 1265 2729 Annal.
1288 2707 1402 2735 typogr.
1429 2705 1493 2730 Vol.
1511 2706 1572 2730 vu.
1593 2713 1617 2736 p.
1631 2706 1673 2730 96.
1694 2712 1737 2730 nr.
1753 2705 1812 2730 234.
1833 2705 1998 2735 recensent,
2024 2704 2053 2728 in
2071 2705 2141 2729 meis

154 2744 162 2760 ι
183 2744 223 2761 ris
243 2744 295 2762 es.

82 2804 86 2807 Α
108 2780 160 2812 **)
180 2782 261 2808 conf.
283 2788 352 2813 quae
374 2790 460 2814 supra
478 2791 503 2815 p.
520 2785 569 2808 193
586 2791 645 2815 sqq.
671 2784 704 2808 de
724 2785 904 2814 Etymolozia
924 2785 950 2809 iu
970 2792 1049 2809 usum
1069 2785 1181 2809 Erasmi
1203 2785 1303 2809 Ebneri
1326 2785 1429 2814 scripta
1450 2785 1575 2808 diximus,

76 2823 259 2856 namura.
284 2825 391 2856 opm.
417 2826 502 2857 Vm..
527 2827 599 2858 XX.
1519 2823 1567 2869 22
