2421 3037
275 112 347 147 311
865 112 990 148 PHlL.
1027 113 1142 149 MEL.
1177 112 1385 147 SCRIPTA
1419 112 1764 150 PHILOLOGICA,
2274 121 2351 158 312

328 197 525 233 Contundo
614 199 763 232 contudi
909 206 1114 239 contusum,
1142 200 1192 234 sic
1209 213 1286 234 cae-
1394 199 1516 245 Diligo
1649 201 1759 236 dilexi
1902 202 2072 237 dilectum

974 258 1050 285 tera
1071 253 1286 297 composita.
1393 252 1523 297 Tango
1652 254 1754 298 tetigi
1905 261 2039 289 tactum

326 302 453 336 Pendo
599 302 757 346 pependi
914 316 1065 348 pensum
1392 305 1522 348 Pungo
1649 305 1788 350 pupugi
1812 313 1846 339 et
1869 307 1983 351 punxi
2007 314 2195 352 punctum.

328 353 516 398 Suspendo
597 353 769 398 suspendi
916 368 1129 400 suspensum
1394 356 1573 401 Expungo
1655 357 1813 402 expunxi
1838 365 2001 400 tantum,
2031 365 2265 405 expunctum.

326 405 456 438 Fundo
594 405 673 438 sudi
916 408 1048 442 fusum.
1393 408 1520 453 Pango
1656 409 1779 454 pepigi
1796 416 1830 443 et
1845 412 1968 455 panxi‚
1996 418 2142 456 pactum
2154 438 2164 452 ‚
2187 418 2240 446 est
2255 411 2351 445 idem

326 456 445 490 Findo
591 457 655 490 fidi
917 460 1053 494 fissum.
1342 462 1442 506 quod
1460 461 1551 505 figo,
1579 467 1707 494 natum
1732 474 1750 495 a
1768 461 1909 496 Graeco
1934 464 2046 497 verbo
2069 459 2229 512 πηγνύω
2253 464 2352 497 vide-

326 507 460 542 Scindo
592 508 682 542 scidi
922 512 1071 546 scissum
1342 518 1412 547 tur.
1474 512 1580 546 Unde
1610 519 1644 546 et
1671 513 1811 547 clavum
1837 526 1995 560 pangere
2018 515 2145 550 Livius
2173 515 2285 557 dixit,
2317 521 2352 550 et

326 559 406 593 Edo
593 560 652 594 edi
923 576 1022 598 esum
1342 563 1544 598 Columella
1565 565 1753 600 malleolos
1769 578 1947 611 pangere,
1975 574 2010 601 et
2032 569 2222 614 depactam
2246 579 2352 614 quer·

329 612 490 645 Comedo
591 613 734 646 comedi
919 628 1102 649 comesum
1118 620 1153 647 et
1168 626 1287 647 corne-
1343 628 1423 650 cum
1444 617 1599 651 Plinius.

459 670 566 698 stum.
617 664 677 698 Sic
695 666 894 710 composita
918 679 936 700 a
954 666 1112 700 themate
1131 665 1287 700 variant.
1554 676 1721 723 Impingo
1882 679 2038 725 impegi,

327 715 428 749 PedO
584 717 734 762 pepedi,
762 718 839 751 ⁵5¹¹ss
866 719 1010 763 SUPiUO·
1446 728 1579 763 Scribit
1597 730 1693 763 enim
1711 730 1920 766 Priscianus
1941 744 1960 765 a
1986 744 2107 777 pango
2135 730 2244 765 etiam
2270 730 2353 777 pegi

378 776 411 808 A
432 776 510 810 sido
528 776 736 812 Priscianus
762 779 902 812 nullum
928 779 1015 813 dicit
1040 785 1161 813 extare
1182 790 1287 823 prae—

276 834 437 863 teritum.

380 880 412 913 A
430 881 477 913 do
497 881 696 925 composita
723 881 911 925 geminant
931 883 1088 927 primam
1108 882 1285 929 syllabam

275 932 463 978 praeteriti
476 946 482 965 2

435 983 562 1018 Condo
672 985 820 1018 condidi
927 985 1116 1019 conditum

433 1035 561 1070 Reddo
668 1036 811 1070 reddidi
925 1038 1123 1072 redditum.

379 1096 450 1130 Sed
475 1098 658 1130 abscondo
687 1097 861 1131 abscondi
889 1098 1165 1140 absconditum,
1200 1111 1286 1132 nam

273 1148 312 1181 in
345 1150 502 1182 secunda
529 1147 732 1194 Philippica
772 1148 856 1198 [42,
887 1147 993 1197 108.]
1020 1150 1206 1185 Ciceronis
1235 1157 1287 1185 est

274 1200 489 1235 absconditi.
543 1201 723 1235 Fecerunt
739 1208 774 1235 et
793 1203 1030 1243 absconsum,
1059 1215 1124 1247 ego
1150 1203 1186 1236 id
1210 1215 1286 1237 non

273 1252 425 1286 memini
444 1266 500 1286 ine
518 1254 648 1298 legere.

326 1304 423 1338 Cedo
454 1303 549 1349 (sine
574 1303 822 1351 diphthongo)
852 1306 938 1340 cessi
965 1319 1115 1341 cessum.

325 1356 425 1390 Cado
588 1358 720 1398 cecidi,
750 1358 867 1391 inedia
896 1358 1019 1397 brevi,
1048 1370 1185 1393 casum.

272 1407 379 1442 Unde
395 1421 508 1442 unum
534 1416 676 1443 tantum
695 1410 937 1455 compositum
955 1416 1072 1450 extat,
1100 1423 1260 1444 occasus.

273 1460 424 1494 Caetera
443 1473 461 1493 a
484 1462 593 1502 cado,
630 1463 759 1507 supina
780 1469 843 1495 aut
860 1462 1019 1496 verbalia
1041 1475 1116 1495 non
1134 1462 1283 1496 faciunt.

325 1512 446 1547 Caedo
464 1514 562 1560 (cum
581 1512 829 1561 diphthongo)
848 1515 995 1554 caecidi,
1022 1515 1140 1547 media
1161 1514 1284 1558 longa,

273 1577 431 1599 caesum.

429 1616 486 1650 Sic
513 1616 638 1650 occido

748 1617 863 1651 occidi
970 1617 1141 1652 occisum.

735 1684 816 1719 GO.

378 1746 565 1792 Plerisque
584 1746 753 1780 omnibus
770 1747 965 1791 praeterita
985 1748 1075 1781 fiunt
1092 1760 1158 1793 per
1175 1748 1222 1782 xi.

325 1798 440 1843 Cingo
459 1798 566 1839 cinxi,
587 1799 757 1839 cinctum,
777 1811 863 1831 nam
882 1799 917 1832 xi
936 1799 974 1832 in
993 1806 1089 1833 ctum
1107 1806 1282 1836 mutatur.

323 1850 426 1894 Rego
533 1851 610 1884 rexi
717 1857 854 1885 rectum

323 1902 439 1947 Pingo
533 1903 634 1948 pinxi
721 1903 857 1948 pictum
871 1930 880 1943 ,
908 1916 933 1937 n
953 1904 1086 1939 abiicit.

322 1954 439 1999 Fingo
530 1955 618 1988 finxi
721 1956 843 1989 fictum
856 1982 865 1995 ‚
893 1969 917 1989 n
934 1956 1069 1991 abiicit.

322 2007 443 2052 Tingo
531 2007 620 2041 tinxi
719 2007 872 2041 tinctum

321 2059 350 2092 F
352 2059 411 2104 igo
531 2060 591 2093 fixi
721 2060 844 2094 fixum.

373 2127 414 2162 In
434 2127 490 2163 his
509 2129 544 2174 gi
563 2129 751 2174 praeteriti
772 2126 960 2162 character
978 2136 1048 2163 est:

322 2190 401 2234 Ago
563 2191 619 2234 egi
779 2196 898 2223 actum
911 2216 921 2229 ‚
949 2189 998 2224 sic
1015 2196 1049 2223 et
1067 2190 1281 2235 composita,

323 2241 422 2285 Cogo
561 2242 661 2285 coegi
778 2248 942 2275 coactum

321 2293 467 2338 Frango
561 2294 651 2337 fregi
777 2295 931 2327 fractum

322 2344 487 2390 Effringo
558 2346 681 2390 effregi
780 2346 968 2379 effractum

320 2396 419 2441 Lego
558 2399 627 2442 legi
778 2399 911 2431 lectum

322 2449 462 2494 Colligo
556 2451 682 2494 collegi
784 2450 972 2483 collectum
989 2449 1033 2497 6).

375 2519 444 2553 Sed
464 2519 529 2552 tria
550 2532 567 2551 a
588 2520 666 2563 lego
687 2519 886 2564 composita
906 2519 941 2552 xi
959 2517 1109 2552 habent:

321 2579 474 2625 Negligo
584 2581 723 2624 neglexi
829 2581 1030 2624 neglectum

320 2631 485 2677 Intelligo
580 2633 740 2666 intellexi
832 2633 1052 2666 intellectum

306 2761 339 2789 6)
356 2762 438 2787 Editt.
461 2762 554 2789 1546...
575 2768 598 2785 S.
613 2767 637 2785 a.
657 2762 775 2785 addunt:
801 2761 882 2792 Eligo
921 2761 993 2792 elegi
1032 2762 1161 2786 electum.

1342 780 1579 823 praeteritum
1598 782 1717 817 fuisse.

1447 848 1551 894 Quae
1568 847 1704 884 habent
1720 864 1738 885 r
1758 858 1841 886 ante
1858 864 1923 897 go,
1951 853 2090 887 faciunt
2105 864 2171 898 per
2193 852 2223 887 si
2250 864 2354 898 prae-

1342 900 1503 936 teritum.

1630 964 1740 998 mersi

1628 1016 1745 1061 sparsi

1394 961 1522 1007 Mergo

1394 1013 1534 1059 Spargo

1845 976 2006 999 mersum

1846 1029 2011 1061 sparsum

1445 1084 1515 1117 Sed
1535 1096 1553 1117 a
1571 1096 1657 1129 rego
1677 1085 1879 1130 composita
1896 1084 2088 1118 imitantur
2107 1082 2248 1118 thema:

1918 1145 2037 1190 Pergo

1801 1223 1883 1258 ΗΟ.

1445 1282 1490 1316 Xi
1507 1284 1696 1328 praeteriti
1715 1282 1903 1318 character
1920 1291 1991 1325 est,
2020 1290 2117 1318 ctum
2137 1284 2271 1330 supini.

1393 1143 1510 1188 Surgo
1618 1146 1759 1179 surrexi
2144 1144 2300 1190 perrexi.

1309 1349 1314 1368 ¹
1390 1341 1495 1377 Veho
1655 1346 1737 1379 vexi
1898 1351 2040 1379 vectum

1390 1394 1516 1428 Traho
1655 1397 1749 1431 traxi
1900 1403 2068 1432 tractum.

1804 1474 1883 1509 LO.

1444 1532 1609 1577 Mutatur
1635 1534 1672 1567 in
1700 1534 1751 1568 lui
1775 1534 1815 1567 in
1840 1535 2067 1579 praeteritis,
2095 1533 2233 1579 Supina
2250 1531 2346 1570 ἂνα-

1337 1586 1506 1632 λογικῶς.

1391 1643 1480 1677 Colo
1642 1645 1738 1679 colui
1898 1645 2034 1679 cultum

1390 1695 1549 1730 Consulo
1643 1698 1808 1732 consului
1902 1698 2108 1732 consultum

1390 1747 1526 1782 Occulo
1645 1750 1788 1783 occului
1906 1749 2087 1782 occultum

1390 1800 1491 1835 Molo
1648 1801 1763 1835 molui
1907 1800 2076 1834 molitum

1388 1852 1457 1886 Alo
1651 1853 1725 1887 alui
1911 1853 2039 1886 alitum
2065 1858 2100 1885 et
2122 1852 2235 1888 altum

1389 1904 1483 1938 Volo
1652 1905 1752 1939 volui
1911 1904 1988 1939 sine
2012 1904 2157 1949 supino.

1440 1974 1543 2020 Quae
1561 1974 1749 2019 geminant
1765 1974 1796 2015 l,
1824 1971 1994 2008 nonnihil
2016 1973 2172 2008 variant.

1388 2034 1493 2069 Vello
1510 2035 1594 2068 velli
1611 2042 1645 2069 et
1663 2035 1767 2075 vulsi,
1795 2034 1964 2069 Lucanus
1982 2032 2129 2084 [Phars.
2144 2032 2204 2076 IX,
2221 2032 2344 2083 765.]:

1335 2087 1549 2133 Avulsitque
1575 2100 1708 2129 manu,
1735 2087 1921 2134 telumque
1944 2087 2057 2121 affixit
2081 2098 2225 2123 arenae.
2280 2088 2346 2123 Su-

1336 2140 1423 2185 pino
1442 2140 1619 2174 avulsum.

1387 2201 1490 2235 Fallo
1624 2199 1734 2234 fefelli
1893 2202 2021 2236 falsum

1386 2254 1488 2288 Pello
1622 2253 1746 2298 pepuli
1893 2255 2037 2299 pulsum

1386 2304 1538 2350 Depello
1620 2306 1744 2350 depuli
1890 2305 2079 2351 depulsum

1386 2357 1548 2392 Percello
1624 2358 1761 2402 perculi
1775 2385 1784 2398 ‚
1891 2358 2095 2403 perculsum
2109 2356 2153 2405 ⁷).

1386 2410 1530 2444 Excello
1621 2410 1771 2444 excellui
1792 2411 1982 2451 excelsum,
2004 2409 2341 2444 autorePrisciano.

1369 2549 1400 2581 7)
1420 2547 1546 2580 perculi,
1572 2548 1746 2579 perculsum]
1768 2548 1816 2572 Ed.
1836 2547 1927 2571 1546.:
1953 2546 2075 2578 perculi,
2096 2548 2124 2570 et
2141 2547 2215 2576 apud
2235 2548 2340 2571 Teren—

1402 2585 1469 2609 tium
1489 2583 1515 2606 in
1536 2583 1642 2607 Andria
1663 2583 1800 2613 perculsi:
1831 2582 1971 2606 perculsit
1995 2582 2059 2606 ilico
2086 2581 2215 2606 animum.
2255 2582 2338 2612 Supi-

1402 2626 1467 2643 num
1487 2620 1529 2642 est
1548 2620 1714 2648 perculsum.
1760 2618 1810 2642 Ed.
1824 2625 1847 2641 s.
1862 2623 1904 2642 a.:
1939 2618 2061 2647 perculi,
2095 2618 2123 2641 et
2142 2617 2214 2648 apud
2233 2617 2340 2640 Teren-

1404 2655 1470 2678 tium
1497 2654 1522 2676 in
1549 2654 1655 2677 Andria
1681 2653 1819 2684 perculsi:
1858 2652 1995 2676 Perculsit
2021 2652 2083 2676 ilico
2110 2653 2249 2684 animum,
2286 2651 2337 2675 etsi

1403 2689 1592 2714 emendatiora
1611 2689 1737 2719 exempla
1757 2688 1871 2719 legunt,
1892 2687 2047 2717 percussit,
2067 2687 2139 2711 sicut
2156 2687 2253 2712 Cicero
2268 2691 2338 2717 quo-

1403 2731 1455 2756 que
1476 2724 1598 2754 loquitur
1618 2730 1668 2754 pro
1688 2725 1808 2753 Milone,
1829 2724 1856 2747 et
1872 2722 1910 2747 12.
1928 2723 2010 2753 epist.
2030 2723 2115 2749 lib.3.
2135 2722 2170 2746 ad
2182 2721 2265 2747 Attic.
2281 2722 2337 2745 Su-

1404 2761 1494 2790 pinum
1515 2761 1557 2782 est
1575 2760 1745 2790 perculsum.
