2389 3037
70 129 145 165 749

69 214 381 249 accommodatam
396 212 455 258 ⁷⁷).
505 209 580 244 lam
605 212 648 244 de
671 218 969 255 argumentorum
997 224 1072 245 ma-

70 267 158 300 teria
185 264 467 310 praecipiemus,
495 275 588 308 quae
613 274 696 307 pars
715 263 854 296 invenit
871 263 1072 303 materiem,

70 330 141 364 qua
160 317 303 362 probes,
321 316 418 361 quod
436 314 663 359 propositum
681 320 742 348 est.
773 314 874 359 Quae
886 315 1071 359 superiore

68 370 162 402 libro
189 368 321 401 tradita
349 373 451 406 sunt,
479 367 524 398 ad
552 366 797 399 inventionem
823 366 969 410 proprie
996 379 1071 399 non

67 420 271 465 pertinent,
304 420 366 452 sed
391 429 484 463 quae
507 417 580 450 iam
605 417 751 450 inventa
778 424 861 451 sunt
886 419 1070 463 quomodo

69 477 280 510 connectas,
308 471 450 502 docent.
504 468 600 502 Haec
622 481 707 502 vero
725 470 818 502 unde
837 475 949 513 petas,
973 471 1070 515 quod

68 523 259 556 dicendum
279 528 348 561 est,
377 520 548 554 indicant.
583 519 633 554 Ut
650 520 872 554 aedificaturi
893 532 975 554 saxa
995 534 1071 555 ma-

67 574 268 619 teriemque
287 573 445 617 primum
464 579 690 616 comparant,
710 572 838 605 deinde
857 580 1071 607 construunt

69 638 112 659 ex
129 625 207 659 aliis
224 625 312 658 alias
328 624 480 657 aedificii
497 630 635 669 partes:
663 624 712 657 ita
734 624 970 668 disputaturi,
998 626 1069 670 pri-

67 690 189 717 mum,
217 677 314 721 quod
336 676 470 715 dicant,
495 682 691 721 quaerunt;
729 676 857 709 deinde
885 684 1068 721 repertum

68 735 321 772 argumentum
345 728 562 771 disponunt,
593 727 884 772 syllogismorum
905 729 1070 763 formulis

67 780 385 819 circumscribunt,
421 776 698 823 enthymematis
723 780 904 821 vinciunt,
939 793 1069 825 epago-

67 832 120 876 gis
145 838 296 871 ornant,
325 830 495 874 exemplis
520 830 721 871 illustrant,
754 833 863 865 sorite
890 833 1068 866 muniunt.

67 884 209 929 Quare,
237 882 265 916 si
284 884 380 928 quod
397 880 516 915 thema
538 883 850 927 pervestigandum
865 912 873 924 ,
901 884 1070 929 proposi-

66 942 142 969 tum
160 934 288 974 fuerit,
315 940 373 973 ut,
401 933 495 968 Num
511 934 707 969 liberalitas
729 935 773 970 sit
790 934 949 970 Iustitiae
974 949 1069 981 pars,

66 993 107 1020 ut
123 986 290 1020 Ciceroni
314 985 475 1025 videtur,
502 985 660 1030 primum
689 999 707 1019 a
727 987 814 1021 locis
837 995 935 1033 petes
954 989 997 1021 de
1015 1001 1069 1027 eo,

67 1037 154 1083 quid
181 1037 250 1071 dici
276 1038 406 1082 possit,
443 1037 572 1072 deinde
608 1051 626 1071 a
651 1039 816 1074 formulis
840 1047 1069 1085 argumento-

66 1102 167 1129 rum,
196 1090 380 1134 quomodo
406 1097 597 1124 connectas
626 1098 884 1138 construasque
910 1093 1068 1125 inventa.

66 1140 155 1174 Loci
179 1140 275 1174 enim
300 1147 383 1174 sunt
407 1141 504 1174 velut
521 1142 621 1187 signa
640 1144 816 1188 quaedam
829 1151 851 1183 ,'
867 1144 996 1190 quibus
1015 1157 1069 1176 re-

66 1204 168 1232 rum,
196 1205 290 1238 quae
312 1192 382 1226 dici
406 1194 625 1239 tractarique
649 1194 797 1235 debent,
833 1196 950 1240 capita
978 1196 1070 1228 indi-

66 1250 206 1278 cantur.

169 1343 211 1377 In
235 1345 335 1378 omni
360 1353 573 1389 argumento
598 1359 718 1381 rerum
737 1348 919 1388 inventio,
947 1355 979 1381 et
997 1349 1069 1392 pri-

65 1409 125 1429 ma
143 1402 207 1436 est,
235 1403 270 1429 et
287 1397 509 1433 difficillima.
544 1398 636 1432 Nam
657 1400 871 1444 disponendi
889 1401 1066 1433 rationem

65 1447 141 1492 ipsa
177 1448 250 1481 fere
288 1460 409 1482 rerum
449 1450 608 1483 conditio
646 1463 710 1494 per
742 1464 815 1485 sese
845 1452 1067 1496 praescribit.

65 1498 189 1544 Quare
209 1511 340 1544 operae
356 1501 512 1544 pretium
532 1508 595 1541 est,
622 1514 660 1534 ea
673 1530 682 1543 ,
709 1516 800 1547 quae
819 1503 1065 1536 inventionem

65 1550 260 1590 adiuvant,
300 1563 441 1585 summa
478 1564 560 1586 cura
599 1560 634 1586 et
665 1554 849 1598 diligentia
889 1555 1066 1589 meditari.

65 1602 272 1646 Scripturus
297 1614 332 1636 es
357 1603 545 1647 epistolam
571 1611 633 1637 aut
653 1606 876 1646 orationem,
903 1607 1068 1651 disputa-

65 1660 168 1688 turus
193 1666 228 1687 es
243 1655 286 1687 de
306 1655 412 1688 rebus
428 1652 704 1700 philosophicis,
733 1660 774 1689 de
791 1657 879 1691 iuris
897 1658 1068 1698 articulis,

65 1707 109 1739 de
125 1705 255 1746 sacris,
281 1706 367 1751 quid
383 1706 517 1740 scribas
534 1714 595 1740 aut
614 1708 729 1747 dicas,
758 1709 826 1741 loci
843 1709 1067 1743 indicabunt.

64 1758 138 1791 Aut
156 1757 310 1790 alienam
329 1758 530 1791 orationem
549 1759 770 1793 iudicaturus
790 1773 824 1794 es
837 1787 845 1800 ,
871 1768 964 1794 certe
985 1774 1068 1794 con·

65 1809 185 1844 silium
210 1809 284 1843 eius
307 1822 496 1855 nunquam
520 1808 820 1855 deprehenderis,
847 1813 912 1846 nisi
932 1820 1068 1857 specta-

67 1861 180 1903 veris,
221 1861 349 1906 quibus
377 1860 496 1895 thema
530 1863 617 1897 locis
647 1864 824 1897 munitum
852 1866 907 1898 sit.
971 1865 1066 1897 Tota

66 1913 161 1946 enim
182 1913 232 1946 vis
252 1913 470 1948 inventionis
489 1915 525 1947 in
543 1915 630 1949 locis
645 1917 760 1960 posita
781 1923 850 1956 est,
880 1929 921 1949 ex
939 1917 1068 1961 quibus

65 1977 129 1999 ceu
146 1964 305 1999 sontibus
321 1966 437 1999 oratio
457 1968 584 2001 deduci
604 1968 704 2002 solet.
740 1967 777 2001 ln
795 1969 894 2001 omni
912 1966 1067 2001 themate

66 2020 243 2065 quaedam
263 2025 471 2062 argumenta
485 2046 494 2058 ,
522 2019 597 2064 ipsa
619 2021 738 2053 statim
759 2027 887 2053 natura
906 2020 1067 2064 ingenio-

65 2072 112 2106 sis
132 2070 340 2105 hominibus
358 2071 532 2115 suggerit,
561 2072 622 2105 sed
641 2084 767 2115 pauca,
795 2085 886 2117 quae
904 2072 1067 2105 munien-

65 2125 124 2163 da,
152 2123 359 2156 exornanda
378 2129 413 2155 et
427 2123 678 2167 amplificanda
698 2131 781 2157 sunt
797 2124 953 2168 plurium
973 2125 1067 2157 loco-

65 2188 145 2208 rum
173 2174 411 2207 adminiculis.
460 2174 618 2208 Adiuvat
640 2175 732 2208 enim
757 2188 812 2209 ars
831 2183 995 2209 naturam
1009 2176 1067 2219 ⁷³),

67 2240 146 2261 curn
176 2227 211 2259 in
240 2226 417 2271 plerisque
445 2227 543 2266 aliis,
573 2233 646 2259 tum
667 2228 819 2261 maxime
842 2229 877 2260 in
901 2229 1067 2261 dicendo.

66 2278 113 2311 Et
148 2291 166 2311 c
196 2278 389 2311 dialecticis
419 2278 506 2311 locis
541 2279 700 2312 exoritur
734 2292 795 2312 ceu
828 2281 925 2313 sonte
964 2281 1065 2323 copia

67 2330 243 2364 orationis
256 2356 265 2370 ,
294 2341 385 2375 quae
403 2337 550 2363 eatenus
567 2332 610 2363 ad
629 2331 740 2363 animi
757 2331 928 2365 iudicium
947 2332 1066 2364 vocari

67 2388 204 2426 potest,
239 2387 415 2426 quatenns
442 2394 459 2414 e
487 2382 573 2415 locis
606 2382 798 2416 dialecticis
833 2384 991 2417 nascitur
1010 2384 1067 2428 79).

67 2432 141 2466 Iam
167 2432 291 2476 copiae
314 2432 491 2465 rationem
519 2446 626 2478 quam
654 2434 818 2468 facillime
839 2437 1068 2481 adsequetur,
1095 2472 1097 2476 Ι

68 2485 131 2530 qui
152 2486 197 2516 ad
217 2491 367 2517 naturae
389 2486 504 2518 sontes
526 2485 713 2519 revocarit.

103 2620 152 2648 77)
179 2622 280 2643 Annot.
306 2626 409 2649 marga

138 2657 238 2679 torum.

446 2620 511 2644 Loci
540 2620 644 2643 indices
671 2624 734 2644 sunt
759 2622 892 2646 materiae
918 2629 1068 2654 argumen-

104 2706 153 2734 78)
172 2708 273 2729 Aunot.
294 2713 398 2736 marga
424 2708 478 2730 Ars
497 2706 690 2730 adminiculum
710 2708 834 2731 naturae.

103 2757 152 2786 79)
171 2759 271 2782 Annot.
292 2764 397 2789 marg.:
425 2758 507 2782 Ratio
527 2758 622 2787 copiae
643 2758 710 2782 locis
730 2759 863 2785 nascitur.

580 124 656 159 Vll.
712 122 1087 160 COMPEIN‘DIARIA
1115 124 1430 160 DIALECTICES
1457 126 1619 160 RATIO.

2052 128 2127 164 750

1406 212 1631 246 Locorum
1660 211 1842 246 divisio.

1126 332 1243 372 locos,
1284 346 1362 366 cum
1397 333 1591 377 intelliges,
1626 333 1662 364 in
1687 345 1758 377 quo
1785 331 1962 373 themate,
1998 333 2128 379 quibus

1125 383 1221 417 locis.
1235 384 1391 417 maxime
1414 391 1570 417 utamur.
1624 383 1749 428 Neque
1766 384 1860 417 enim
1878 397 2002 418 omnes
2021 385 2089 418 loci
2107 397 2126 418 a

1126 435 1319 469 dialecticis
1346 436 1489 475 traditi,
1524 438 1568 468 ad
1594 435 1777 468 dialectica
1802 434 1960 469 themata
1981 437 2127 482 proprie

1125 488 1325 531 pertinent,
1354 488 1413 520 sed
1438 500 1565 531 magna
1592 493 1693 530 parte
1711 485 1873 521 rhetores
1891 489 1926 520 in
1946 488 2128 521 illustran-

1125 540 1168 571 da
1190 539 1353 572 oratione
1370 546 1530 572 utuntur.
1585 538 1799 571 Dialecticus
1818 539 1939 583 paucis
1954 540 2042 573 locis
2058 540 2127 573 uti-

1125 597 1200 630 tur,
1229 590 1410 631 finitione‚
1439 602 1585 634 genere,
1613 590 1747 634 specie,
1775 591 1956 633 partibus,
1984 591 2128 633 caussis,

1126 642 1279 681 eventis,
1308 655 1438 686 nempe
1464 656 1481 674 a
1504 642 1633 687 quibus
1653 643 1873 675 necessariae
1895 643 2127 686 probationes

1125 700 1307 738 petuntur.
1373 694 1464 728 Nam
1507 705 1586 726 cum
1627 693 1664 726 in
1701 693 1909 727 universum
1945 692 2012 727 hoc
2045 701 2128 738 agat

1124 746 1328 785 dialectica,
1356 752 1395 779 ut
1419 757 1526 791 quam
1552 744 1768 783 certissima,
1797 752 1829 778 et
1856 751 2032 790 quatenus
2050 745 2128 779 fieri

1124 803 1260 842 potest,
1296 797 1493 831 necessaria
1526 798 1671 836 doceat,
1706 797 1792 830 loeis
1823 799 1969 841 proprie
2000 797 2127 839 utitur,

1125 861 1142 881 a
1162 849 1290 894 quibus
1308 849 1505 882 necessaria
1532 854 1742 892 argumenta
1766 847 2008 895 petunt11r⁸⁰):
2045 847 2126 882 rhe-

1123 907 1242 934 torum
1264 907 1326 941 est,
1345 913 1451 946 quam
1469 900 1625 933 maxime
1642 900 1843 944 probabilia
1863 901 1992 940 dicere,
2015 912 2127 946 quare

1124 959 1158 985 et
1176 953 1417 996 probabilium
1436 952 1524 986 locis
1540 951 1665 984 utitur.
1710 951 1784 986 Nos
1799 964 1874 984 rem
1894 952 2003 995 paulo
2022 952 2126 986 altius

1123 1011 1346 1048 repetemus,
1374 1003 1565 1037 indicaturi
1593 1010 1627 1035 et
1649 1001 1835 1037 rhetorum
1864 1010 1898 1036 et
1925 1003 2127 1036 dialectico-

1124 1068 1204 1089 rum
1226 1056 1335 1090 locos.
1390 1055 1649 1095 Probationes,
1685 1055 1774 1088 aliae
1799 1054 2061 1096 inartificiales,
2087 1062 2126 1088 ut

1125 1120 1216 1153 quae
1243 1120 1260 1139 a
1284 1120 1450 1148 rumore,
1479 1120 1495 1139 a
1515 1107 1682 1146 testibus,
1711 1120 1729 1139 a
1753 1107 1958 1147 tormentis,
1987 1120 2004 1139 a
2024 1107 2126 1140 tabu—

1123 1159 1166 1192 lis
1184 1160 1383 1197 ducuntur;
1413 1159 1502 1191 aliae
1529 1158 1731 1192 artificiales
1758 1165 1852 1192 sunt.
1906 1158 1982 1191 Hae
2006 1158 2126 1201 signis,

1125 1211 1358 1255 argumentis,
1387 1218 1420 1243 et
1437 1210 1606 1254 exemplis
1624 1217 1799 1243 constant.
1832 1210 1923 1244 Nam
1942 1207 1997 1243 his
2015 1222 2126 1242 mem-

1123 1262 1196 1295 bris
1234 1263 1483 1306 probationem
1522 1261 1742 1294 artificialem
1783 1262 2030 1307 Quintilianus
2065 1262 2126 1293 ab-

1124 1314 1241 1348 solvit.

1499 1382 1559 1416 De
1594 1383 1747 1427 signis.

1230 1452 1335 1496 Signa
1356 1452 1402 1498 ⁸¹)
1431 1465 1535 1486 sensu
1563 1450 1782 1496 deprehensa
1814 1457 1979 1490 movent,
2021 1456 2060 1483 ut
2084 1462 2126 1483 ex

1122 1504 1171 1537 eis
1198 1504 1293 1537 allud
1325 1504 1495 1548 quiddam
1531 1504 1730 1548 colligatur.
1793 1504 1961 1536 Alienum
1995 1514 2126 1546 prope-

1122 1557 1270 1588 modum
1297 1553 1365 1587 hoc
1390 1557 1645 1599 probationum
1671 1568 1781 1599 genus
1808 1556 1851 1587 ab
1876 1561 1951 1586 arte
1972 1553 2124 1586 videtur.

1122 1607 1229 1652 Signa
1248 1607 1403 1651 duplicia
1423 1614 1524 1648 sunt,
1554 1607 1621 1640 alia
1644 1607 1862 1647 necessaria,
1891 1613 1943 1646 ut,
1967 1605 2125 1649 Peperit,

1123 1671 1196 1692 non
1220 1666 1271 1692 est
1293 1659 1403 1702 igitur
1427 1659 1547 1702 virg02
1584 1657 1734 1692 Athenis
1756 1659 1842 1697 suit,
1871 1670 1949 1690 cum
1974 1657 2032 1689 ille
2054 1657 2126 1688 Ro-

1122 1723 1202 1742 mae
1221 1710 1455 1749 occideretur,
1483 1722 1556 1743 non
1575 1710 1703 1743 occidit
1722 1710 1842 1753 igitur.
1896 1709 1974 1741 Alia
1994 1708 2124 1752 proba-

1122 1762 1227 1800 bilia,
1256 1768 1314 1800 ut,
1336 1761 1513 1805 Sepeliisti
1530 1762 1644 1801 solus,
1672 1762 1779 1805 igitur
1799 1760 1969 1793 occidisti.
2006 1761 2124 1804 Atque

1123 1812 1328 1846 huiusmodi
1346 1813 1456 1846 ferme
1475 1820 1527 1846 est
1543 1813 1785 1857 suspicionum
1804 1811 1970 1844 materies
1988 1811 2024 1843 in
2041 1823 2125 1843 con-

1123 1865 1363 1898 iecturalibus.
1424 1865 1610 1909 Quaedam
1646 1865 1730 1898 item
1765 1865 1865 1907 signa
1891 1863 2124 1907 praecedunt,

1123 1918 1299 1961 quaedam
1328 1916 1463 1949 iurem
1500 1923 1723 1960 praesentem
1758 1917 1910 1955 cadunt,
1946 1915 2122 1960 quaedam

1122 1969 1408 2013 subsequuntur,
1452 1981 1543 2013 quae
1575 1968 1696 2001 onmia
1734 1968 1769 2000 in
1803 1966 1985 2011 proposita
2017 1978 2124 2011 quae-

1122 2021 1237 2053 stione
1252 2020 1442 2063 diligenter
1462 2020 1719 2054 consideranda
1739 2026 1832 2053 sunt.
1885 2018 2010 2063 Neque
2028 2017 2122 2050 enim

1122 2072 1232 2105 ullum
1257 2085 1317 2116 per
1334 2084 1406 2105 sese
1428 2073 1567 2115 siguum
1588 2073 1702 2111 valet,
1730 2073 1789 2105 sed
1815 2071 1924 2103 multa
1950 2071 1986 2101 in
2010 2081 2121 2102 unum

1122 2131 1308 2167 congesta,
1344 2124 1574 2157 verisimilem
1610 2123 1860 2167 probationem
1892 2121 2049 2154 efficiunt
2063 2120 2122 2166 ⁸⁶²).

1122 2178 1153 2207 A
1170 2176 1414 2219 praecedenti,
1443 2182 1493 2213 ut,
1518 2175 1590 2208 lam
1612 2175 1696 2207 olim
1718 2174 1904 2208 insidiatus
1926 2179 1977 2206 est
1994 2172 2122 2204 Miloni

1122 2228 1287 2265 Clodius,
1316 2234 1355 2259 ut
1376 2233 1531 2260 constat:
1564 2227 1748 2271 probabile
1769 2226 1877 2269 igitur
1897 2231 1967 2264 est,
1995 2230 2029 2256 et
2046 2236 2123 2256 mo-

1122 2281 1167 2312 do
1196 2279 1402 2312 insidiatum
1430 2291 1514 2312 esse.
1569 2279 1623 2310 Ab
1651 2279 1712 2318 iis,
1747 2290 1838 2322 quae
1864 2277 1898 2308 in
1923 2288 1996 2308 rem
2022 2287 2123 2319 prae-

1122 2337 1256 2364 sentem
1282 2332 1432 2369 cadunt,
1460 2336 1517 2368 ut,
1545 2332 1716 2362 Armatus
1737 2329 1882 2361 Clodius
1907 2333 2003 2367 erat,
2031 2326 2123 2359 iner-

1124 2383 1189 2416 mis
1209 2389 1241 2415 et
1260 2382 1451 2426 impeditus
1468 2382 1569 2422 Milo,
1585 2381 1770 2425 probabile
1792 2387 1841 2414 est
1863 2379 1982 2423 igitur,
2007 2390 2024 2409 a
2044 2378 2123 2411 Clo-

1123 2434 1182 2467 dio
1210 2434 1337 2466 Miloni
1373 2434 1518 2466 insidias
1555 2434 1676 2466 factas.
1747 2433 1778 2464 A
1812 2430 2123 2475 consequentibus,

1095 2477 1098 2525 l
1123 2493 1182 2526 ut,
1210 2485 1394 2529 Prol'ugil,
1432 2485 1616 2528 probabile
1640 2491 1690 2517 est
1717 2484 1845 2527 igitur,
1884 2483 1999 2515 caedis
2022 2494 2120 2513 reum

1266 2537 1341 2570 llur.
1367 2537 1504 2569 occasio
1528 2536 1700 2580 pertinet,
1732 2537 1811 2567 item
1836 2548 1927 2579 quae
1944 2546 2021 2576 spes
2040 2544 2122 2564 con-

1231 281 1325 314 Tmn
1352 283 1496 314 demum
1521 281 1697 314 videberis
1716 282 1828 325 probe
1846 282 2033 315 adsecutus
2054 295 2127 316 esse

1093 1876 1096 1890 l

1095 2528 1099 2600 ί
1125 2551 1209 2571 0380·

1159 2639 1206 2670 fi0)
1227 2640 1328 2663 Anuot.
1350 2645 1452 2669 inarg.:
1485 2639 1567 2662 solae
1594 2638 1768 2661 necessariae
1795 2636 1971 2667 probationes
1997 2632 2124 2659 dialecti·

1194 2680 1241 2697 cae
1262 2676 1335 2697 sunt.

1157 2716 1206 2747 81)
1227 2719 1327 2742 Annot.
1341 2722 1446 2747 marg:
1473 2718 1576 2747 Signa,
1596 2716 1752 2741 rhetoricae
1772 2715 1965 2745 probationes.

1160 2760 1208 2791 52)
1229 2763 1327 2784 Aimot.
1349 2766 1453 2791 marg:
1481 2761 1567 2791 signa
1586 2761 1753 2783 coacervata
1773 2758 1897 2782 nonnihil
1918 2759 2044 2788 probant.
