2421 3037
296 142 372 180 727

293 228 471 274 priissime
489 242 527 261 ac
544 229 806 273 simplicissime
823 231 953 264 reserat
966 259 974 271 ,
1001 232 1159 276 prolixas
1176 232 1296 277 (lispu-

293 281 448 314 tationes
467 287 500 312 et
517 282 801 322 controversias,
830 289 1042 327 argumenta
1066 283 1149 316 item
1176 282 1297 317 rheto-

293 344 372 365 rum
401 331 521 375 figuris
547 331 722 365 illustrata
750 340 970 380 ornataque,
1008 335 1198 380 complecti
1220 335 1296 368 ani-

294 395 373 416 mus
391 380 547 416 hominis
571 383 715 429 nequit,
748 385 816 418 nisi
843 392 936 419 certa
962 387 1117 432 quadam
1145 387 1295 431 periodo

294 431 627 478 comprehenderit,
655 434 691 468 in
711 448 780 481 qua
799 437 982 478 ordinem,
1012 439 1296 482 progressiones-

294 497 362 530 que
382 485 604 529 singularum
621 487 895 529 sententiarum,
919 502 983 523 ceu
999 489 1036 522 in
1053 490 1188 530 tabula,
1213 502 1296 523 con-

293 543 449 571 tueatur.
518 537 676 571 Proinde
715 539 820 584 longa
855 541 970 574 oratio
1002 540 1039 573 in
1070 542 1296 587 syllogismos

293 589 446 633 cogitur,
467 589 665 634 syllogismi
680 590 716 623 in
732 591 907 636 simplicia
927 593 1122 633 axiomata,
1143 600 1181 626 ut
1201 594 1297 637 apud

292 639 457 673 Marcum
477 640 687 674 Ciceronem
706 641 742 674 in
760 642 976 684 Miloniana,
995 657 1134 678 summa
1153 657 1297 679 caussae

295 692 406 726 totius
424 690 492 725 hoc
509 693 716 737 syllogismo
742 701 897 729 constat:
925 695 1007 729 Vim
1038 696 1072 728 vi
1095 708 1216 729 arcere
1243 697 1297 730 ius

294 750 445 777 naturae
465 744 653 789 permittit.
707 745 796 779 Milo
815 747 886 779 vim
904 747 938 779 vi
962 760 1104 787 arcens,
1129 747 1296 781 Clodium

296 795 438 829 occidit.
492 794 571 829 Iure
590 796 699 841 igitur
715 798 855 832 occidit.
907 798 1022 844 Quem
1049 799 1296 844 syllogismum

295 860 375 880 cum
403 847 581 888 tenueris,
622 860 781 882 caussam
807 856 927 883 exacte
953 851 1101 884 tenebis.
1170 851 1296 884 Postea

292 899 375 932 licet
399 899 574 933 orationis
602 908 814 934 ornamenta
841 908 874 934 et
898 902 1028 945 figuras
1049 902 1299 947 contemplari,

294 963 476 997 quamque
493 952 678 996 splendide
694 952 851 997 singulas
869 954 1066 998 syllogismi
1086 961 1204 998 partes
1220 966 1300 999 per-

295 1009 478 1049 sequatur.
548 1003 594 1036 At
619 1004 818 1048 periculum
843 1011 913 1045 est,
955 1018 999 1039 ne
1024 1006 1200 1040 sententia
1226 1007 1301 1040 fru-

297 1054 438 1095 streris,
467 1054 533 1088 nisi
553 1055 742 1089 axiomatis
770 1057 976 1101 complexus
999 1057 1120 1092 fueris.
1174 1057 1300 1104 Neque

297 1106 393 1140 enim
419 1119 527 1152 quam
553 1113 655 1151 aptae
683 1107 754 1141 sint
778 1109 1031 1152 probationes,
1074 1116 1113 1143 ut
1137 1115 1302 1143 constent

296 1158 384 1198 sibi,
412 1165 544 1191 temere
565 1171 706 1199 cernas,
733 1159 803 1192 nisi
823 1159 1002 1204 simplices
1027 1161 1221 1195 sententias
1248 1161 1301 1193 in-

298 1217 351 1244 ter
374 1222 410 1243 se
436 1210 640 1245 contuleris.
706 1209 864 1256 Ideoque
895 1224 1026 1256 operae
1053 1212 1208 1256 pretium
1238 1217 1301 1251 est,

298 1263 336 1295 in
362 1262 634 1302 controversiis,
677 1262 1069 1309 disceptationibusque
1100 1262 1302 1297 iudicandis

300 1321 510 1358 argumenta
531 1314 650 1348 statim
678 1315 715 1346 in
737 1316 863 1349 breves
889 1327 929 1348 ac
954 1315 1134 1360 simplices
1161 1321 1302 1349 senten-

299 1366 367 1400 tias
390 1366 541 1400 solvere.
610 1364 650 1399 In
682 1366 809 1410 primis
840 1373 981 1406 autem,
1023 1368 1059 1400 in
1083 1378 1302 1413 unaquaque

299 1430 421 1452 caussa
441 1419 648 1458 tractanda,
685 1419 802 1462 ipsum
827 1430 971 1452 caussae
997 1432 1167 1463 scopum,
1196 1430 1302 1464 quem

298 1468 462 1503 rhetores
477 1476 609 1503 statum
626 1477 773 1510 vocant,
801 1471 981 1504 axiomate
998 1469 1303 1515 complectereffl),

302 1522 357 1556 cui
386 1522 422 1554 in
454 1521 622 1555 universa
660 1522 903 1566 disputatione
941 1535 1049 1568 quam
1084 1521 1303 1566 appositissi-

302 1586 358 1607 me
388 1573 509 1606 onmia
541 1580 751 1617 argumenta
780 1586 978 1618 compares.
1051 1574 1165 1613 Ram,
1203 1579 1242 1606 ut
1266 1573 1303 1604 in

300 1625 393 1659 ludis
411 1638 495 1659 suae
512 1632 595 1659 sunt
617 1625 752 1664 lineae,
782 1638 917 1671 suaque
942 1627 1040 1669 sigua
1071 1625 1304 1664 certantibus,
1330 1650 1332 1661 .

301 1677 349 1710 ita
380 1677 418 1709 in
453 1677 660 1710 disserendo
705 1675 820 1710 theses
857 1684 890 1710 et
926 1678 1127 1717 axiomata,
1174 1676 1304 1721 quibus

301 1729 600 1773 disceptationum
629 1735 740 1762 status
770 1727 1146 1773 comprehenduntur,
1182 1735 1220 1761 ut
1250 1734 1304 1760 to-

301 1782 370 1814 tius
386 1780 653 1825 disceptationis
671 1780 894 1814 Milonianae
909 1787 1020 1814 status
1037 1787 1106 1819 est,
1136 1779 1303 1813 Clodium

302 1833 379 1867 iure
398 1844 539 1867 caesum
566 1845 651 1866 esse.
705 1832 812 1866 Nolui
838 1833 1001 1877 pluribus
1023 1832 1194 1876 exemplis
1220 1843 1304 1864 one-

302 1897 383 1917 rare
407 1886 533 1918 rudem
559 1885 795 1918 iuventutem.

302 1937 442 1977 fluisse,
486 1937 581 1982 quod
617 1937 653 1969 in
688 1936 855 1970 omnibus
891 1948 1188 1982 quarumcunque
1221 1948 1304 1968 con-

302 1989 529 2029 tentionum,
564 1989 637 2023 sive
671 2000 876 2027 sacrarum,
913 1988 986 2021 sive
1018 1986 1303 2032 prophanarum,

304 2041 545 2086 argumentis,
575 2041 812 2086 requirendae
830 2046 913 2074 sunt
931 2040 1238 2084 sin‘nplicissimaffi
1271 2046 1305 2072 et

304 2094 521 2128 certissimae
540 2093 738 2126 sententiae
751 2119 760 2132 ,
788 2092 823 2124 in
841 2092 971 2137 quihus
990 2092 1076 2124 citra
1094 2092 1202 2124 ullam
1230 2105 1305 2123 am-

302 2146 527 2190 biguitatem,
555 2145 640 2190 quid
658 2156 796 2183 verum,
822 2145 907 2189 quid
924 2144 1051 2177 salsum
1069 2143 1125 2183 sit,
1152 2142 1305 2187 spectari

305 2204 433 2244 queat,
461 2204 494 2231 et
512 2198 556 2229 ad
579 2209 666 2241 quas
684 2196 805 2229 omnia
827 2195 1002 2229 orationis
1020 2202 1231 2228 ornamenta
1252 2207 1306 2227 re-

303 2252 477 2283 serantur.
531 2249 575 2282 Et
592 2250 628 2281 in
646 2248 858 2281 enarrandis
876 2247 1081 2287 autoribus,
1109 2259 1235 2280 censeo
1252 2247 1306 2279 in-

304 2302 497 2335 dicandum
530 2299 597 2333 hoc
628 2300 824 2334 disserendi
851 2299 1040 2333 artificium
1072 2299 1306 2333 adulescenti-

304 2353 436 2398 husffl),
463 2365 613 2397 nempe,
641 2365 712 2397 quo
729 2351 944 2396 scriptorum
964 2352 1157 2385 sententias
1175 2351 1306 2384 rectius

306 2407 568 2450 adsequantur,
600 2410 633 2436 et
654 2404 811 2437 discendi
830 2404 932 2436 labor
950 2403 1096 2443 ordine,
1126 2416 1229 2448 quem
1249 2415 1306 2435 ra-

306 2458 356 2490 tio
377 2456 558 2489 dialectica
581 2455 809 2499 praescribit,
839 2455 1034 2488 minuatur.
1082 2456 1201 2500 Atque
1218 2452 1306 2487 haec

306 2511 348 2542 de
372 2521 436 2542 usu
461 2508 694 2541 axiomatum.
748 2507 864 2540 Porro
889 2507 1053 2540 nuntiata
1082 2507 1307 2550 distinguunt

306 2559 522 2595 Aristotelici
542 2559 577 2591 in
594 2559 789 2602 simplicia,
818 2566 857 2591 ut
875 2558 999 2591 Cicero
1026 2565 1077 2592 est
1103 2565 1246 2598 orator,
1273 2563 1306 2590 et

342 2696 389 2725 ΣΗ)
410 2696 510 2719 Annot.
531 2701 632 2725 marga
666 2694 735 2717 Nota
757 2694 790 2716 de
809 2693 942 2717 statibus:
981 2694 1094 2718 Omnem
1113 2695 1216 2717 statum
1237 2692 1305 2716 sim-

378 2731 440 2760 plici
460 2730 596 2754 axiomate
616 2728 899 2758 comprehendendum
919 2734 990 2752 esse.

343 2781 389 2809 32)
410 2783 508 2806 Annot.
531 2787 633 2810 marga
660 2780 732 2803 Utile
752 2779 904 2803 consilium.

823 144 947 180 PHlL.
975 145 1089 181 MEL.
1117 143 1323 180 SCRIPTA
1350 143 1483 180 VARn
1509 145 1816 182 ARGUMENTI.

2272 148 2347 184 728

1348 231 1528 272 modalia,
1556 231 1604 265 sic
1623 232 1716 265 enim
1744 240 1895 274 vocant,
1930 240 1970 267 ut
1991 246 2132 267 necesse
2160 241 2211 268 est
2234 234 2346 267 civem

1347 283 1439 316 tueri
1467 283 1644 327 patriam,
1687 296 1810 318 rursus
1836 285 1992 318 modalia
2022 285 2059 318 in
2085 286 2284 330 composita
2309 297 2350 318 ac

1349 335 1475 369 divisa.
1530 333 1606 379 Ego
1625 336 1781 368 modalia
1801 336 2023 381 simplicibus
2041 336 2231 371 axiomatis
2250 349 2350 370 com·-

1349 384 1558 431 prehendO,
1595 399 1684 419 voco
1712 387 1806 420 enim
1830 389 1971 421 axioma
1999 389 2201 421 orationem
2226 400 2352 428 unam,

1349 438 1546 482 integram,
1575 444 1609 471 et
1634 438 1888 480 indicativam,
1921 447 1960 473 ut
1983 440 2169 473 excludere
2193 440 2350 473 modalia

1350 490 1584 533 pronuntiata
1603 502 1677 523 non
1695 490 1819 531 liceat,
1848 497 1883 524 et
1903 504 1994 537 quae
2015 493 2058 525 de
2082 491 2286 525 modalibus
2307 491 2353 524 ab

1350 541 1425 575 istis
1441 541 1583 585 prodita
1603 549 1704 582 sunt,
1730 543 1914 586 argutiora
1934 555 2042 589 quam
2061 543 2201 577 veriora
2221 554 2351 587 magna

1351 605 1391 626 ex
1411 599 1514 637 parte
1531 592 1712 626 videntur.

1527 693 1720 727 Formae
1750 696 2175 740 pronuntiatorum.

1454 762 1696 796 Pronuntiata
1724 765 1901 809 quaedam
1926 771 2009 798 sunt
2038 764 2277 805 universalia,
2315 771 2356 798 ut

1353 826 1478 847 omnes
1497 814 1591 848 cives
1610 815 1712 848 decet
1728 816 1883 859 patriam
1901 817 2013 857 tueri,
2047 816 2230 850 neminem
2256 817 2356 849 decet

1353 866 1509 909 patriam
1529 866 1711 907 deserere,
1740 868 1869 912 quibus
1887 868 2002 902 modis
2016 868 2192 902 sententia
2211 867 2355 901 univer-

1353 917 1436 951 salis
1458 918 1646 958 efferatur,
1675 918 1755 951 vide
1779 918 1923 952 Erasmi
1949 920 2103 964 copiam.
2166 919 2355 965 Quaedam

1354 968 1586 1013 particularia
1605 976 1708 1009 sunt,
1737 976 1776 1003 ut.
1794 972 1972 1016 quaedam
1993 971 2191 1004 animantia
2215 970 2356 1004 ratione

1355 1027 1488 1054 carent.
1549 1021 1734 1066 Quaedam
1753 1021 1960 1063 indefinita,
1989 1023 2119 1069 quibus
2143 1033 2274 1066 magna
2299 1034 2358 1055 co-

1355 1073 1477 1116 gnatio
1496 1081 1547 1109 est
1569 1086 1648 1106 cum
1674 1073 1957 1115 universalibus,
1986 1087 2066 1108 cum
2087 1074 2220 1108 scilicet
2240 1074 2355 1107 solum

1355 1124 1504 1168 speciei,
1548 1131 1610 1158 aut
1642 1125 1781 1169 generis
1812 1126 2026 1159 vocabulum
2059 1131 2254 1170 usurpatur
2290 1137 2356 1169 pro

1356 1176 1523 1211 omnibus
1556 1176 1770 1216 individuis,
1805 1183 1844 1210 ut
1868 1189 1948 1211 cum
1973 1177 2121 1210 dicitur:
2161 1175 2356 1209 Hominem

1356 1228 1456 1259 decet
1476 1229 1576 1271 pium
1596 1240 1690 1268 esse,
1718 1228 1879 1272 significo
1907 1241 2031 1262 omnes
2055 1226 2222 1261 homines
2246 1227 2359 1271 pieta-

1357 1284 1426 1310 tem
1449 1279 1586 1312 decere.
1646 1281 1765 1326 Atque
1782 1277 1879 1313 haud
1904 1279 1998 1321 scio,
2032 1292 2079 1313 an
2102 1291 2263 1325 unquam
2287 1290 2359 1312 ser-

1356 1330 1475 1364 monis
1494 1329 1696 1375 proprietas
1721 1331 1977 1375 particularem
2007 1331 2210 1364 orationem
2235 1329 2361 1363 efferat

1356 1381 1562 1422 indefinite,
1612 1381 1648 1414 id
1685 1384 1782 1427 quod
1812 1384 1919 1426 vulgo
1949 1383 2125 1416 dialectici
2157 1383 2289 1415 docent
2302 1380 2359 1425 ⁸3).

1357 1433 1544 1478 Quaedam
1579 1432 1773 1476 singularia
1810 1440 1913 1473 sunt,
1953 1440 1993 1466 ut
2016 1434 2189 1477 Virgilius
2224 1432 2359 1467 scribit.

1357 1484 1449 1518 Sunt
1469 1491 1588 1517 autem
1610 1484 1752 1524 omnia,
1782 1496 1872 1529 quae
1891 1484 2048 1528 propriis
2070 1484 2280 1517 nominibus
2299 1490 2361 1516 aut

1357 1536 1469 1569 vicem
1489 1536 1633 1568 illorum
1652 1533 1901 1579 fungentibus,
1930 1535 2142 1576 efferuntur,
2169 1541 2227 1576 ut,
2254 1534 2359 1568 Plato

1330 1618 1332 1626 ,
1358 1589 1480 1621 docet:
1510 1585 1567 1620 hic
1585 1587 1639 1619 vir
1657 1587 1773 1620 honus
1791 1593 1853 1620 est.

1332 2583 1334 2607 Ι

1331 2734 1334 2763 l

1486 1688 1584 1722 Alia
1613 1688 2035 1733 pronuntiatorum
2065 1688 2229 1722 forma.

1463 1767 1704 1800 Pronuntiata
1723 1767 1901 1811 quaedam
1919 1766 2133 1799 affirmativa
2149 1772 2245 1806 sunt,
2269 1779 2359 1812 quae

1358 1819 1445 1852 citra
1465 1818 1694 1863 negationem
1714 1818 1932 1858 efferuntur,
1958 1824 2017 1858 ut,
2043 1819 2185 1852 Aeneas
2201 1824 2254 1851 est
2269 1818 2360 1862 pius.

850 1884 971 1930 Qum-e
1000 1885 1085 1918 satis
1110 1884 1154 1917 Sit
1180 1885 1304 1916 admo,
1330 1875 1332 1907 5,
1359 1872 1546 1916 Quaedam
1568 1870 1756 1913 negativa,
1783 1881 1874 1914 quae
1895 1881 1974 1902 cum
1991 1870 2182 1913 negatione
2207 1869 2361 1902 efferun-

1330 1932 1332 1939 ¹
1358 1930 1435 1963 tur,
1464 1929 1523 1963 ut,
1550 1922 1690 1955 Aeneas
1706 1932 1781 1953 non
1799 1926 1850 1954 est
1873 1921 1964 1965 pius.

2023 1919 2063 1953 In
2088 1920 2189 1954 omni
2213 1927 2361 1954 contro-

1359 1974 1474 2009 versia
1501 1973 1602 2014 vide,
1629 1979 1668 2006 ut
1685 1984 1794 2018 quam
1818 1972 2091 2016 simplicissimis
2115 1972 2360 2017 pronuntiatis

1358 2027 1538 2066 declares,
1580 2025 1666 2070 quid
1701 2024 1875 2064 affirmes,
1917 2024 2003 2069 quid
2038 2036 2156 2068 neges.
2226 2024 2360 2058 Audivi

1359 2079 1454 2112 enim
1471 2078 1708 2121 disceptantes
1725 2076 1767 2108 de
1783 2075 1904 2109 arduis
1916 2102 1925 2116 ,
1950 2083 1990 2109 ut
2007 2076 2215 2116 videbatur,
2242 2076 2360 2115 rebus,

1358 2131 1453 2163 inter
1471 2141 1561 2176 quos
1578 2129 1621 2161 de
1638 2140 1676 2161 re
1694 2128 1769 2172 ipsa
1788 2128 1894 2171 plane
1913 2128 2169 2168 conveniebat,
2196 2128 2258 2161 sed
2275 2126 2358 2172 quia

1359 2195 1486 2227 scopos
1506 2179 1774 2224 disceptationis
1797 2191 1872 2212 non
1898 2179 2129 2223 designarant
2154 2179 2258 2213 certis
2275 2191 2359 2223 pro-

1359 2233 1553 2273 nuntiatis,
1581 2232 1653 2264 iam
1678 2229 1765 2271 huc,
1794 2231 1864 2263 iam
1885 2231 1968 2264 illuc
1994 2231 2226 2264 contentione
2244 2230 2360 2275 rapie-

1358 2288 1511 2325 bantur,
1540 2296 1603 2317 nec
1621 2283 1813 2329 quicquam
1835 2283 1921 2316 certi
1938 2283 2184 2327 colligebatur.

1488 2388 1592 2423 Alia
1621 2389 1766 2421 forma
1797 2386 2228 2431 pronuntiatorum.

1462 2465 1786 2500 Pronuntiatorum
1818 2464 1885 2497 alia
1910 2475 1994 2498 vera
2023 2468 2126 2502 sunt,
2161 2473 2254 2507 quae
2277 2474 2358 2495 cum

1360 2521 1465 2554 rebus
1492 2517 1739 2558 consentiunt,
1785 2516 1853 2550 alia
1878 2517 1986 2556 falsa,
2028 2527 2119 2561 quae
2149 2526 2228 2548 cum
2252 2514 2358 2547 rebus

1360 2584 1433 2606 non
1459 2570 1699 2604 consentiunt.
1767 2567 1876 2609 Item,
1914 2566 2148 2612 pronuntiata
2181 2566 2357 2612 quaedam

1359 2630 1442 2659 sunt
1464 2621 1685 2661 necessaria,
1723 2633 1814 2666 quae
1839 2631 1980 2664 semper
2002 2630 2087 2652 vera
2111 2623 2205 2652 sunt.
2267 2616 2359 2650 Sunt

1393 2740 1441 2772 33)
1462 2742 1562 2766 Annot.
1583 2746 1688 2771 marg:
1715 2740 1819 2764 Contra
1840 2739 1958 2768 vulgus,
1987 2737 2160 2762 tuidefinitam
2182 2737 2283 2760 habere
2304 2734 2357 2758 vim

1430 2775 1600 2799 universalia
