2389 3037
67 108 142 144 785
713 105 1075 139 AnniTAMENrA
1104 105 1169 138 AD
1195 105 1337 140 vom..
1367 105 1493 140 1-x.
2054 107 2129 147 736

65 196 190 224 alterum
214 194 390 222 adservatur
412 194 441 221 in
467 192 642 221 bibliotheca
667 192 791 220 Giesii
814 192 938 220 Diaconi
954 190 1176 219 Gorlicensis.'’
1214 192 1275 220 Sed
1300 201 1377 220 nunc
1401 193 1465 231 ipse
1482 193 1617 229 tertium,
1641 200 1672 222 et
1696 203 1810 222 mecum
1825 202 1959 232 quartum
1975 198 2130 235 exemplar

65 239 98 266 F.
122 238 159 266 R.
184 235 383 265 Panzerus
406 236 559 275 possidere
583 234 756 272 gaudemus.
802 234 919 263 Textus
933 234 1025 262 nitide
1048 241 1093 262 est
1117 242 1278 271 expressus
1300 236 1413 273 absque
1428 235 1617 265 distinctione
1641 237 1769 275 capitum
1794 244 1823 266 et
1848 247 1985 267 versuum
2008 240 2129 269 adiectis

65 282 96 309 in
122 281 254 318 margine
278 280 376 308 latinis
400 278 526 307 scholiis.

197 338 254 369 Ad
283 337 399 378 Praef.
425 337 496 368 XI.
520 337 566 367 ad
591 335 708 366 verba:
740 338 789 374 „si
820 338 869 375 qui
899 337 1045 365 trivialem
1076 336 1241 364 doctrinam
1270 336 1434 366 adimunt”
1459 344 1516 366 etc.
1536 339 1650 376 [Corp.
1675 337 1697 367 1.
1728 349 1757 377 p.
1782 339 1876 378 1044,
1901 343 1950 371 lin.
1971 341 2011 371 41
2035 344 2130 382 sqq.]:

65 381 99 411 ln
122 383 180 411 alia
209 383 340 411 editione
372 382 458 410 huius
483 382 706 420 Dispositionis‚
737 381 834 409 Viteb.
858 377 951 409 1530.
981 378 1012 408 8.
1048 385 1113 416 post
1137 381 1275 408 verbum:
1306 380 1457 415 adimunt,
1494 381 1585 419 plane
1615 388 1725 410 mutata
1754 385 1908 422 sequentia
1939 387 1979 413 ita
2009 393 2131 415 sonant:

66 426 170 463 „Nam
194 432 225 454 ut
249 427 376 454 maxime
402 425 533 454 defuerit
555 441 599 446 -
620 441 664 446 --
686 441 729 446 —
754 423 898 450 Videmus
919 428 1018 450 autem
1042 422 1165 451 Paulum
1189 432 1269 460 pene
1292 423 1487 460 Thucydideo
1498 424 1527 462 *)
1551 434 1633 452 more
1656 427 1740 454 brevi
1764 434 1794 454 et
1818 428 1890 456 exili
1914 435 1945 457 et
1959 430 2132 468 confragoso

68 477 182 506 genere
205 469 344 497 orationis
369 469 427 506 uti,
451 478 529 506 quae
552 468 673 506 quidem
697 468 765 505 plus
789 467 940 503 aliquanto
965 466 1037 494 lucis
1062 466 1185 494 haberet
1209 467 1239 494 in
1264 473 1345 494 tanta
1372 467 1535 505 brevitate,
1559 468 1581 495 si
1605 470 1773 498 accessisset
1796 471 1893 509 aliqua
1916 473 2132 509 compositionis

66 520 144 540 cura.
191 510 288 551 [Haec
311 512 433 540 mutatio
457 512 513 539 iam
538 513 567 539 in
591 512 682 548 Corp.
707 511 730 538 1.
763 519 791 547 p.
819 506 901 537 1044
925 519 972 547 sq.
996 514 1057 538 not.
1081 506 1193 539 3—-5,
1218 516 1380 539 memorata
1405 516 1467 546 est,
1498 517 1681 548 quapropter
1711 512 1740 541 h.
1766 514 1786 542 l.
1811 523 1876 542 eam
1900 524 1957 542 non
1983 516 2130 553 integram

64 553 233 594 adscripsi]

195 613 254 643 Ad
280 612 399 653 Praef.
426 612 520 644 XII.
542 613 588 643 ad
610 611 730 642 verba.-
766 612 871 648 „Nam
895 617 966 640 ante
989 612 1101 650 aliquot
1125 622 1216 640 annos
1240 612 1319 640 edita
1343 618 1387 640 est
1411 613 1529 649 sylvula
1553 615 1698 651 quaedam
1723 617 1998 645 commentariorum
2021 619 2049 646 in
2067 619 2127 647 Ro-

64 668 165 688 manos
196 664 226 686 et
251 658 419 688 Corinthios
449 667 514 686 meo
547 658 684 694 nomine,
713 665 801 694 quam
832 664 885 693 ego
916 656 1006 693 plane
1037 665 1094 683 non
1121 654 1275 693 “ignosco”
1307 656 1408 695 [Corp.
1434 654 1472 685 ll.
1503 666 1532 694 p.
1557 655 1617 685 611
1645 665 1720 688 extr.
1738 675 1776 680 —
1794 657 1877 698 612,
1902 660 1953 689 lin.
1979 659 2040 700 1.]:
2070 662 2129 691 Sub

65 702 167 731 titulo:
202 702 416 729 Annotationes
441 701 494 729 Ph.
521 701 593 728 Mel.
626 701 655 728 in
687 699 828 737 epistolas
851 698 934 727 Pauli
957 699 995 726 ad
1017 699 1103 728 Rom.
1136 704 1165 727 et
1189 699 1322 728 Corinth.
1358 709 1382 728 c.
1407 698 1503 737 praef.
1527 700 1567 728 M.
1592 699 1735 738 Lutheri,
1765 702 1896 731 Norimb.
1924 702 2016 733 1522.
2039 704 2068 733 4.
2100 711 2130 733 et

65 745 192 783 saepius.
237 744 386 773 Praefatio
409 743 535 772 Lutheri
559 748 641 771 extat
665 751 783 781 quoque
806 743 901 770 Temo
917 742 951 770 ΙΙ.
974 742 1054 779 Epp.
1078 741 1102 771 f.
1125 740 1177 772 87.
1202 742 1282 770 cuius
1306 743 1437 771 initium:
1462 741 1594 772 Irascere
1617 750 1647 772 et
1671 745 1730 772 noli
1753 754 1879 782 peccare
1903 762 1946 768 —-
1969 746 2031 785 Ego
2056 758 2130 786 sum,

65 789 117 827 qui
139 787 192 816 has
216 793 280 816 tuas
303 787 509 815 annotationes
533 786 589 814 edo
614 792 643 814 et
668 792 698 814 te
723 787 820 823 ipsum
844 785 880 812 ad
905 791 935 813 te
959 786 1052 814 mitto.

192 848 318 876 Munere
343 848 464 885 egregio
488 847 523 874 ob
548 847 622 874 hanc
645 846 863 874 dedicationem
886 847 922 873 ab
942 845 1081 881 AlbertO,
1112 846 1342 885 Archiepiscopo
1367 847 1607 885 Moguntinensi,
1637 849 1776 877 donatum
1806 849 1897 878 fuisse
1920 852 2129 882 Melanchtho-

66 900 152 927 nem,
176 896 258 928 patet
282 899 319 918 ex
345 891 407 918 eius
432 890 558 928 epistola
582 889 619 917 ad
644 890 720 918 lord.
746 888 1011 924 Herzheimerum,
1034 889 1084 926 qui
1107 889 1238 928 Principi
1269 890 1346 918 hunc
1370 891 1611 919 commentarium
1636 892 1811 929 exhibebat,
1840 894 1868 920 in
1893 904 1950 931 qua
1973 896 2050 923 inter
2073 897 2131 925 alia

65 943 98 972 p.
125 931 196 963 183.
222 931 310 972 (Mel.
332 933 410 970 Epp.
434 933 505 961 edit.
530 932 668 969 Manlii):
701 933 879 969 Quanquam
904 931 1035 960 libellum
1061 941 1119 959 non
1147 933 1210 960 misi
1234 932 1289 960 hoc
1312 934 1451 970 consilio,
1483 940 1512 962 ut
1537 935 1700 972 flagitarem
1727 929 1932 972 ἄντίδωρον,
1956 943 2053 966 tamen
2077 939 2131 967 hoc

65 977 187 1006 nomine
211 977 375 1014 praecipue
399 976 469 1004 mihi
493 983 607 1013 gratum
632 982 675 1004 est
701 975 844 1013 Principis
868 985 989 1011 munus,
1026 975 1104 1012 quod
1135 975 1205 1003 inde
1229 976 1427 1005 coniecturam
1452 976 1545 1014 facio,
1581 986 1680 1016 neque
1706 987 1772 1007 eum
1797 978 1895 1006 hostili
1918 980 2059 1009 adversus
2083 991 2130 1011 me

65 1020 164 1048 animo
188 1028 271 1056 esse,
302 1028 401 1057 neque
428 1020 456 1047 ei
480 1020 566 1047 valde
591 1019 813 1056 inscriptionem
837 1024 886 1045 aut
910 1018 989 1046 illam
1015 1027 1113 1046 meam
1136 1019 1165 1046 in
1191 1018 1376 1056 praefafione
1408 1022 1734 1055 commemorationem,
1766 1022 1794 1048 in
1820 1031 1876 1059 qua
1899 1023 2026 1051 studium
2050 1026 2130 1062 pacis

64 1064 93 1091 in
117 1072 153 1091 eo
177 1063 335 1100 praedico,
358 1063 553 1100 displicuisse.
578 1078 617 1082 —
664 1062 737 1090 Peto
757 1061 870 1095 abste,
895 1067 926 1089 ut
948 1061 1077 1098 Principi
1093 1061 1204 1089 lllustr.
1231 1063 1302 1090 meis
1328 1063 1422 1090 verbis
1446 1069 1626 1091 reverenter
1649 1073 1719 1102 agas
1742 1065 1849 1102 gratias
1872 1074 1926 1102 pro
1950 1067 2129 1104 amplissimo

64 1114 190 1134 munere
213 1105 284 1133 mihi
308 1106 394 1133 misso
419 1109 480 1133 etc.
525 1105 653 1132 veritati
678 1105 744 1132 ideo
767 1104 846 1132 haud
871 1110 1071 1132 consentanea
1094 1110 1180 1138 sunt,
1213 1114 1289 1142 quae
1320 1115 1357 1134 ex
1384 1115 1457 1134 vano
1489 1115 1605 1134 rumore
1628 1106 1778 1135 Lutherus
1801 1108 1831 1134 in
1855 1109 1979 1145 epistola
2002 1111 2129 1147 quadam

63 1149 100 1177 ad
125 1148 196 1177 lust.
220 1147 322 1176 [onam
353 1148 484 1186 scripsit:
514 1148 701 1185 Discipulum
725 1156 823 1175 meum
848 1147 1022 1175 Hallensem
1047 1146 1244 1176 vehementer
1267 1155 1437 1186 suspectum
1461 1148 1554 1177 habeo
1579 1150 1626 1177 vel
1649 1149 1702 1178 hoc
1725 1151 1862 1188 nomine,
1893 1152 1970 1189 quod
1994 1150 2127 1191 Philippi

65 1192 289 1220 commentarios
312 1192 340 1218 in
365 1191 521 1229 epistolam
545 1191 582 1219 ad
606 1191 754 1219 Romanos
785 1191 835 1218 sibi
860 1196 1043 1228 nuncupatos
1073 1190 1198 1227 pedibus
1229 1192 1446 1220 conculcaverit
1478 1202 1543 1220 cum
1572 1192 1636 1220 dira
1666 1194 1877 1230 increpatione.
1922 1195 2008 1223 Cous.
2030 1197 2066 1225 T.
2091 1197 2127 1226 H.

65 1235 266 1273 Epistolarum
290 1234 466 1262 ineditarum
492 1235 531 1262 M.
556 1234 680 1262 Lutheri
705 1244 743 1262 ex
767 1233 896 1262 editione
919 1232 1085 1262 Godofredi
1109 1232 1240 1262 Schiitzii
1263 1245 1292 1273 p.
1316 1233 1392 1264 352.

194 1294 241 1322 De
264 1293 320 1322 hoc
344 1295 553 1322 commentario
574 1294 787 1322 Melanchthou
811 1295 839 1322 in
863 1294 994 1332 epistolis
1018 1293 1055 1321 ad
1079 1293 1277 1322 Camerarium
1303 1304 1333 1331 p.
1359 1293 1431 1323 198.
1455 1295 1495 1322 sic
1517 1295 1661 1332 loquitur:
1692 1295 1723 1324 Si
1746 1304 1827 1323 meos
1849 1296 1997 1323 Romanos
2022 1297 2129 1334 vidisti,

65 1337 304 1365 animadvertere
335 1337 472 1375 potuisti,
505 1347 593 1375 quam
622 1344 761 1366 accurate
790 1343 820 1365 et
843 1333 1041 1374 μεθοδικοῖς
1072 1345 1136 1365 eam
1161 1345 1223 1364 rem
1256 1336 1310 1375 (de
1334 1337 1552 1371 iustificatione)
1585 1338 1736 1375 explicare
1767 1338 1922 1368 voluerim.
1973 1339 2011 1366 Et
2039 1349 2128 1378 spero

64 1379 231 1418 prudentes
253 1381 426 1418 probaturos
450 1389 524 1409 esse.
572 1380 647 1408 lllud
672 1381 751 1408 enim
776 1381 842 1418 egi,
875 1386 904 1408 ut
929 1380 1094 1408 necessaria
1117 1379 1297 1408 illustrarem
1322 1386 1352 1409 et
1376 1381 1565 1418 quaestiones
1589 1381 1750 1420 plerasque
1781 1383 1886 1419 partim
1912 1382 1999 1410 salsas
2021 1384 2128 1420 partim

65 1423 187 1451 inutiles
212 1423 429 1460 praeciderem.
475 1423 507 1450 In
532 1423 650 1451 selectis
674 1424 786 1461 aliquot
809 1423 951 1461 Epistolis
980 1433 1009 1460 p.
1033 1421 1087 1452 38.
1110 1422 1147 1451 ad
1172 1423 1325 1452 Erasmum
1351 1424 1493 1452 Roterod.
1518 1425 1573 1451 ita:
1606 1424 1826 1453 Controversias
1850 1425 1957 1453 multas
1988 1426 2129 1463 praecidi,

65 1465 176 1494 deinde
198 1465 338 1503 quasdam
362 1465 399 1493 ad
424 1466 562 1503 pietatem
589 1467 769 1494 necessarias
792 1467 868 1494 bona
891 1466 951 1494 fide
973 1467 1123 1494 illustrare
1147 1466 1260 1495 studeo.
1306 1467 1402 1495 Conor
1426 1468 1514 1495 etiam
1537 1467 1566 1494 in
1591 1467 1732 1496 honorem
1757 1468 1907 1496 adducere
1930 1465 1968 1497 τὸ
1993 1462 2129 1506 ἀξίωμα

65 1504 123 1547 τῆς
143 1506 322 1543 πολιτείας
346 1505 636 1548 ἐκκλησιαστικῆς.
681 1510 774 1537 Huius
798 1510 855 1537 mei
881 1509 980 1537 iudicii
1008 1518 1043 1537 ac
1066 1508 1226 1537 voluntatis
1250 1510 1390 1548 quicquid
1413 1510 1544 1547 accidat,
1566 1516 1659 1539 testes
1682 1516 1768 1539 erunt
1792 1511 1993 1539 commentarii
2015 1512 2042 1540 iu
2068 1512 2129 1540 Ro-

65 1560 168 1579 manos
191 1561 270 1579 nunc
293 1551 379 1581 editi.

197 1611 338 1639 Erasmus
360 1613 389 1639 in
415 1612 548 1650 epistolis
579 1611 772 1640 familiaribus
801 1613 837 1639 ad
861 1611 1047 1640 Bonifacium
1071 1612 1298 1641 Amerbachium
1332 1612 1436 1649 (Basil.
1463 1611 1559 1642 1779.
1583 1611 1631 1649 8.)
1663 1623 1692 1650 p.
1716 1612 1768 1642 94.
1800 1623 1857 1641 non
1883 1614 1993 1651 optime
2022 1615 2131 1644 iudicat

67 1653 106 1682 de
129 1653 183 1681 hoc
206 1656 414 1683 commentario
438 1657 477 1683 ita
490 1655 636 1682 scribens:
660 1654 808 1682 Venditur
830 1655 916 1683 isthic
939 1656 1166 1683 commentarius
1190 1664 1282 1682 novus
1306 1656 1337 1684 P.
1365 1656 1438 1685 Mel.
1462 1657 1491 1683 in
1517 1656 1675 1693 epistolam
1698 1657 1735 1684 ad
1756 1657 1921 1693 Romanos,
1944 1657 1973 1684 in
1998 1667 2054 1695 quo
2077 1659 2129 1687 sibi

65 1696 182 1734 placet,
214 1704 243 1724 et
268 1698 360 1726 multa
384 1699 539 1736 praeclare
562 1697 639 1726 dicta
668 1697 782 1733 fateor,
822 1698 875 1725 sed
900 1699 928 1725 in
952 1697 1051 1725 multis
1084 1697 1234 1734 displicet.
1279 1699 1415 1735 Torquet
1447 1699 1556 1733 multa3
1585 1706 1758 1736 arroganter
1788 1699 1883 1727 reiicit
1905 1699 2069 1737 Origenem
2099 1706 2129 1729 et

65 1740 278 1777 Augustinum;
310 1750 367 1769 non
393 1750 484 1778 pauca
509 1741 644 1769 transilit.
689 1740 763 1778 Legi
788 1741 998 1778 quaterniones
1022 1740 1145 1778 aliquot.
1191 1740 1318 1769 Videtur
1341 1740 1433 1769 fuisse
1462 1749 1564 1769 nactus
1596 1751 1668 1779 opus
1697 1742 1816 1779 aliquod
1839 1742 1985 1779 Theologi
2013 1744 2130 1772 schola-

64 1782 146 1819 stici,
169 1783 250 1811 cuius
265 1790 472 1822 argumentum
496 1799 539 1805 —
562 1784 656 1812 Parvo
671 1784 790 1813 emitur.
837 1783 904 1811 Non
931 1789 1008 1811 esset
1033 1783 1191 1821 ingratum,
1214 1784 1237 1811 si
1264 1785 1397 1812 mitteres
1421 1783 1579 1821 Sadoleto,
1601 1785 1653 1812 sed
1678 1785 1842 1821 admonito,
1866 1792 1896 1813 ut
1919 1794 2023 1813 aurum
2049 1787 2129 1825 legat

64 1833 81 1852 e
104 1829 246 1854 stercore.

195 1884 254 1913 Ad
276 1884 400 1925 Praef.
425 1883 535 1914 XIII.
558 1883 605 1913 ud
628 1881 747 1913 verba.-
770 1884 910 1923 „Scripsi
933 1890 1020 1913 antea
1043 1884 1081 1912 ad
1105 1885 1267 1923 Episcopos
1291 1887 1432 1924 quosdam
1442 1886 1459 1900 '’
1483 1887 1582 1926 [Corp.
1610 1886 1660 1915 lll.
1684 1897 1714 1925 p.
1737 1886 1811 1923 901,
1836 1887 1981 1925 lin.·28.]:
2010 1889 2127 1927 Absque

64 1925 152 1954 dubio
174 1928 316 1967 intelligit
339 1929 554 1957 dedicationem
578 1929 616 1956 ad
638 1929 791 1956 Albertum
815 1927 950 1965 Mogunt.
975 1928 1067 1965 priori
1090 1929 1301 1957 commentario
1334 1931 1508 1967 praefixam.

194 1989 241 2017 De
265 1988 310 2016 his
334 1990 552 2017 commentariis
575 1989 658 2016 novis
681 1988 754 2016 Mel.
786 1989 813 2015 in
839 1996 888 2026 ep.
913 1988 947 2015 ad
970 1988 1119 2016 Romanos
1143 1987 1268 2017 loannes
1293 1990 1433 2018 Calvinus
1465 1991 1493 2018 in
1520 1990 1706 2028 praefatione
1729 1990 1930 2018 commentarii
1957 1990 1996 2018 ad
2018 1991 2128 2019 Roma-

65 2041 136 2067 nos,
173 2033 379 2070 Argentorati,
416 2030 511 2061 1540.
539 2031 569 2061 8.
601 2031 743 2060 eiusmodi
774 2030 833 2059 sert
858 2030 1014 2059 iudicium:
1045 2031 1201 2069 Philippus
1225 2032 1437 2060 Melanchthon
1470 2043 1523 2071 pro
1548 2034 1687 2071 singulari
1712 2038 1742 2061 et
1764 2033 1896 2061 doctrina
1931 2039 1960 2060 et
1985 2033 2128 2062 industria

66 2082 97 2104 et
119 2074 321 2109 dexteritate,
345 2084 402 2112 qua
426 2076 455 2103 in
481 2076 559 2102 omni
584 2075 805 2112 disciplinarum
831 2082 945 2112 genere
969 2074 1081 2111 pollet,
1105 2083 1177 2112 prae
1202 2075 1251 2111 iis,
1276 2076 1324 2113 qui
1349 2082 1419 2104 ante
1444 2077 1538 2114 ipsum
1563 2077 1591 2104 in
1615 2077 1762 2114 publicum
1786 2076 1974 2114 prodierant,
2005 2077 2129 2105 multum

65 2117 140 2146 lucis
163 2117 273 2146 intulit.
319 2118 380 2146 Sed
404 2119 473 2156 quia
502 2118 547 2145 illi
571 2118 752 2155 propositum
778 2117 862 2145 modo
893 2116 984 2145 fuisse
1007 2124 1149 2155 apparet,
1179 2127 1255 2155 quae
1279 2119 1412 2156 inprimis
1436 2126 1537 2147 essent
1560 2120 1811 2147 animadversione
1841 2119 1946 2157 digna,
1978 2126 2130 2157 excutere,

64 2161 95 2189 in
118 2161 153 2189 iis
177 2161 246 2189 dum
271 2161 460 2198 immoratur,
485 2161 576 2189 multa
598 2161 730 2189 consulto
756 2161 916 2198 praeterit,
940 2169 1015 2198 quae
1038 2160 1162 2198 vulgare
1185 2161 1338 2198 ingenium
1362 2162 1487 2200 fatigare
1512 2162 1645 2190 nonnihil
1669 2163 1792 2200 possint.

197 2218 255 2250 Ad
280 2218 404 2259 Praef.
431 2218 537 2250 XIV.
569 2219 615 2248 ad
637 2219 776 2249 titulum
799 2216 897 2254 libri,
929 2220 986 2247 cuz·
1015 2216 1099 2248 haec
1121 2218 1312 2259 Praefatio
1336 2227 1384 2250 est
1406 2219 1595 2261 praefioea:
1626 2223 1804 2260 „Epistolae
1827 2224 1912 2252 Pauli
1941 2227 2068 2263 scriptae
2091 2227 2129 2255 ad

67 2264 214 2292 Romanos
238 2265 386 2292 enarratio
410 2264 489 2292 edita
512 2273 528 2291 a
552 2263 689 2302 Philippo
711 2263 920 2299 Melanthone,
944 2262 1052 2290 Witeh.
1080 2261 1173 2293 1556.
1205 2264 1271 2293 8.”;
1296 2265 1507 2294 Melanchthon
1533 2266 1571 2294 de
1595 2266 1648 2294 hac
1671 2266 1800 2294 editione
1823 2268 1859 2295 ad
1884 2267 2027 2296 'rhomam
2051 2270 2129 2298 Mat-

67 2306 157 2335 thiam
182 2308 210 2334 in
241 2307 415 2335 collectione
438 2305 516 2344 Epp.
541 2307 687 2334 Manliana
712 2317 742 2345 p.
765 2304 859 2335 251.:
886 2306 955 2333 Post
981 2314 1087 2343 paucos
1118 2308 1182 2336 dies
1205 2317 1305 2336 rursus
1329 2308 1438 2336 edetur
1468 2310 1614 2337 enarratio
1640 2310 1783 2346 epistolae
1803 2310 1886 2338 Pauli
1910 2310 1946 2338 ad
1970 2311 2128 2348 Romanos,

68 2349 149 2377 cuius
173 2350 346 2387 exemplum
371 2350 424 2377 tibi
448 2351 579 2386 mittam,
609 2349 687 2387 quod
711 2349 778 2377 volo
802 2354 831 2377 te
856 2358 972 2387 quoque
997 2355 1028 2376 ut
1052 2357 1206 2378 censorem
1231 2350 1344 2388 legere.
1389 2352 1456 2380 Fuit
1482 2353 1559 2380 euim
1585 2352 1638 2380 hoc
1661 2362 1758 2380 meum
1783 2353 1928 2389 studium,
1960 2360 1991 2381 ut
2014 2355 2128 2392 simpli-

68 2392 142 2420 citer
166 2393 322 2420 recitarem
348 2392 511 2421 doctrinam
535 2392 685 2420 Ecclesiae
708 2392 922 2429 necessariam,
946 2398 977 2420 et
1001 2393 1189 2430 quaestiones
1215 2394 1387 2422 omitterem
1413 2404 1468 2422 non
1488 2397 1677 2432 necessarias,
1701 2397 1727 2422 in
1753 2396 1856 2432 quibus
1872 2401 2021 2425 ostentant
2036 2398 2128 2435 aliqui

69 2444 211 2472 acumen,
233 2436 284 2473 qui
307 2435 434 2464 absurda
457 2436 618 2469 mirantur,
648 2441 678 2463 et
708 2435 876 2472 despiciunt
901 2435 1021 2471 usitata,
1052 2434 1125 2464 sicut
1155 2437 1194 2464 de
1225 2437 1284 2465 suis
1312 2438 1422 2465 civibus
1447 2438 1518 2466 dicit
1531 2437 1738 2474 Thucydides,
1769 2447 1834 2466 esse
1858 2447 1907 2467 eos
1931 2446 2127 2468 contemtores

69 2478 261 2515 usitatorum,
285 2484 315 2506 et
338 2479 531 2516 applausores
556 2487 713 2515 novarum,
744 2478 847 2516 quales
871 2487 947 2506 nunc
971 2478 1054 2506 multi
1075 2486 1153 2507 sunt.

200 2540 257 2572 Qui
281 2539 367 2578 plura
391 2540 429 2568 de
453 2540 507 2568 hoc
531 2539 741 2567 commentario
763 2548 849 2567 nosse
873 2540 970 2577 cupit,
999 2538 1087 2567 adeat
1111 2536 1134 2566 Ι.
1158 2539 1190 2566 A.
1214 2537 1308 2566 Trinii
1333 2538 1415 2566 Altes
1441 2538 1499 2566 und
1524 2537 1626 2566 Neues
1651 2548 1704 2566 zur
1725 2538 1933 2577 Erweiterung
1964 2540 2022 2567 und
2049 2539 2126 2567 Ver-

70 2582 235 2620 besserung
259 2582 479 2621 theologischer
501 2583 685 2611 Kenntnisse
708 2581 813 2621 (Halle
840 2581 934 2612 1771.
964 2581 1010 2619 8.)
1034 2592 1063 2620 p.
1091 2579 1155 2610 1-
1170 2579 1219 2610 16.

107 2708 139 2738 *J
165 2711 242 2734 Haec
267 2710 381 2742 egregie
409 2709 612 2734 demonstravit
633 2710 685 2733 Vir
705 2709 825 2734 clariss.
845 2711 965 2735 Carolus
992 2709 1148 2734 Ludovicus
1176 2709 1300 2733 Bauerus
1329 2709 1355 2732 in
1382 2709 1537 2740 philologia
1561 2709 1901 2741 Thucydideo-Paulina,
1926 2715 1949 2732 s.
1973 2708 2121 2733 notatione

143 2745 295 2776 figurarum
315 2745 447 2770 dictionis
467 2745 600 2769 Paulinae
619 2751 679 2769 cum
698 2745 874 2776 Thucydidea
894 2749 1070 2776 comparata,
1097 2744 1123 2768 in
1143 2750 1221 2768 usum
1241 2750 1396 2775 exegeseos
1419 2749 1519 2768 sacrae
1539 2745 1669 2776 vulgata,
1692 2746 1778 2769 Halae
1796 2744 1887 2776 magd.
1912 2743 1984 2768 1773.
2013 2743 2039 2768 8.

70 2785 256 2817 Muris-m.
280 2786 388 2818 OPER.
422 2787 508 2818 Vor.
531 2787 604 2817 XX.
1656 2779 1706 2814 50
