2421 3037
296 101 368 136 331

707 186 809 219 Cum.

393 239 574 273 Damnum
600 238 855 282 appellandum
880 244 950 277 est,
978 250 1057 271 cum
1082 237 1174 270 mala
1197 237 1290 270 fama

288 292 441 325 lucrum.

707 349 821 382 Clam.

393 401 492 435 Clam
513 408 635 445 patre,
664 407 698 433 et
715 401 887 434 Plautus:
917 400 1016 434 Clam
1037 407 1187 446 patrem.

703 468 848 502 Coram.

391 521 521 555 Coram
547 527 673 555 senatu
696 527 772 553 acta
799 533 866 555 res.

704 587 771 621 De.

389 640 490 673 Alter
508 640 646 673 rixatur
662 641 704 673 de
724 640 805 672 lana
825 652 930 685 saepe
949 639 1108 684 caprina.

704 709 745 743 E.

390 762 463 807 Qui
492 761 626 795 'falsum
664 761 910 795 testimonium
945 761 1073 794 dixisse
1107 759 1318 802 convictus,

289 821 377 854 erat⁷
396 827 413 847 e
429 826 513 847 saxo
526 813 684 857 Tarpeio
702 813 947 853 deiiciebatur,
964 812 1100 846 Gellius
1117 810 1211 859 [XX‚
1225 809 1290 858 1.].

702 881 769 916 Ex.

390 935 442 969 Ex
464 934 565 968 malis
581 934 740 967 moribus
758 934 874 966 bonae
896 933 988 976 leges
1004 939 1110 966 natae
1125 939 1219 966 sunt.

703 1002 788 1036 Pro.

392 1055 519 1089 Comes
538 1056 712 1088 facundus
734 1054 769 1086 in
787 1054 844 1086 via
863 1066 932 1098 pro
951 1051 1115 1087 vehiculo
1134 1059 1196 1087 est.

703 1123 807 1157 Prae.

392 1176 482 1210 Huic
526 1176 663 1221 aliquid
709 1187 794 1220 prae
839 1187 949 1207 manu
991 1174 1150 1214 dederis,
1196 1175 1289 1207 unde

285 1235 419 1263 utatur.

703 1286 799 1320 Sine.

390 1341 495 1375 Nulla
523 1339 598 1373 dies
622 1339 698 1373 sine
723 1339 829 1371 linea.

703 1399 838 1432 Tenus.

389 1452 497 1486 Iulius
509 1451 641 1485 Caesar
660 1451 805 1484 tertium
825 1457 859 1484 et
875 1457 1043 1496 quartum
1064 1452 1288 1485 consulatum

286 1506 389 1539 titulo
416 1511 519 1538 tenus
538 1503 655 1547 gessit.
710 1503 887 1536 Graecum
909 1509 982 1542 est,
1011 1515 1154 1536 crurum
1176 1510 1289 1537 tenus.

285 1558 378 1592 Nam
404 1563 438 1590 et
463 1557 500 1588 in
526 1568 564 1588 ea
584 1555 844 1599 significatione
862 1553 984 1587 Latini
1006 1555 1163 1588 ablativo
1185 1561 1290 1589 utun-

288 1616 365 1649 tur,
392 1615 431 1642 ut
443 1635 452 1648 ,
481 1607 692 1652 Capuloque
709 1613 812 1640 tenus
829 1606 964 1640 ferrum
987 1606 1130 1650 impulit
1147 1607 1212 1641 ira.

390 1661 558 1706 Quatuor
574 1658 858 1703 praepositiones
874 1665 908 1691 et
925 1659 1164 1692 accusativum
1183 1666 1216 1693 et
1231 1660 1291 1692 ab-

285 1713 434 1746 lativum
452 1711 643 1756 recipiunt,
671 1711 731 1745 sed
748 1711 821 1744 fere
838 1710 978 1744 diversa
993 1710 1265 1755 significatione.

704 1777 758 1818 In,

390 1831 642 1865 Accusativum
655 1858 663 1869 ,
693 1843 772 1863 cum
792 1837 929 1864 motum
948 1832 991 1863 ad
1010 1843 1083 1864 rem
1103 1831 1291 1875 significat,

286 1892 325 1920 ut
345 1884 514 1917 Horatius
542 1884 627 1928 [Ars
653 1889 745 1926 poet.
761 1880 861 1929 31.]:
895 1881 935 1915 In
955 1882 1080 1917 vitium
1104 1883 1201 1917 ducit
1220 1884 1291 1917 cul-

286 1950 351 1982 pae
379 1937 482 1977 fuga,
516 1936 545 1968 si
571 1941 667 1966 caret
694 1940 783 1967 arte.
845 1934 1038 1969 Terentius
1064 1933 1177 1983 [And.
1195 1934 1237 1975 Il,
1256 1936 1292 1976 6,

289 1990 346 2023 11.
368 1985 464 2034 17.];
506 1986 544 2019 Iu
573 1998 645 2019 rem
673 1987 816 2031 utrique
843 1993 894 2019 est
920 1987 1086 2021 maxime.
1155 1987 1200 2020 Et
1224 2000 1291 2032 pro

287 2048 423 2074 contra.
480 2038 605 2072 Cicero
626 2038 660 2070 in
679 2038 877 2070 Antonium
901 2039 1060 2072 invectus
1078 2045 1141 2073 est.

391 2091 481 2125 Cum
500 2091 536 2123 in
553 2103 590 2123 re
611 2089 745 2123 versari
760 2089 946 2133 significat,
965 2091 1160 2123 ablativum
1181 2091 1292 2125 adsci-

287 2143 405 2190 scitiffl)
418 2170 426 2183 ‚
453 2150 491 2176 ut
510 2139 663 2177 Ovidius
690 2140 822 2189 [Trist.
841 2140 866 2181 I,
883 2139 918 2181 5,
937 2139 987 2177 25
1003 2140 1092 2189 sq.]:

360 2195 501 2229 Scilicet
520 2201 558 2228 ut
577 2194 713 2226 fulvum
735 2199 917 2238 spectatur
935 2194 969 2226 in
990 2193 1131 2237 ignibus
1150 2207 1292 2235 aurum,

392 2247 575 2290 Tempore
600 2245 648 2279 sic
676 2247 767 2278 duro
795 2252 847 2278 est
871 2245 1088 2289 experiunda
1116 2246 1213 2280 fides.

392 2298 539 2332 Veteres
556 2297 593 2330 in
612 2295 677 2330 hac
696 2297 801 2330 etiam
813 2296 860 2343 3⁹)
877 2297 1137 2341 significatione
1154 2298 1289 2331 Graeca

290 2350 547 2383 consuetudine
575 2350 627 2383 usi
653 2356 734 2382 sunt
761 2362 839 2382 cum
865 2350 1089 2388 accusativo,
1130 2356 1168 2382 ut
1196 2351 1290 2394 apud

289 2402 519 2435 Terentium:
557 2401 628 2434 Ubi
656 2401 750 2434 videt
776 2414 832 2434 me
859 2413 932 2435 esse
957 2401 991 2433 in
1018 2408 1157 2434 tantum
1179 2400 1292 2435 hono-

295 2466 368 2487 renn
389 2452 501 2501 [Eun.
519 2452 558 2492 ll,
573 2455 608 2492 2,
628 2452 688 2487 29.
708 2450 794 2500 3⁹²¹)]
808 2480 815 2493 ‚
846 2465 932 2497 pro,
967 2453 1001 2485 in
1022 2460 1122 2486 tanto
1141 2451 1292 2488 honore.
1318 2499 1320 2509 Α

325 2556 374 2583 38)
398 2556 465 2580 Cum
482 2568 516 2571 —
530 2554 665 2578 adsciscit
675 2553 694 2586 ,]
719 2555 767 2580 Ed.
787 2562 810 2579 s.
823 2561 864 2578 a.:
892 2554 1050 2578 Ablativum
1065 2555 1214 2587 adsciscit,
1234 2562 1293 2579 cum
1319 2569 1320 2573 =

360 2590 388 2614 in
407 2597 438 2614 re
455 2589 565 2614 versari
586 2589 736 2619 significat,

325 2635 373 2662 39)
392 2634 490 2662 etiam]
511 2633 538 2656 in
559 2633 608 2657 Ed.
628 2639 650 2655 s,
667 2638 692 2656 a.
713 2633 799 2656 deest.

326 2677 360 2700 39
371 2679 395 2707 2)
416 2677 443 2699 iu
461 2678 569 2700 tantum
589 2672 732 2705 honorem]
761 2674 802 2697 sic
827 2675 852 2698 li.
875 2675 891 2698 Ι.
919 2675 1062 2698 ediderunt
1081 2675 1193 2702 Iuntae,
1224 2675 1292 2699 Boii.

364 2712 539 2741 stephanus,
558 2709 672 2734 Fabi-ini
691 2709 809 2738 aliique:
842 2710 914 2734 conf.
935 2711 1028 2733 annot.
1049 2710 1108 2734 crit.
1130 2710 1156 2733 in
1177 2710 1226 2733 Ed.
1246 2709 1294 2733 Bi-

363 2748 436 2775 pont.
457 2746 491 2769 ad
510 2747 535 2771 h.
550 2746 568 2769 l.
984 2749 986 2751 ’

880 100 1003 134 PHIL.
1039 100 1150 135 MEL.
1184 98 1388 134 SCRIPTA
1422 98 1762 134 PHILOLOGICA.

1316 851 1318 888 y
1343 845 1540 889 Slgnificat,
1575 851 1633 884 ut,
1668 845 1733 878 sub
1758 844 1830 877 dio.

1316 901 1318 968 ἱ
1344 896 1464 942 431.];
1502 895 1612 930 Vastu
1631 896 1760 930 vidisse
1777 896 1843 930 sub
1862 902 1979 930 antro,

2274 102 2348 145 3³2

1762 186 1849 228 Sub,

1449 236 1538 270 Cum
1574 244 1714 282 tempus
1739 245 1800 272 aut
1829 244 1966 271 motum
1994 237 2039 270 ad
2063 248 2138 270 rem
2163 237 2350 281 significat,

1345 289 1584 322 accusativum
1602 289 1764 334 requirit.
1802 289 1974 334 Virgilius
1992 287 2212 336 [Georg.lll‚
2224 286 2348 336 402.]:

1345 340 1417 374 Sub
1437 341 1548 373 lucem
1571 347 1762 385 exportant
1780 339 1948 381 calathis,
1977 341 2012 373 id
2033 346 2104 380 est,
2135 340 2286 374 circiter.

1521 424 1693 469 Virgilius
1711 425 1747 457 in
1765 424 1824 459 IV.
1853 424 1962 473 [Aen.
1981 438 2032 459 vs.
2048 422 2170 472 387.]:

1448 491 1562 515 Audiam
1584 493 1611 514 et
1631 492 1697 515 haec
1717 498 1812 515 manes
1832 492 1924 515 veniet
1943 491 2006 516 mihi
2025 492 2099 516 fama
2118 492 2170 515 sub
2188 491 2257 516 imos
2267 489 2313 523 4⁰).

1415 535 1470 559 Sub
1480 534 1516 565 ⁴¹)
1538 535 1632 558 horam
1654 541 1762 565 pugnae
1782 537 1837 558 tam
1857 536 1935 558 arcto
1955 536 2069 565 repente
2087 541 2184 559 somno
2204 534 2340 560 devictus.

1345 587 1469 621 Cicero
1501 600 1573 620 non
1609 588 1770 621 dissimili
1806 588 2065 631 significatione
2098 591 2143 621 ad
2173 588 2348 621 Plancum

1344 639 1502 683 scripsit:
1539 638 1611 672 Sub
1636 651 1694 672 eas
1716 639 1835 673 statim
1860 645 1941 672 tuae
1965 639 2134 672 recitatae
2157 646 2251 673 sunt.
2303 638 2350 673 Et

1344 692 1386 723 «le
1405 691 1495 723 loco.
1545 690 1670 724 Cicero
1687 692 1730 724 de
1751 690 1926 724 Oratore:
1958 690 2008 723 Ea
2032 703 2122 736 quae
2140 691 2205 724 sub
2225 691 2348 725 oculos

1347 743 1417 786 ipsa
1437 754 1510 774 non
1529 743 1671 775 cadunt.

1447 793 1616 826 Ablativo
1645 793 1896 837 coniungitur,
1933 805 2011 826 cum
2042 793 2178 827 versari
2206 793 2243 826 in
2268 793 2348 827 loco

1902 844 1946 877 Et
1969 843 2141 889 Virgilius
2165 843 2274 893 [Aen.
2290 843 2349 886 III,

1761 966 1889 1010 Super,

1448 1018 1596 1058 Drauff,
1624 1018 1708 1051 item
1737 1019 1781 1051 ad
1807 1019 1925 1051 locum
1952 1018 2175 1062 significans,
2207 1030 2348 1052 accusa—

1344 1071 1456 1104 tivum
1487 1069 1639 1116 requirit
1657 1070 1715 1116 4‘2).
1781 1070 1973 1104 Suetonius
2004 1068 2063 1118 [in
2090 1071 2182 1114 Aug.
2202 1083 2232 1104 c.
2250 1069 2348 1114 43.]:

1344 1122 1459 1166 Super
1475 1134 1511 1156 se
1529 1121 1728 1155 collocavit.

1449 1168 1537 1207 Curii
1563 1173 1669 1206 situm
1697 1173 1873 1217 significat
1896 1173 1932 1205 in
1954 1173 2054 1212 loco,
2083 1173 2286 1206 accusativo
2314 1179 2349 1206 et

1344 1225 1501 1258 ablativo
1520 1224 1761 1267 coniungitur.
1816 1224 1988 1268 Virgilius
2013 1222 2109 1271 [Eel.
2126 1223 2153 1264 Ι,
2171 1221 2248 1272 81.]
2263 1238 2269 1257 ;

1637 1276 1781 1310 Fronde
1809 1288 1916 1320 super
1943 1275 2061 1310 viridi.

1550 1336 1598 1372 Et
1627 1335 1758 1385 [eiusd.
1776 1337 1866 1370 Aen.
1884 1335 1944 1376 Vl,
1961 1335 2036 1372 239
2055 1333 2146 1382 sq.]:

1414 1406 1501 1435 Quam
1520 1411 1604 1435 super
1623 1405 1694 1428 haud
1714 1405 1788 1428 ullae
1808 1405 1935 1434 poterant
1954 1404 2063 1434 impune
2084 1404 2225 1434 volantes,

1448 1448 1574 1472 Tendere
1596 1448 1647 1472 iter
1667 1448 1776 1478 pennis.

1449 1501 1590 1534 Livius:
1634 1501 1877 1546 Quatriduuiii
1915 1512 2022 1544 super
2048 1512 2173 1545 rupem
2201 1500 2350 1543 ‘absum-

1346 1559 1457 1598 ptum.

1447 1604 1630 1649 Significat
1657 1610 1691 1637 et
1716 1610 1869 1648 praeter.
1924 1603 2117 1637 Suetonius
2142 1603 2179 1636 in
2197 1602 2349 1637 Claudio

1343 1657 1388 1702 [c.
1406 1653 1503 1704 26.]:
1538 1656 1653 1701 Super
1670 1663 1807 1689 caetera
1827 1655 1972 1700 flagitia.

1448 1708 1493 1741 Et
1519 1710 1582 1748 de,
1610 1714 1668 1747 ut,
1697 1705 1816 1755 [Virg.
1835 1707 1924 1740 Aen.
1943 1706 1970 1746 I,
1989 1704 2114 1753 750.]:
2154 1706 2268 1739 Multa
2292 1719 2350 1740 su-

1344 1773 1407 1805 per
1424 1760 1573 1793 Priamo
1590 1759 1770 1804 rogitans,
1798 1771 1905 1803 super
1923 1758 2077 1792 Hectore
2098 1758 2220 1792 multa.

1446 1811 1492 1844 Et
1508 1811 1613 1851 inter,
1637 1818 1688 1851 ut,
1717 1811 1832 1855 Super
1849 1822 1998 1844 coenam
2012 1837 2021 1850 ,
2050 1822 2136 1854 pro:
2163 1809 2257 1843 inter
2272 1821 2350 1844 coe·

1344 1865 1517 1898 nandum.

1761 1915 1958 1962 Subter‘ss).

1446 1967 1581 2001 Eadem
1615 1973 1665 2000 est
1689 1973 1723 2000 et
1750 1967 1946 2012 particulae
1973 1968 2095 2001 subter
2118 1967 2349 2008 constructio,

1345 2020 1441 2064 apud
1466 2018 1627 2052 Livium:
1671 2018 1734 2053 Est
1760 2019 1881 2053 subter
1903 2025 2049 2053 terram.
2102 2019 2210 2064 Apud
2232 2017 2350 2063 Virgi-

1345 2072 1430 2105 lium
1445 2085 1451 2104 :
1488 2071 1606 2105 Densa
1623 2083 1730 2115 super
1748 2070 1938 2104 testudine.

1450 2123 1539 2157 Cum
1571 2123 1742 2156 amittunt
1775 2123 2059 2168 praepositiones
2085 2134 2226 2163 casum,
2259 2122 2351 2156 fiunt

1347 2176 1536 2215 adverbia,
1570 2182 1608 2208 ut
1633 2176 1727 2219 apud
1754 2175 1948 2209 Salustium
1977 2174 2095 2220 [Catil.
2113 2176 2150 2215 2,
2168 2171 2240 2223 8.];
2280 2173 2349 2207 Sed

1346 2227 1449 2260 multi
1469 2227 1638 2261 mortales
1655 2227 1765 2260 dediti
1784 2227 1901 2260 ventri
1921 2233 2026 2273 atque
2044 2239 2186 2268 somno,
2214 2225 2351 2259 indocti

1380 2381 1428 2407 40)
1450 2378 1588 2409 Virgilius
1608 2379 1634 2402 in
1654 2379 1700 2403 lv.
1718 2393 1750 2398 —·
1766 2378 1859 2411 iulos]
1882 2379 1923 2403 hic
1939 2385 2052 2409 versus,
2073 2384 2152 2409 quem
2164 2377 2350 2409 Editt.1546.,

1416 2421 1439 2439 s.
1453 2419 1479 2437 a.
1501 2416 1577 2437 recte
1599 2414 1649 2437 hoc
1669 2415 1729 2438 loco
1749 2414 1884 2443 afferunt,
1919 2414 1944 2437 iu
1964 2413 2048 2437 Editt.
2070 2413 2163 2444 1526„
2183 2412 2259 2436 1529.
2278 2413 2350 2436 male

1414 2449 1560 2507 mastusia)
1581 2455 1709 2479 praepos,
1729 2450 1838 2480 Super,
1858 2449 1893 2472 ad
1913 2455 1992 2479 quam
2011 2448 2122 2472 minime
2140 2447 2278 2479 pertinet,
2299 2453 2348 2471 ex-

1380 2537 1428 2564 41)
1448 2536 1518 2564 sub]
1540 2535 1623 2558 Editt.
1645 2535 1730 2562 1526„
1752 2535 1837 2565 1529„
1860 2541 1973 2559 versum
1992 2534 2119 2564 praeced.
2139 2533 2166 2559 h.
2181 2533 2200 2557 Ι.
2219 2533 2348 2557 omitten-

1414 2572 1474 2599 tes,
1494 2571 1609 2594 habent:
1637 2571 1667 2593 ln
1687 2570 1797 2594 eodem:
1825 2571 1882 2594 sub

1379 2622 1428 2650 42)
1448 2620 1585 2652 requirit]
1617 2621 1677 2644 huic
1701 2621 1787 2644 verbo
1813 2622 1841 2644 et
1860 2620 2092 2650 subsequentibus
2112 2619 2140 2643 in
2160 2619 2242 2643 Editt.
2261 2617 2347 2649 ¹5²⁶„

1417 2656 1492 2680 1529.
1523 2656 1705 2685 interpositus
1731 2656 1774 2679 est
1800 2655 1847 2678 ille
1875 2660 1973 2678 versus
1995 2654 2109 2686 Virgilii
2133 2655 2203 2678 Aen.
2220 2651 2346 2685 1v‚³8⁷.

1415 2691 1493 2720 (vide
1513 2692 1605 2714 notam
1627 2691 1694 2718 40).

1380 2743 1428 2771 43)
1449 2744 1524 2766 Haec
1542 2742 1688 2772 inscriptio
1707 2743 1741 2765 ab
1760 2741 1842 2764 Editt.
1866 2740 1953 2769 1526.,
1976 2740 2062 2770 1529„
2084 2740 2158 2765 1546.
2178 2740 2264 2764 abest.
