2421 3037
286 126 360 162 743

284 212 339 246 Bo
389 213 543 258 Quidam
565 210 674 244 homo
692 221 766 242 non
785 215 837 243 est
853 210 962 254 lapis,

286 276 346 297 car
391 264 519 297 Omnis
537 261 648 295 homo
668 267 719 294 est
732 261 886 301 animal,
913 274 996 304 ergo

286 316 332 348 do
390 315 582 360 Quoddam
600 312 733 345 animal
751 324 825 345 non
845 319 895 346 est
913 312 1014 357 lapis.

285 382 333 415 Fe
386 381 513 416 Nullus
530 378 640 413 homo
661 385 712 412 est
728 379 818 423 lapis
830 407 838 419 ‚

286 433 333 466 ris
389 432 546 477 Quidam
564 428 674 463 homo
692 436 744 463 est
759 430 911 471 animal,
939 441 1022 473 ergo

286 496 333 516 on
391 483 583 528 Quoddam
602 481 734 514 animal
754 493 827 514 non
844 487 894 514 est
909 481 1011 525 lapis.

285 553 402 596 Atque
428 549 494 583 hae
520 556 603 584 sunt
626 549 915 594 syllogismorum
943 550 1096 593 figurae,
1130 560 1282 593 quarum

285 603 423 636 duabus
434 609 527 635 recte
539 601 725 645 utiqueas;
747 601 887 633 tertiam
908 599 1091 644 repudiari
1111 597 1284 645 vetimssss).

286 653 472 699 Quidquid
512 658 806 696 argumentorum
845 652 881 684 in
913 649 1089 684 rhetorica
1126 648 1283 683 themata

287 705 472 746 inciderit,
496 704 638 747 colliges
657 704 917 748 concludesque
936 703 972 735 in
992 702 1188 747 syllogismi
1214 702 1284 734 for-

287 769 400 798 mam,
442 763 482 789 ut
511 755 583 788 vim
617 755 837 798 argumenti,
880 755 1001 799 probis
1027 752 1286 796 circumscripti

286 807 469 849 formulis,
498 813 595 840 certo
616 805 912 851 comprehendas.
955 805 1058 839 Nunc
1076 807 1118 837 de
1139 804 1286 850 reliquis

288 859 563 904 argumentandi
579 858 704 892 formis
716 886 724 899 ‚
755 870 843 903 quas
860 859 970 890 ferme
988 857 1107 890 licebit
1123 857 1159 888 in
1180 856 1286 901 syllo-

288 912 418 956 gismos
453 916 678 950 convertere,
708 916 742 942 et
771 911 814 941 ad
848 909 1043 954 syllogismi
1068 915 1284 942 structuram

289 975 351 996 ceu
370 962 528 1007 regulam
548 962 699 1005 exigere.

564 1046 624 1079 De
659 1043 1010 1090 enthymemate.

394 1116 667 1151 Observandum
694 1121 745 1148 est
768 1121 950 1156 accurate,
977 1114 1074 1159 quod
1100 1113 1288 1153 admonui-

290 1183 368 1204 mus
393 1181 498 1213 supra
525 1169 567 1200 de
585 1166 812 1212 syllogismo,
841 1172 879 1198 ut
896 1165 1089 1198 dialecticis
1107 1177 1186 1198 cum
1207 1162 1287 1197 rhe-

290 1223 428 1255 toribus
445 1219 648 1253 conveniat.
701 1217 837 1250 Eadem
862 1217 955 1250 enim
983 1216 1075 1249 ratio
1099 1228 1288 1259 argumen-

290 1273 390 1306 tandi
417 1272 510 1316 apud
536 1269 698 1304 rhetores
714 1276 747 1302 et
765 1269 968 1302 dialecticos
991 1274 1060 1309 est,
1091 1269 1288 1312 eademque

290 1330 585 1369 argumentorum
603 1327 802 1362 structura,
830 1320 916 1361 nisi,
942 1321 1038 1366 quod
1059 1320 1190 1352 certior
1214 1319 1289 1351 dia-

290 1376 432 1417 lectica,
467 1374 615 1407 liberior
646 1370 826 1405 rhetorica
862 1378 924 1406 est.
995 1372 1137 1416 Quare,
1182 1383 1286 1416 quem

291 1426 466 1460 dialectici
489 1425 733 1471 syllogismum
757 1431 902 1465 vocant,
931 1423 1044 1456 tribus
1062 1422 1209 1455 vocibus
1228 1428 1290 1455 aut

291 1480 429 1513 duobus
448 1476 689 1522 pronuntiatis
711 1476 892 1508 collectam
917 1474 1204 1513 conclusionem,
1233 1473 1289 1506 Ci-

292 1543 372 1564 cero
392 1529 706 1564 ratiocinationem
727 1533 846 1567 vocat,
876 1526 1121 1571 Quintilianus
1138 1522 1289 1569 Epiche-

292 1595 409 1620 rema;
450 1583 510 1615 sed
535 1581 569 1612 in
596 1578 889 1619 ratiocinatione,
925 1590 985 1610 seu
1016 1574 1289 1620 epicheremate,

293 1640 434 1678 praeter
459 1631 630 1676 simplicis
656 1630 843 1675 brevisque
868 1628 1063 1673 syllogismi
1090 1634 1225 1672 partes,
1271 1640 1287 1659 a

292 1683 495 1718 rhetoribus
513 1682 743 1728 probationes
763 1680 1078 1725 pronuntiaturum
1098 1691 1289 1711 numeran-

293 1744 361 1770 tur.
416 1735 461 1768 Et
485 1736 576 1767 inter
593 1733 836 1778 syllogismum
865 1738 897 1764 et
924 1729 1147 1775 epicherema
1175 1730 1290 1775 (quod

294 1788 417 1822 Cicero
451 1786 762 1820 ratiocinationem
799 1786 918 1827 vocat)
956 1783 1126 1815 interesse
1158 1781 1291 1815 Fabius

294 1846 428 1880 censet,
457 1839 552 1884 quod
575 1837 799 1882 syllogismus
824 1841 960 1868 constet
987 1833 1192 1867 necessariis
1218 1845 1291 1865 cer—

295 1891 409 1936 tisque
446 1888 705 1934 pronuntiatis,
758 1885 992 1930 Epicherema
1032 1885 1290 1928 probabilibus.

295 1943 402 1988 Atqui
420 1940 487 1974 hoc
505 1940 674 1974 materiae
693 1939 884 1972 discrimen
903 1944 963 1971 est.
1019 1936 1124 1981 Quod
1152 1937 1194 1970 ad
1219 1937 1290 1969 sor·

296 2008 388 2026 mam
417 2000 449 2026 ct
473 1999 687 2027 structuram
715 1991 841 2023 attinet
865 1987 1157 2033 epicheren‘mtis,
1186 1988 1290 2032 plane

295 2046 406 2079 sciant
425 2045 592 2083 studiosi,
623 2044 713 2075 idem
741 2054 813 2075 csse
833 2038 1069 2085 Epichereu‘ia
1094 2052 1155 2072 seu
1181 2039 1291 2072 ratio-

296 2097 511 2129 cinationem
532 2094 746 2134 rhetoribus,
776 2095 870 2138 quod
889 2091 1115 2137 syllogismus
1133 2090 1290 2123 dialecti-

295 2149 342 2182 cis·
367 2155 427 2181 cst.
482 2148 587 2192 Quod
609 2146 667 2191 qui
689 2143 948 2183 observaverit,
977 2143 1077 2174 facile
1103 2142 1292 2186 explicabit

298 2200 479 2233 Ciceronis
492 2206 520 2231 et
535 2197 747 2242 Quintiliani
764 2196 860 2228 locos
873 2196 915 2227 de
936 2194 1289 2237 arguutentationum

297 2252 430 2285 formis.
486 2250 692 2289 Caeterum,
721 2255 759 2280 ut
779 2245 844 2279 boc
871 2248 986 2279 obiter
1012 2247 1197 2285 adnotem,
1231 2257 1291 2276 vo-

298 2304 459 2336 c.=bulum
485 2300 707 2346 epicherema
726 2298 853 2332 Graeci
873 2311 936 2342 pro
958 2310 1171 2342 quocunque
1188 2308 1290 2338 argu-

300 2361 418 2387 mento
452 2353 690 2385 couuuuniter
721 2356 912 2393 usurpant,
953 2349 1217 2393 significatque,
1253 2353 1292 2379 ut

300 2413 432 2438 xeteres
449 2410 706 2448 exposuerunt,
736 2403 1010 2445 aggressionmu,
1039 2398 1105 2432 boc
1126 2406 1186 2440 est,
1214 2411 1291 2432 sen-

297 2458 463 2496 tentiam,
492 2469 558 2500 qua
587 2455 791 2494 adorimur,
820 2459 880 2485 aut
907 2451 1135 2495 aggredimur
1160 2463 1291 2494 propo-

296 2511 401 2543 situm
437 2505 576 2547 thema,
616 2519 674 2539 scu
701 2504 978 2537 conclusionem.
1040 2503 1167 2535 Omnis
1195 2502 1288 2533 enim

298 2559 477 2594 conclusio
495 2565 542 2592 cst
564 2555 680 2589 thema
702 2557 939 2601 probandum.
975 2554 1189 2599 Syllogismo
1210 2566 1290 2596 pro-

296 2613 429 2646 ximum
458 2616 527 2649 est,
555 2610 649 2654 quod
673 2606 909 2652 Entliymcma
937 2612 1085 2645 vocant,
1115 2618 1185 2650 quo
1210 2617 1289 2637 cuin

331 2714 378 2739 63)
400 2714 498 2735 Aimot,
520 2717 621 2740 marg:
653 2710 726 2732 {mac
748 2710 851 2731 tautum
879 2707 983 2737 figurae
1010 2707 1175 2735 probantur,
1208 2704 1292 2727 itu-tia

365 2747 498 2769 reiicitoi‘.

809 123 932 159 PHIL.
961 124 1073 158 MEL.
1101 121 1304 158 SCRIPTA
1330 121 1462 156 VARII
1489 122 1793 158 ARGUMENTL

2253 124 2329 160 744

1305 210 1310 239 1
1335 208 1527 241 dialecticis
1565 208 1670 252 plane
1708 208 1875 241 convenit
1911 206 2134 251 rhetoribus,
2177 212 2327 244 eandem

1306 245 1310 306 l
1335 261 1428 292 enim
1450 265 1744 303 argumentorum
1763 261 1929 299 formam,
1956 261 2155 305 eodemque
2171 262 2329 303 nomine,

1336 309 1585 355 enthymema,
1626 317 1659 343 ct
1691 308 1872 353 rhetores,
1915 317 1949 344 et
1982 311 2155 344 dialectici
2189 319 2329 347 vocant.

1335 361 1397 395 Est
1429 368 1546 394 autem
1581 359 1807 406 enthymema
1842 362 2070 406 imperfectus
2095 364 2331 408 syllogismus,

1336 411 1403 446 hoc
1422 419 1491 454 est,
1519 419 1579 446 aut
1599 413 1714 445 maior
1732 425 1810 446 cum
1836 414 2082 453 conclusione,
2110 421 2167 455 ut,
2196 414 2331 449 Omnes

1337 464 1497 497 civitates
1522 465 1622 496 decet
1647 464 1781 507 legibus
1808 465 2039 498 constituere:
2084 463 2243 499 Athenas
2268 466 2333 510 igi-

1307 505 1313 598 1
1337 522 1395 548 tur
1418 517 1519 548 decet
1543 515 1678 559 legibus
1704 516 1931 549 constituere.
1998 517 2115 562 Atque
2147 515 2204 550 hic
2234 517 2333 551 vides

1339 566 1504 600 omissam
1545 567 1735 600 minorem.
1809 567 1882 600 Aut
1919 567 2040 600 minor
2074 580 2152 601 cum
2189 569 2333 602 conclu-

1338 618 1458 659 sione,
1485 624 1541 659 ut,
1568 618 1684 652 Nemo
1708 618 1799 651 male
1826 618 1876 651 uti
1903 618 2033 651 virtute
2059 625 2192 663 potest:
2227 619 2331 652 Bona

1339 669 1447 713 igitur
1466 669 1577 703 virtus
1604 676 1665 703 est.
1720 669 1785 701 Hic
1810 670 1937 703 omissa
1965 670 2081 703 maior
2105 677 2173 704 est:
2207 669 2245 704 ld
2270 671 2334 703 bo-

1339 733 1424 753 num
1443 733 1536 760 esse,
1564 733 1635 766 quo
1655 733 1760 754 nemo
1787 721 1878 754 male
1904 721 1955 754 uti
1980 727 2107 765 potest.
2161 721 2334 756 Absolves

1339 772 1447 816 igitur
1466 770 1714 816 enthymema,
1750 773 1884 805 adiecta
1910 779 1972 805 aut
1998 773 2152 815 maiore,
2187 780 2248 807 aut
2269 773 2334 805 mi-

1340 836 1427 856 nore
1446 823 1703 867 propositione.
1756 824 1846 857 Nam
1868 831 1945 857 utra
1965 824 2066 866 desit,
2093 824 2167 869 ipse
2183 831 2334 858 naturae

1340 887 1462 909 sensus
1485 875 1637 916 indicat,
1664 881 1699 907 et
1724 877 1917 908 exercenda
1944 881 1995 909 est
2017 875 2193 910 iuventus.
2247 876 2335 909 Par-

1341 933 1391 960 tes
1412 924 1688 971 enthymematis
1706 925 1893 968 dicuntur,
1928 928 2158 969 antecedens,
2191 934 2225 960 et
2252 939 2335 960 con-

1340 989 1502 1023 sequens.
1553 977 1660 1022 Quod
1678 977 1707 1011 si
1731 978 1766 1010 in
1791 978 2022 1011 antecedente
2045 984 2079 1012 et
2096 984 2335 1024 consequente

1341 1029 1434 1062 idem
1455 1035 1505 1062 est
1525 1030 1742 1070 subiectum,
1769 1030 1868 1062 deest
1885 1029 2021 1071 maior,
2048 1036 2106 1063 ut:

1496 1079 1642 1114 Clodius
1661 1080 1849 1114 insidiator
1864 1087 1935 1122 est,
1963 1092 2047 1125 ergo

1498 1132 1644 1166 Clodius
1662 1133 1737 1165 iure
1755 1144 1876 1166 caesus
1892 1138 1953 1166 est.

1342 1181 1472 1216 Deesse
1496 1184 1668 1216 maiorem
1693 1183 1808 1216 vides:
1842 1181 1922 1216 Iure
1947 1183 2138 1217 insidiator
2162 1189 2202 1216 ut
2226 1181 2338 1216 hostis

1343 1234 1528 1268 occiditur.
1572 1236 1679 1280 Quod
1696 1235 1725 1269 si
1743 1235 1780 1267 in
1799 1235 2030 1268 antecedente
2049 1241 2082 1267 et
2099 1240 2338 1279 consequente

1343 1286 1435 1319 idem
1468 1287 1712 1330 praedicatum
1737 1292 1804 1326 est,
1833 1286 2079 1327 deestminor,
2107 1292 2163 1327 ut,
2191 1285 2339 1319 Insidia-

1344 1346 1399 1372 tor
1424 1345 1462 1371 ut
1489 1336 1601 1372 hostis
1632 1338 1708 1371 iure
1731 1337 1926 1377 occiditur,
1962 1337 2108 1371 Clodius
2129 1336 2238 1381 igitur
2262 1337 2338 1369 iure

1343 1403 1464 1424 caesus
1489 1397 1540 1423 est
1550 1389 1609 1437 64).

1446 1441 1492 1474 Et
1522 1441 1558 1473 in
1590 1439 1685 1473 hunc
1714 1441 1860 1472 modum
1893 1439 2078 1472 mutilatus
2101 1438 2339 1484 syllogismus,

1342 1494 1456 1525 forma
1484 1499 1535 1525 est
1559 1489 1847 1536 enthymematis.
1907 1490 2151 1535 Quintilianus
2176 1490 2273 1523 aliud
2297 1501 2340 1522 ex

1344 1544 1584 1588 pugnantibus
1609 1543 1728 1582 duxit,
1755 1542 1851 1575 aliud
1870 1554 1911 1574 ex
1929 1542 2245 1587 consequentibus,
2274 1547 2339 1574 etc.

1344 1607 1435 1641 quae
1462 1595 1590 1628 divisio
1611 1606 1684 1626 non
1702 1595 1746 1625 ad
1765 1594 1918 1626 formam
1937 1591 2214 1638 enthymematis
2230 1592 2339 1637 perti-

1343 1647 1469 1686 nebat,
1497 1648 1557 1680 sed
1582 1647 1626 1678 ad
1653 1646 1767 1685 locos,
1802 1646 1896 1678 unde
1923 1645 2083 1677 omnium
2111 1650 2340 1688 argumento-

1344 1711 1423 1732 rum
1446 1698 1613 1731 materies
1635 1697 1778 1741 petitur.
1832 1695 1906 1729 Iam
1933 1696 2138 1741 syllogismo
2164 1696 2200 1728 in
2223 1695 2340 1735 certis,

1345 1757 1377 1783 et
1408 1762 1499 1795 quae
1526 1748 1678 1782 convelli
1711 1760 1783 1781 non
1817 1754 1966 1792 possunt
1999 1748 2176 1787 crebrius,
2214 1745 2339 1791 enthy-

1345 1808 1498 1835 memate
1518 1800 1739 1845 frequentius
1758 1799 1793 1832 in
1813 1799 2057 1844 probabilibus
2081 1799 2237 1838 utimur,
2266 1810 2338 1843 quo

1344 1854 1401 1893 fit,
1440 1859 1479 1886 ut
1512 1852 1688 1886 familiare
1721 1852 1765 1885 sit
1801 1851 1933 1895 poetis,
1960 1850 2008 1884 sic
2044 1851 2138 1894 apud
2165 1849 2336 1883 Ovidium

1346 1905 1474 1938 omissa
1509 1904 1649 1937 minore
1684 1903 1899 1948 syllogismi,
1932 1899 2161 1947 enthymema
2191 1908 2260 1941 est,
2298 1913 2339 1934 cx

1346 1957 1482 1989 maiore
1503 1963 1537 1989 et
1555 1955 1798 1988 conclusione:

1345 2008 1502 2053 Quando
1530 2020 1594 2050 ego
1619 2019 1692 2039 non
1717 2006 1820 2038 timui
1849 2006 2015 2048 graviora
2042 2005 2198 2049 pericula
2222 2004 2339 2038 veris?

1395 2059 1467 2093 Res
1485 2066 1535 2092 est
1552 2058 1691 2091 solliciti
1712 2058 1814 2101 plena
1832 2057 1973 2090 timoris
1993 2056 2162 2103 ἥψω-65).

1345 2121 1568 2154 Antecedens
1596 2118 1689 2150 enim
1724 2124 1796 2157 est,
1833 2129 1993 2150 amorem
2025 2116 2165 2150 solliciti
2200 2115 2339 2148 timoris

1346 2174 1489 2217 plenum
1516 2182 1608 2209 esse,
1637 2169 1885 2214 consequitur,
1914 2181 1950 2201 se
1968 2168 2148 2207 timuisse,
2176 2167 2230 2200 vel
2247 2178 2338 2212 quae

1345 2224 1419 2257 fieri
1446 2235 1519 2255 non
1547 2228 1701 2265 possent.
1755 2220 1834 2261 Est,
1863 2220 1921 2253 ubi
1949 2226 2087 2253 constat
2109 2216 2336 2264 enthymema

1345 2288 1385 2309 ex
1404 2274 1543 2307 minore
1564 2279 1597 2305 et
1617 2273 1867 2311 conclusione,
1890 2279 1946 2305 ut:

1345 2326 1540 2372 Quaeritur
1554 2351 1561 2363 ‚
1590 2322 1778 2368 Aegisthus
1798 2335 1908 2369 quare
1926 2323 1970 2356 sit
1986 2323 2098 2356 sactus
2115 2322 2266 2355 adulter.

1394 2377 1432 2410 ln
1452 2383 1620 2421 promptu
1639 2388 1759 2409 caussa
1779 2382 1847 2409 est:
1877 2375 2073 2408 desidiosus
2092 2372 2234 2418 eratssss).

1415 2675 1470 2691 ratu
1493 2668 1729 2697 syllogismorum.

1316 2713 1319 2748 y
1379 2702 1426 2732 ⁶5)
1449 2701 1525 2740 (lvi-l.
1550 2703 1633 2730 Fpist.
1651 2702 1670 2731 1,
1688 2703 1712 2723 ii
1730 2708 1769 2730 ⁵⁴¹1-

1378 2738 1425 2767 66)
1446 2737 1522 2760 (hvid,
1547 2737 1653 2759 nomed,
1673 2742 1727 2761 aui.
1750 2736 1792 2758 161
1810 2742 1849 2764 sq.

1343 2439 1460 2483 Atque
1482 2443 1521 2469 ut
1545 2437 1578 2468 in
1606 2436 1726 2481 priore
1749 2436 1902 2469 formula
1933 2435 2010 2480 plus
2036 2441 2085 2468 est
2108 2434 2236 2467 virium
2251 2460 2260 2473 ,
2289 2432 2337 2466 ita

1345 2490 1380 2522 in
1406 2488 1603 2533 posteriore
1628 2488 1706 2532 plus
1731 2494 1782 2521 est
1806 2487 1952 2531 gratiae.
2005 2486 2192 2519 Studiosae
2215 2485 2337 2518 iuven-

1345 2541 1427 2574 tutis
1458 2541 1523 2572 erit
1549 2538 1611 2573 bas
1634 2545 1926 2583 argumentorum
1953 2537 2125 2571 formulas
2151 2537 2185 2569 in
2210 2537 2337 2581 poetis,

1378 2635 1425 2665 64)
1447 2635 1545 2656 Anoot.
1564 2639 1666 2661 mans:
1689 2633 1761 2656 llaec
1777 2634 1898 2662 exempla
1918 2632 2056 2662 perum-nt
2075 2632 2107 2655 ad
2131 2631 2244 2661 primam
2263 2631 2334 2661 figu-
