2389 3037
722 107 861 142 XCVII.

277 195 331 220 DE
362 193 557 219 sYNTAxt
590 193 847 218 VERBORUM.

64 111 139 148 355
923 106 1046 142 PHlL.

164 248 363 294 Nunquam
382 248 522 292 integra
542 247 722 281 sententia
743 259 823 280 cum
844 245 1074 280 nominativo
1102 283 1103 287 Ἰ

63 300 147 336 solis
173 300 382 334 nominibus
410 305 549 333 constat
566 298 626 343 Ἡ).
689 298 812 343 Quare
843 310 924 332 cum
957 295 1075 329 nomi—

62 353 168 387 nibus
193 359 286 386 certa
315 352 473 398 quadam
497 351 639 384 ratione
675 351 784 384 verba
800 349 848 397 ⁴²3)
883 360 1075 393 coagmen·
1101 354 1102 363 ³

61 411 198 439 tantur.

390 479 542 513 Prima
572 480 746 524 regula.

167 548 424 584 Nominativus
441 548 623 593 praecedit
640 547 788 581 verbum
807 546 946 579 finitum
965 545 1072 579 simili

61 613 216 636 numero
244 607 279 634 et
303 613 478 645 persona,
507 607 565 633 ut:
599 599 676 643 Ego
698 599 797 643 lego,
826 605 865 631 tu
881 598 986 642 legis,
1017 596 1073 630 hic
1100 642 1101 646 Ἰ

212 651 309 687 Nam
341 653 561 697 pronomina
596 657 766 684 naturam
791 650 983 684 nominum
1010 647 1073 682 ha·
1098 648 1101 684 Ϊ

61 654 158 699 legit.

61 706 159 740 bent.

62 757 296 792 dissimulatis
315 755 608 801 pronominibus.
651 754 777 788 Tertia
798 766 968 799 persona,
996 754 1072 787 sine

61 809 312 848 nominativo,
339 807 376 840 in
400 807 519 841 verbis
544 807 794 851 personalibus
820 819 895 840 non
924 806 1073 840 utimur.
1099 829 1101 849 3

62 861 196 895 Caesar
209 866 243 893 et
261 872 323 893 rex
339 859 529 893 Gallorum
550 859 772 893 conveniunt
791 859 885 892 inter
901 871 948 893 se.
978 857 1072 892 Nam
1099 875 1101 881 ·

62 913 134 947 duo
152 911 348 956 singularia
366 911 551 957 postulant
566 911 704 956 plurale
723 912 887 945 verbum.

166 963 249 1004 Est,
277 976 358 998 cum
384 963 583 997 infinitivus
600 975 667 1008 pro
685 963 914 996 nominativo
934 962 1071 996 Graeca

62 1016 322 1050 consuetudine
341 1022 549 1060 usurpatur,
573 1021 613 1049 ut
629 1014 754 1060 [Ovid.
773 1028 814 1048 ex
832 1015 951 1048 Ponto
971 1014 1072 1059 epist.

61 1067 105 1109 11,
122 1067 158 1109 9,
174 1067 224 1103 47
240 1065 337 1116 sq.]:

168 1135 246 1159 Adde
266 1135 338 1165 quod
356 1134 492 1166 ingenuas
513 1134 644 1158 didicisse
663 1134 785 1158 fideliter
802 1136 880 1159 artes

168 1178 282 1203 Emollit
302 1184 412 1210 mores,
437 1185 487 1203 nec
508 1178 575 1202 sinit
594 1184 656 1202 esse
677 1178 762 1202 seros.

64 1231 158 1267 Nam
178 1232 329 1265 verbum
348 1232 487 1264 emollit
504 1232 700 1275 respondet
718 1229 785 1270 his,
812 1237 986 1276 tanquam
1010 1242 1074 1263 no-
1100 1238 1102 1243 ¹

65 1284 264 1323 minativo,
294 1283 459 1316 didicisse
478 1284 631 1316 fideliter
652 1290 746 1317 artes
757 1281 815 1329 ²²).
858 1283 987 1316 Graeci
1006 1282 1073 1316 sic:
1101 1290 1103 1301 ¹

68 1332 118 1370 Τὸ
143 1335 288 1380 μαθεῖν
313 1330 472 1382 πραΰνει
500 1334 588 1380 ἤθη.
642 1334 735 1368 Eum
762 1334 981 1368 infinitivum
1008 1334 1075 1367 cir-

64 1387 334 1432 cumloquimur
351 1387 452 1419 finito
473 1387 596 1427 verbo,
615 1387 751 1420 adiecta
770 1387 946 1431 particula
965 1387 1075 1433 quod.

63 1437 173 1472 Dolet
197 1437 331 1478 Gallis,
368 1438 465 1484 quod
488 1451 551 1471 rex
573 1451 656 1472 suus
682 1451 700 1471 a
724 1438 856 1472 Carolo
881 1439 995 1473 victus
1018 1438 1076 1479 sit,
1101 1439 1104 1494 l

64 1490 100 1524 id
119 1496 191 1530 est,
219 1502 340 1535 regem
360 1503 465 1524 suum
486 1490 619 1523 vietum
639 1503 713 1525 esse
722 1490 782 1538 25).

367 1575 575 1610 Secunda
606 1578 776 1622 regula.

169 1644 337 1678 Vocativi
373 1646 550 1679 secundae
583 1658 758 1690 personae
789 1654 824 1680 et
853 1647 1078 1693 imperativis
1103 1643 1106 1674 ἶ

64 1703 354 1742 praeponuntur.
414 1697 689 1744 Nonnunquam
721 1699 830 1732 etiam
859 1700 935 1734 sine
966 1701 1077 1734 verbo

65 1749 275 1783 inseruntur
301 1747 459 1781 orationi
471 1748 529 1789 26).

389 1835 551 1868 Tertia
581 1836 748 1881 regula.

168 1904 329 1939 Verbum
354 1904 496 1938 finitum
514 1906 676 1952 sequitur
693 1907 890 1953 aliquando
910 1909 1076 1943 nomina-

65 1957 182 1997 tivus,
208 1957 302 2003 ut27)
327 1957 365 1990 in
386 1957 503 1991 verbis
522 1965 699 2002 gestuum.
754 1959 900 1994 Dormit
919 1974 1075 1996 securus.

64 2008 214 2054 Biho2⁸)
238 2009 391 2042 ieiunus.
444 2008 474 2042 lt
500 2010 659 2044 cubitum
682 2011 903 2048 incoenatus.
958 2014 1076 2059 Virgi-

64 2061 133 2095 lius
154 2061 260 2106 [Aen.
279 2060 335 2101 Ill,
349 2061 426 2097 624
441 2059 528 2110 sq.]:
567 2063 688 2097 Medio
707 2066 897 2110 resupinus
914 2066 950 2099 in
969 2074 1074 2101 antro

64 2113 319 2159 Frangeretffi)
337 2114 382 2146 ad
399 2126 537 2148 saxum.

99 2267 148 2296 22)
168 2274 228 2292 cum
250 2280 281 2284 -
300 2270 436 2298 constat.j
456 2270 505 2294 Ed.
529 2271 620 2296 1539.:
648 2273 710 2297 sine
730 2273 823 2298 Verbo
842 2281 875 2298 ex
893 2275 964 2300 solis
984 2277 1074 2301 nomi-

135 2303 215 2327 nibus
233 2305 354 2327 constat.

99 2345 149 2375 2³)
168 2344 267 2378 verba]
289 2346 365 2370 deest
387 2347 414 2371 iu
435 2348 484 2372 Ed.
507 2349 583 2374 1539.

97 2389 287 2449 24gdfitlietliter
305 2389 405 2422 artes.]
427 2391 469 2414 sic
489 2392 539 2418 Ed.
561 2393 654 2424 1539.;
681 2394 766 2419 Editt.
791 2396 877 2427 1526„
900 2398 975 2423 1529.
996 2401 1073 2423 artes

173 2431 187 2448 e
202 2432 209 2448 ι
222 2431 262 2449 er.

99 2467 148 2497 25)
169 2468 252 2492 Dolet
270 2482 304 2486 --
324 2470 425 2493 victum
445 2472 514 2499 est]
536 2471 631 2495 luorum
651 2473 711 2497 loco
733 2475 812 2498 habet
831 2476 880 2499 Ed.
898 2477 991 2501 1539.:
1017 2478 1074 2502 Do·-

135 2503 174 2527 let
192 2503 307 2535 Tiircis,
333 2505 404 2534 quod
424 2506 457 2528 ab
477 2506 621 2530 obsidione
642 2507 794 2533 Viennensi
815 2511 921 2540 repulsi
940 2514 1020 2543 sunt,
1046 2513 1074 2536 id

135 2539 195 2568 est,
220 2545 252 2562 se
270 2540 403 2569 repulsos
422 2547 494 2564 csse.

100 2580 150 2609 26)
169 2581 311 2614 orationi]
342 2584 390 2608 Ed.
415 2585 490 2608 15:39.
516 2585 653 2616 orationi,
681 2588 726 2613 ut.
754 2588 894 2617 Duratae,
918 2592 945 2614 et
965 2593 1074 2616 vosmet

136 2616 218 2639 rebus
238 2620 353 2641 servate
372 2619 511 2644 secundis.
886 2618 889 2621 ⁴

100 2656 150 2685 27)
168 2658 213 2686 ut]
232 2658 282 2683 Ed.
302 2660 377 2684 1539.
398 2662 544 2692 praecipue

101 2698 150 2729 28)
169 2699 248 2733 mbo]
268 2702 317 2727 1⁴:11.
339 2704 415 2728 153⁹.
435 2705 499 2729 Bibe

100 2740 149 2770 29)
170 2743 340 2777 Frangeret]
362 2746 410 2770 Ed.
434 2748 508 2772 1539.
529 2749 672 2780 Frangere

72 2782 253 2817 Manum.
277 2787 382 2819 OPER.
431 2790 515 2821 Vm..
533 2791 605 2821 XX.

1084 105 1199 140 MEL.
1233 107 1324 142 SYN
1330 105 1483 142 TAXIS.

213 704 362 738 Utimur
389 711 507 738 autem
532 703 650 747 prima
683 709 717 735 et
741 703 897 736 secunda
917 714 1071 747 persona
1100 725 1102 729 ·

2066 106 2141 143 354

1447 194 1627 238 Quarta
1655 194 1825 237 regula.

1102 237 1105 250 6

1233 260 1352 294 Verba
1377 261 1601 295 substantiva
1620 262 1860 306 praecedunt,
1886 268 1920 295 et
1939 269 2141 308 sequuntur

1102 336 1103 339 η
1128 312 1356 347 nominativi.
1412 312 1504 346 Sunt
1525 320 1645 347 autem
1665 313 1908 355 substantiva,
1937 314 2045 355 Sum,
2072 314 2140 348 Fo-

1099 400 1102 405 ,
1128 375 1226 404 rem,
1250 363 1339 404 Pio,
1367 363 1511 405 Existo,
1541 366 1638 410 quod
1655 366 1906 407 substantiam,
1934 379 2010 400 non
2029 367 2143 400 actio-

1099 415 1102 467 ἐ
1127 427 1210 448 nem
1228 415 1444 460 significant,
1463 423 1520 450 ut:
1552 417 1683 451 Manus
1702 424 1848 452 nostrae
1864 425 1947 452 sunt
1964 419 2142 461 oculatae,

1128 468 1280 501 credunt
1299 469 1397 514 quod
1418 468 1554 502 vident.
1579 469 1733 513 [Gellius
1751 469 1796 511 V,
1814 472 1884 516 2.]:
1919 469 2044 516 Equus
2060 471 2141 505 Ale-

1099 524 1101 548 :
1127 519 1257 553 xandri
1275 526 1309 553 et
1326 520 1441 565 capite
1459 526 1493 553 et
1509 521 1658 554 nomine
1675 519 1903 566 Bucephalus
1921 523 1998 556 fuit.
2026 523 2139 557 Fama

1128 578 1180 606 est
1196 572 1347 607 malum.
1401 571 1544 605 Humor
1563 580 1613 606 est
1634 574 1735 606 dulce
1755 574 1851 608 satis.

1232 624 1325 658 Nam
1352 621 1422 657 hoc
1445 625 1556 657 niodo
1582 637 1623 657 ex
1650 625 1834 659 adiectivis
1855 626 1946 659 fiunt
1977 627 2140 661 substan—

1100 688 1101 694 *
1128 675 1200 709 tiva
1228 688 1358 720 genere
1382 683 1532 715 neutro;
1562 679 1623 710 sed
1648 675 1706 710 hic
1732 679 1905 711 monendi
1925 685 2009 712 sunt
2025 678 2141 724 pueri,

1099 733 1102 792 Ι
1126 727 1279 762 Latinos
1302 741 1408 774 saepe
1434 727 1623 774 Ellipsi30)
1646 728 1718 764 uti.
1762 730 1894 764 omisso
1921 731 2031 764 verbo
2057 731 2140 765 sub-

1099 795 1102 820 ,¹
1127 781 1297 815 stantivo.

1232 831 1278 866 Et
1302 832 1540 877 nuncupandi
1562 833 1691 872 verba,
1727 839 1784 866 ut:
1829 833 2003 878 Princeps
2030 834 2141 867 Saxo-

1126 884 1209 918 niae
1235 891 1387 918 vocatur
1411 885 1612 929 praefectus
1641 884 1840 930 praetorio.
1905 885 2056 920 Carolus
2081 887 2140 920 de-

1127 937 1287 981 signatus
1316 943 1367 970 est
1390 936 1580 971 Romanus
1607 935 1822 982 Imperator.
1878 935 1938 971 Ille
1965 938 2141 972 salutatur

1127 989 1266 1022 doctor.

1233 1040 1412 1074 Graecum
1432 1047 1504 1081 est,
1531 1041 1597 1074 Hic
1615 1041 1711 1086 cupit
1729 1041 1855 1075 audire
1865 1041 1913 1087 31)
1939 1039 2141 1086 theologus,

1127 1091 1163 1125 id
1183 1098 1253 1133 est,
1281 1092 1363 1126 dici.

1101 1180 1103 1185 ,
1232 1143 1301 1177 Sed
1320 1142 1377 1178 hic
1396 1144 1586 1178 observent
1603 1145 1705 1189 pueri
1721 1145 1896 1179 formulas
1912 1145 2141 1180 nominandi.

1099 1199 1103 1233 ῖ
1128 1194 1264 1229 Dicunt
1291 1197 1387 1230 enim
1416 1196 1537 1229 Latini
1565 1197 1662 1230 varie
1678 1197 1737 1244 32).
1800 1197 1865 1231 Est
1893 1196 1983 1231 mihi
2007 1210 2143 1231 nomen

1100 1250 1103 1282 l
1128 1248 1374 1293 Pomponius,
1404 1250 1499 1294 apud
1520 1249 1746 1284 Terentium.
1792 1248 1860 1290 Et,
1888 1249 1952 1284 Est
1970 1248 2060 1283 mihi
2077 1262 2143 1283 no-

1858 1300 1924 1342 Et,
1959 1301 2023 1336 Est
2052 1300 2142 1335 mihi

1101 1318 1103 1331 1
1129 1312 1213 1333 rnen
1238 1300 1456 1345 Pomponii,
1493 1303 1588 1346 apud
1616 1302 1800 1336 Plautum.

1100 1335 1104 1428 ¹*
1129 1364 1265 1386 nomen
1289 1352 1511 1398 PomponiO.
1582 1353 1662 1398 Qua
1686 1354 1842 1387 formula
1868 1354 2026 1387 maxime
2049 1354 2143 1387 dele-

1131 1411 1274 1439 ctantur
1296 1405 1440 1439 eruditi.
1494 1405 1606 1439 Vetus
1629 1412 1700 1446 est,
1726 1405 1905 1439 Fecerunt
1930 1406 1981 1439 illi
2006 1418 2142 1440 nomen

1102 1499 1103 1503 Ἰ
1129 1458 1346 1497 Ascanium,
1372 1459 1468 1502 apud
1486 1456 1630 1491 Livium
1659 1456 1702 1502 [I,
1722 1458 1784 1503 1.].

1101 1522 1104 1540 l

1102 1543 1106 1598 j
1498 1542 1558 1576 De
1586 1543 1778 1588 Figuris.

1103 1602 1105 1606 ”
1236 1611 1466 1648 Nominativi
1503 1625 1583 1646 cum
1620 1613 1732 1646 verbo
1771 1613 1874 1646 finito
1889 1612 1936 1660 33)
1977 1620 2143 1659 syntaxes

1132 1664 1360 1700 tradidimus.
1404 1665 1624 1711 Priusquam
1644 1671 1764 1699 autem
1783 1667 2029 1706 ostendamus,
2054 1679 2143 1712 quo-

1103 1679 1106 1745 l
1132 1717 1242 1750 modo
1272 1717 1411 1763 obliqui
1431 1730 1511 1751 cum
1535 1717 1652 1751 verbis
1676 1715 1914 1758 cohaereant,
1943 1718 2143 1753 recensebi-

1103 1753 1106 1794 l
1133 1781 1213 1802 mus
1231 1770 1363 1813 figuras
1381 1769 1679 1810 constructionis,
1708 1782 1796 1816 quas
1812 1771 1860 1804 ita
1880 1777 2030 1811 vocant,
2061 1783 2142 1804 cum

1102 1795 1106 1868 l
1132 1820 1177 1853 ab
1201 1821 1368 1865 analogia
1395 1828 1429 1855 et
1453 1821 1638 1855 communi
1662 1823 1784 1866 regula
1801 1823 1845 1856 de
1863 1822 2092 1856 nominativo
2109 1829 2143 1856 et

1103 1871 1106 1909 ἶ
1131 1873 1242 1906 verbo
1271 1873 1460 1908 brevitatis
1488 1886 1591 1908 causa
1619 1874 1780 1908 discessit
1804 1876 2049 1915 consuetudo,
2085 1881 2141 1909 ut:

1130 1923 1209 1969 Ego
1236 1931 1271 1958 et
1293 1938 1393 1959 meus
1417 1926 1582 1960 minister
1605 1938 1760 1971 propere
1778 1927 2024 1969 adcurrimus,
2052 1927 2142 1960 belle

1129 1976 1262 2011 dicitur
1286 1985 1413 2011 contra
1443 1978 1663 2023 analogiam.
1717 1978 1754 2012 Si
1779 1979 1986 2024 analogiam
2015 1991 2142 2025 sequa-

1129 2028 1199 2070 ris,
1228 2036 1279 2064 est
1298 2031 1422 2064 odiosa
1446 2031 1633 2076 repetitio:
1670 2030 1748 2075 Ego
1770 2032 1946 2072 adcurro,
1975 2038 2009 2065 et
2034 2031 2142 2065 mini-

1128 2087 1202 2115 ster
1219 2082 1391 2117 adcurrit.

1099 2121 1103 2198 l
1333 2166 1594 2213 Σύνθεσις,
1631 2167 1938 2213 Compositio.

1232 2234 1418 2282 Synthesis
1442 2244 1511 2277 est,
1539 2250 1620 2271 cum
1643 2237 1785 2270 nomini
1809 2237 2052 2272 multitudinis
2069 2237 2139 2272 sin-

1129 2288 1244 2332 gulari
1276 2290 1471 2334 respondet
1502 2290 1651 2323 verbum
1676 2290 1829 2334 plurale.
1889 2288 1987 2325 Nam
2017 2291 2061 2323 ad
2086 2290 2139 2323 in-

1128 2340 1308 2374 tellectum
1333 2342 1488 2375 refertur
1508 2342 1751 2383 constructio,
1777 2348 1833 2375 ut:
1871 2341 1994 2375 Turba
2016 2349 2139 2376 ruunt.

1129 2391 1226 2426 Gens
1250 2394 1393 2428 armati.
1423 2392 1544 2442 [Curt.
1563 2393 1622 2435 Ill,
1637 2392 1673 2435 5,
1694 2391 1792 2441 14.]:
1827 2393 1901 2427 Pro
1926 2406 1963 2428 se
1987 2394 2138 2440 quisque

1129 2445 1269 2488 precari
1288 2453 1496 2490 coeperunt.
1519 2443 1947 2495 [Virg.Aen.VI‚743.]:
1977 2446 2138 2492 Quisque

1128 2509 1210 2530 suos
1249 2497 1411 2541 patimur
1445 2511 1582 2533 manes.
1621 2497 1741 2547 [Idem
1769 2498 1903 2544 Georg.
1924 2497 1986 2539 IV,
2010 2496 2136 2545 378.]:

1162 2626 1210 2653 30)
1230 2622 1344 2655 Ellipsi]
1365 2624 1415 2647 Ed.
1436 2623 1512 2647 1539.
1531 2624 1636 2654 Eclipsi

1097 2638 1101 2709 1
1162 2669 1211 2696 31)
1230 2667 1342 2696 audire]
1361 2667 1410 2692 Ed.
1433 2668 1508 2691 1529.
1527 2667 1617 2691 audiri

1097 2713 1102 2765 i
1163 2711 1213 2740 ³2)
1234 2711 1336 2740 varie]
1357 2711 1406 2734 Ed.
1428 2711 1502 2735 1539.
1522 2712 1610 2736 male:
1635 2711 1743 2737 variae.

1164 2755 1212 2782 33)
1232 2761 1292 2780 cum
1312 2755 1396 2780 verbo
1415 2754 1508 2784 finito]
1528 2755 1579 2778 Ed.
1601 2755 1676 2779 1539.
1696 2756 1723 2778 et
1741 2753 1819 2778 verbi
1839 2752 1909 2778 finiti

1559 2792 1608 2825 23
