2453 3037
298 140 348 178 75
889 133 1012 170 PHIL.

708 224 740 253 V
759 235 775 255 a
794 234 812 254 r
831 222 842 254 i
860 234 891 255 a.

404 288 459 322 Ab
475 286 586 333 ὑμγῶ
605 296 772 329 praesens
791 281 1023 327 participium
1044 286 1095 314 est

575 344 792 390 ὑμνοῦντος
845 342 993 388 quintae
1014 340 1142 373 declin.
1161 339 1278 383 simpl.

574 394 768 441 ὑμνούσης
844 394 1020 428 secundae
1039 391 1192 436 simplic.

299 451 343 488 τὸ
361 450 510 496 ὑμνοῦν
576 446 790 493 ὑμνοῦντος
843 446 992 492 quintae
1011 443 1165 488 simplic.

402 509 499 543 Insra
520 506 778 542 formationem
806 506 938 545 disces,
981 502 1038 537 hic
1065 510 1098 537 te
1124 504 1305 535 admoneo

300 562 440 609 generis
472 573 511 594 ac
541 558 813 597 declinationis,
857 570 949 603 quae
985 568 1064 589 cum
1097 554 1307 588 nominibus

298 613 488 661 Ριιιτῐίεἰρίι
508 610 715 646 communia
732 607 882 643 hibent.
937 608 1034 652 Ergo
1061 608 1104 640 ιι1)
1130 604 1307 651 ὑμνοῦσα

297 668 447 701 foemin.
471 664 599 708 singul.
627 668 679 696 est
706 659 785 696 ὗιιι
788 664 897 696 οὖσαι
928 659 1077 705 pluralis
1110 657 1307 692 nominati—

300 732 386 758 vus,
437 724 471 750 et
507 728 574 774 pro
610 712 786 759 ὑμνουσα
822 710 995 756 ὑμνεῦσα
1031 711 1205 744 Doricum
1245 715 1307 743 est.

298 770 472 829 Exempla
505 768 543 800 in
576 772 748 812 promptu
780 771 864 798 sunt
895 762 1131 798 Theocritum
1164 761 1307 805 legenti.

298 822 331 857 Is
363 822 400 855 in
431 819 588 866 paedicis
621 817 738 863 (cuius
776 816 946 850 carminis
978 822 1030 850 est
1058 813 1126 848 hoc
1162 814 1306 846 initium

304 872 438 917 Οἶνος,
474 874 504 906 οὐ
531 869 615 918 φίλε
645 870 731 910 παῖ,
768 867 933 916 λέγεται,
968 865 1032 902 καὶ
1057 863 1223 907 ἀλάθεα,
1271 865 1306 898 id

301 933 373 966 est,
400 926 436 958 in
458 925 543 956 xino
571 922 720 965 vetitas)
752 920 800 954 sic
828 920 966 965 inquit:
1001 916 1068 954 τὸν
1094 920 1241 964 πρᾶτον
1267 914 1308 952 δὲ

301 980 482 1025 φιλεῦντα
499 971 669 1021 τρίταιον
687 972 848 1017 «ἔθηκας,
885 984 950 1016 pio
970 973 1165 1017 φιλοῦντα.
1221 968 1308 1002 Cae-

302 1036 418 1063 terum
441 1026 597 1073 hymnus
615 1024 762 1069 proprie
782 1023 945 1057 Deorum
966 1023 1043 1056 laus
1063 1028 1125 1056 est.

407 1086 593 1134 Τέρπουσι
621 1085 819 1124 delectant,
861 1083 1017 1117 activum
1044 1082 1182 1127 plurale
1207 1094 1310 1126 prae-

301 1153 403 1180 sens,
438 1146 478 1173 ut
505 1135 689 1173 τύπτουσι
714 1137 811 1169 acuit
838 1135 1162 1180 antepenultimam
1188 1146 1229 1166 ex
1256 1145 1309 1166 re-

303 1193 404 1238 gula:
432 1191 473 1224 In
489 1189 711 1235 polysyllaba
737 1188 863 1221 ultima
888 1187 989 1220 brevi
1017 1193 1082 1220 etc.
1111 1191 1234 1219 acutus
1260 1192 1311 1219 est

305 1246 342 1278 in
363 1242 670 1287 antepenultima,
698 1240 779 1273 xide
799 1252 920 1284 supra.

300 349 321 386 ὃ
336 349 472 394 ’ὑμνῶν

299 399 322 448 ἡ
340 399 515 444 ὑμνοῦσα

409 1301 550 1352 Μεγαν
569 1299 801 1347 ἑτερόκλιτον
825 1307 887 1334 est.
942 1297 962 1335 ὃ
986 1297 1126 1347 ιιέγας,
1154 1301 1223 1333 τοῦ
1246 1311 1312 1343 με-

304 1355 424 1406 γάλου
450 1368 468 1387 ιι
498 1351 680 1402 μεγάλος,
716 1354 771 1386 τῶ
793 1351 968 1399 μεγάλῳ,
1004 1349 1072 1386 τὸν
1097 1349 1239 1399 μέγαν,
1280 1363 1311 1384 ω

303 1407 415 1456 μέγα.
469 1406 644 1450 Reliquos
666 1416 766 1437 casus
784 1417 801 1436 a
819 1401 982 1452 ιιεγάλος
1006 1404 1136 1436 [οιῑιιιι.
1192 1402 1250 1435 Sic
1278 1408 1313 1434 et

304 1466 421 1493 totum
441 1457 681 1491 foemininum
699 1453 722 1501 ἡ
746 1454 908 1503 μεγάλη,
945 1456 1007 1500 τῆς
1035 1453 1211 1501 μεγάλης.
1271 1452 1312 1485 In

305 1518 437 1545 neutro
457 1510 521 1543 sic:
557 1507 600 1542 τὸ
622 1505 741 1554 ιιέγα,
770 1508 838 1541 τοῦ
859 1503 1049 1554 μεγάλου,
1075 1508 1129 1539 τιῦ
1145 1503 1313 1553 μεγάλω,

304 1561 348 1598 τὸ
365 1560 474 1610 ιιέγα.
528 1559 674 1592 Plurale
699 1571 716 1590 ιι
744 1555 912 1606 ιιεγοῖλον
938 1564 1030 1602 pete.
1066 1556 1204 1605 μέγας,
1231 1554 1312 1601 μεί-

307 1612 383 1657 ζωι
395 1641 404 1654 ‚
431 1611 606 1661 μέγιστος
626 1622 733 1655 supra
754 1609 1059 1653 comparavimus.

411 1670 514 1707 Νόον
531 1684 548 1704 ιι
566 1669 671 1712 νόος,
700 1672 798 1710 νοῦς.
855 1669 951 1714 Quid
979 1682 996 1702 a
1021 1666 1144 1715 φρὴν,
1175 1665 1312 1713 θυμὸς,

307 1721 417 1773 λόγος
434 1724 596 1763 differat,
627 1720 836 1767 philosophi
859 1721 1028 1754 viderint.

306 1775 572 1822 mythologiam
606 1781 721 1819 capta.

306 1826 402 1862 lovis
420 1829 609 1862 delectant.
660 1825 792 1866 Musis,
821 1824 890 1858 hoc
906 1831 978 1865 est,
1004 1824 1079 1857 veri
1098 1824 1246 1858 scientia
1268 1824 1315 1856 ad

308 1881 395 1914 deos
430 1879 704 1917 transferimur,
749 1877 826 1911 Diis
856 1878 989 1911 similes
1020 1876 1226 1916 reddimur,
1278 1875 1311 1907 id

309 1932 409 1978 quod
427 1931 591 1976 pluribus
611 1930 647 1963 in
662 1928 810 1973 Theage
826 1929 930 1962 Plato
951 1928 1105 1962 disserit.

412 1989 516 2030 ἐντός
536 1990 643 2030 intra,
671 1988 882 2022 adverbium
900 1988 1060 2033 genitivo
1080 1986 1314 2021 construitur.

406 2049 603 2096 Ὀλύμπου
630 2050 791 2090 coelum,
824 2049 1022 2094 Olympum
1047 2048 1198 2081 dicimus
1223 2045 1316 2085 ὅλως

312 2101 506 2148 λαμπρόν,
541 2109 582 2136 ut
602 2108 653 2136 est
676 2108 783 2134 autor
808 2099 961 2141 Theon,
996 2100 1100 2134 Arati
1125 2099 1315 2144 interpres,

310 2155 442 2188 nobilis
462 2154 730 2199 grainu‘iaticus.

415 2222 492 2268 (Vs.
510 2223 590 2267 38.)
620 2223 795 2267 Εἷρεῦσαι
816 2221 1046 2266 participium
1073 2231 1243 2265 praesens
1271 2219 1316 2251 ab

312 2275 420 2320 εἴρω,
446 2273 466 2309 ὁ
484 2275 615 2319 εἴρων,
643 2276 712 2308 τοῦ
737 2274 901 2319 εἴροντος
929 2273 1077 2320 quintae
1103 2271 1316 2305 declinatio-

312 2327 380 2360 nis.
441 2324 463 2372 ἡ
488 2326 658 2369 εἴρουσα,
696 2328 760 2370 τῆς
781 2325 966 2372 εἷρούσης,
1007 2325 1185 2359 secundae
1209 2323 1315 2356 decli-

312 2385 388 2411 nat.
441 2376 484 2412 τὸ
510 2375 632 2422 εἶρον,
667 2379 735 2411 τοῦ
760 2378 944 2422 εἴροντος,
972 2378 1121 2422 quintae
1147 2375 1315 2409 declinat.

311 2429 359 2463 Et
393 2430 436 2462 ab
468 2429 619 2474 antiquo
652 2429 762 2461 verbo
792 2427 896 2472 εἲρέω
924 2430 958 2462 fit
984 2430 1114 2474 εἰραῖν,
1147 2428 1315 2474 εἶροῦσα,

314 2482 452 2524 εἶροῦν.
514 2481 569 2513 Ab
600 2481 772 2526 εἷροῦσα,
808 2481 956 2526 εἶρεῦσα
971 2480 1018 2527 ⁹⁶)
1047 2480 1190 2514 Dorice.
1259 2481 1314 2514 Ab

313 2533 401 2578 εἴρω
417 2538 468 2566 est
486 2533 597 2577 εἴρων
615 2533 881 2572 ‹lissiiimlator,
910 2531 992 2565 hinc
1018 2529 1227 2577 εἰρωνεύειν
1246 2531 1316 2566 ι1ἰ5-

314 2585 506 2624 simulare,
533 2584 776 2623 Socraticum,
805 2591 837 2617 et
856 2583 1024 2629 εἰρωνεία
1044 2585 1180 2624 ironia,
1214 2583 1316 2618 dissi-

314 2636 479 2670 mulatio.
536 2635 671 2669 Contra
700 2633 848 2678 ἀλάζων
875 2637 1084 2676 simulator,
1114 2643 1315 2670 ostentator

351 2772 399 2798 ¹36)
418 2771 541 2803 εἰρεῦσα]
564 2772 590 2795 ἰιι
611 2772 694 2795 Editt.
714 2772 804 2800 1538.,
827 2771 902 2796 1511.
923 2770 1046 2795 additur:
1074 2772 1103 2794 ut
1124 2767 1260 2802 ὖμιέῡσα.

1047 131 1162 167 MEL.
1198 129 1403 166 SCRIPTA
1438 127 1780 163 PHILOLOGICA.

2315 129 2366 169 76

1360 229 1493 256 vanus,
1523 216 1585 261 qni
1605 215 1759 249 Salacon
1775 215 1813 248 in
1830 214 2015 260 proverbii
2037 215 2192 260 speciem
2218 216 2366 258 dicitur,

1360 275 1395 302 et
1412 268 1681 311 σαλακονῖσαι,
1709 280 1843 301 vanum
1863 273 2120 300 ostentatorem
2142 280 2260 312 agere.

1463 315 1510 353 τά
1527 317 1560 353 τ’
1582 317 1710 360 ἐόντα,
1735 316 1782 353 τά
1803 318 1974 353 articulus
1995 319 2113 352 neutri
2138 319 2299 364 generis,
2325 332 2365 354 τε

1360 370 1567 404 coniunctio
1602 382 1692 416 que,
1734 367 1846 405 ἐόντα
1869 383 1936 415 pro
1963 370 2056 406 ὄντα
2085 371 2130 404 ab
2155 369 2253 416 εἶμί,
2297 368 2366 415 ὤν,

1360 419 1477 466 οὖσα,
1514 420 1580 466 ὄν,
1619 422 1782 456 existens.
1854 423 2028 456 Prorsum
2066 420 2155 456 haee
2186 422 2364 456 foecunda

1360 472 1504 520 mythos
1523 480 1595 513 est,
1621 473 1765 514 Musae,
1795 485 1886 518 quae
1900 481 2002 514 sunt,
2030 486 2123 519 quae
2140 475 2307 513 fuerunt,
2331 480 2366 506 et

1361 539 1454 572 quae
1480 531 1631 559 ventura
1661 523 1876 566 trahuntur,
1911 524 1988 558 Iovi
2015 533 2170 566 canunt,
2205 523 2274 559 hoc
2302 531 2368 565 est,

1360 577 1486 612 Musae
1523 577 1687 610 omnium
1722 589 1845 610 rerum
1879 577 2122 621 cognitionem
2157 577 2365 622 complexae

1361 636 1464 668 sunt,
1494 635 1533 662 ut
1550 628 1731 662 Platonici
1750 628 1892 668 dicunt,
1920 627 2151 675 φιλοσοφίαν
2171 626 2267 664 εἶναι
2288 629 2367 663 τῶν

1361 678 1481 716 θείων
1499 693 1537 715 τε
1553 678 1617 714 καὶ
1634 678 1895 727 ἀνθρωπίνων
1911 683 2067 728 γνῶσιν.

1465 730 1685 777 ἑσσάμενος,
1712 746 1752 778 η,
1781 745 1825 767 ον
1847 733 2022 766 futurum.

1466 783 1539 829 πρό
1557 790 1660 824 ante,
1689 784 1956 818 adverbialiter.
2011 783 2080 817 Sed
2096 781 2185 816 haec
2206 782 2306 817 alias.

1465 848 1504 869 τε
1523 848 1603 880 que.
1655 832 1786 880 ἐόντα,
1814 834 1917 870 ὄντα.

1467 903 1545 950 (Vs.
1564 902 1644 949 39.)
1673 905 1806 950 φωνῇ,
1838 915 1943 943 voce,
1980 909 2097 937 sextus
2122 915 2222 937 casus
2249 908 2319 943 est,
2347 914 2367 935 a

1362 952 1472 1003 φωνή
1492 955 1741 995 nominativo,
1772 956 1833 1000 qui
1850 956 1957 988 finem
1978 955 2074 987 acuit
2097 960 2240 998 praeter
2264 966 2367 998 regu-

1362 1008 1448 1041 lam.
1501 1006 1578 1040 Etsi
1598 1007 1693 1039 enim
1716 1007 1860 1040 verbale
1878 1006 1988 1040 facias
2007 1018 2026 1038 a
2052 1004 2210 1053 φωνὲω,
2244 1011 2367 1038 tamen

1364 1071 1456 1105 quae
1473 1059 1670 1092 secundum
1699 1070 1779 1091 eum
1800 1059 1950 1091 modum
1976 1058 2207 1098 formantur,
2235 1057 2370 1091 scilicet

1364 1123 1382 1143 a
1402 1110 1665 1155 posterioribus
1683 1110 1813 1144 futuris
1825 1137 1834 1151 ‚
1863 1121 2072 1143 communes
2089 1109 2231 1153 regulas
2245 1120 2369 1142 accen-

1365 1169 1465 1195 tuum
1485 1169 1706 1208 sequuntur,
1735 1168 1808 1195 uta
1833 1163 1963 1206 τυπιῦ,
1990 1160 2127 1205 τύπος,
2152 1159 2281 1205 τόκος,
2307 1156 2370 1196 νό-

1362 1226 1451 1259 μος,
1481 1210 1672 1260 σφενδόνη
1689 1225 1708 1245 a
1727 1211 1956 1259 σφενδονέω.
2011 1212 2140 1246 Obiter
2155 1212 2193 1245 in
2212 1218 2369 1246 mentem

1365 1265 1465 1298 venit
1483 1263 1656 1300 historiae
1675 1264 1806 1310 Gygis‚
1835 1277 1941 1310 quem
1965 1277 1983 1297 e
2001 1264 2155 1297 Platone
2172 1263 2223 1298 M.
2243 1263 2370 1297 Cicero

1366 1317 1404 1350 in
1428 1317 1573 1350 tertium
1593 1316 1806 1350 Officiorum
1838 1316 2035 1350 transtulit.
2089 1313 2198 1350 Isthic
2221 1315 2369 1360 legitur:

1338 1397 1340 1406 .
1366 1381 1447 1403 cum
1474 1370 1595 1413 palam
1623 1368 1698 1402 eius
1723 1367 1849 1401 annuli
1875 1369 1919 1401 ad
1947 1368 2106 1412 palmam
2131 1373 2371 1401 converteret.

1340 1677 1535 1724 gpalathae
1571 1680 1641 1712 dici
1674 1679 1817 1719 malim,

1084 1720 1142 1754 Tu
1167 1720 1313 1753 interim
1340 1728 1341 1733 ¹

794 1774 920 1806 Musae
951 1785 1121 1817 magnam
1153 1778 1312 1805 mentem
1340 1782 1341 1809 1
1368 1796 1465 1817 cons
1496 1789 1528 1816 U.
1532 1781 1656 1817 ,hum

1366 1420 1495 1453 Latina
1514 1432 1584 1453 vox
1601 1420 1682 1464 pala
1700 1420 1907 1464 infrequens
1924 1425 1994 1459 est,
2023 1430 2092 1464 qua
2113 1417 2239 1451 Cicero
2259 1429 2371 1466 σφεν-

1365 1470 1503 1518 ὃόνην,
1556 1472 1654 1517 quod
1692 1472 1789 1516 apud
1823 1471 2014 1504 Platonem
2048 1482 2183 1503 nomen
2218 1476 2270 1511 est
2303 1482 2370 1515 pro

1366 1536 1505 1564 massa,
1544 1536 1613 1569 qua
1643 1523 1769 1557 annuli
1795 1535 1937 1567 gemma
1962 1522 2162 1563 clauditur,
2201 1522 2371 1556 reddidit.

1367 1575 1559 1609 Caeterum
1578 1582 1612 1609 et
1629 1576 1709 1620 pala
1728 1575 1968 1608 ventilabrum
1991 1574 2185 1618 significat,
2214 1581 2248 1608 et
2272 1574 2371 1619 pala-

1367 1640 1427 1660 eae
1452 1628 1550 1668 auri,
1586 1628 1623 1660 id
1647 1633 1716 1668 est,
1754 1639 1891 1661 massae
1916 1627 2102 1671 leguntur;
2147 1638 2370 1672 quamquam

1861 1679 1995 1725 quippe
2020 1677 2170 1722 originis
2195 1678 2369 1717 Graecae,

1368 1732 1463 1765 unde
1491 1738 1525 1765 et
1548 1731 1702 1776 palatia,
1739 1737 1773 1763 et
1793 1731 1861 1763 alia
1888 1730 2067 1776 quaedam
2091 1730 2240 1763 nomina
2260 1729 2368 1763 Iuris-

1718 1783 1825 1827 Apud
1850 1782 2040 1815 Platonem
2067 1787 2135 1815 est:
2178 1794 2243 1816 και
2266 1779 2372 1828 αὐτῷ

1368 1835 1468 1870 ου’τω
1487 1846 1533 1869 σι
1535 1833 1732 1880 ιιβαίνειν,
1763 1832 1962 1880 στρέφοντι
1982 1830 2053 1877 μὲν
2070 1833 2157 1866 εἴσω
2173 1831 2243 1878 τὴν
2259 1844 2374 1880 σφεν-

1368 1884 1486 1931 ὃόνην
1494 1913 1505 1930 ,
1546 1883 1674 1932 ἀδήλω
1698 1899 1708 1909 -·
1697 1899 1786 1934 ¹ss
1778 1885 1920 1920 εσθαι
1963 1883 2032 1924 ἔξω
2056 1881 2095 1918 δὲ
2119 1850 2234 1931 δήλῳ.
2303 1883 2373 1917 De·

1369 1939 1460 1971 clina
1480 1935 1589 1983 φωνή
1607 1945 1645 1971 ut
1662 1940 1811 1982 μοῦσα,
1836 1937 1917 1969 side
1935 1933 2178 1968 characterem
2197 1948 2320 1980 supra.

1472 1987 1678 2035 ὃιιηρεῦσαι
1702 1988 1967 2049 participium,
2022 1987 2274 2048 concinentes,
2327 1988 2374 2021 ab

1369 2039 1520 2086 ὅμηρα),
1549 2038 1569 2075 ὁ
1587 2038 1753 2086 ὃιιηριῦν.
1803 2038 1825 2086 ἡ
1843 2037 2039 2085 ὁμηροῦσα
2057 2045 2090 2072 et
2108 2037 2302 2085 ὃιιηρεῦσα
2312 2039 2374 2087 ⁹⁷),

1369 2100 1544 2137 utsupra.
1597 2091 1640 2127 τὸ
1665 2090 1847 2138 ὁιιηροῦν.
1903 2092 1983 2136 Qua
2009 2091 2270 2135 significatione
2294 2103 2373 2124 ver-

1368 2146 1454 2178 bum
1501 2142 1632 2191 ὁμηριῦ
1672 2145 1806 2177 factum
1845 2143 2010 2177 existimo
2030 2170 2039 2183 ,
2083 2144 2127 2176 ab
2165 2140 2269 2188 ὁμῶς
2308 2141 2374 2178 καὶ

1370 2196 1441 2243 ἔρω
1458 2196 1517 2241 9⁸).

1473 2263 1569 2309 (Vss.
1588 2261 1636 2296 39
1655 2262 1725 2308 sq.)
1766 2263 1852 2297 Τῶν
1874 2260 1910 2297 δ’
1939 2258 2139 2308 ἀκάματον
2169 2261 2239 2308 ρίει
2272 2259 2373 2307 αὐδὴ

1370 2316 1409 2351 ἐκ
1437 2312 1637 2361 στομάτων
1662 2312 1779 2360 ἡδεῖα.
1835 2314 2011 2348 Construe
2036 2315 2103 2348 sic:
2139 2311 2247 2360 ἡδεῖα
2274 2310 2374 2359 αὐδὴ

1368 2366 1438 2414 ῥέει
1462 2365 1660 2413 ἀκάματον
1682 2366 1721 2400 ἐκ
1738 2365 1938 2412 στομάτων
1961 2364 2094 2402 τῶνδε.
2155 2366 2271 2399 Suave
2296 2376 2373 2398 car-

1369 2431 1452 2453 men
1480 2419 1559 2452 fluit
1592 2419 1765 2452 indefesse
1800 2432 1841 2452 ex
1867 2432 1928 2452 ore
1955 2419 2113 2453 illarum.
2184 2416 2246 2449 Dii
2273 2415 2374 2458 boni,

1369 2484 1478 2518 quam
1497 2477 1645 2504 venuste
1664 2471 1797 2504 dictum
1816 2478 1868 2505 est
1885 2471 1995 2504 fluere
2014 2481 2181 2509 carmen,
2220 2475 2255 2502 et
2272 2469 2372 2503 inde-

1368 2524 1469 2558 fesse.
1523 2523 1607 2557 Sola
1625 2522 1721 2556 enim
1741 2535 1780 2556 ea
1801 2523 1938 2567 ingenii
1955 2521 2107 2556 humani
2123 2521 2260 2555 functIo
2279 2520 2372 2566 opti-

1402 2656 1451 2683 97]
1472 2657 1499 2679 et
1518 2652 1675 2686 ὅμηρεῦσα]
1701 2654 1741 2679 sic
1760 2655 1842 2679 Editt.
1863 2655 1954 2684 ¹518..
1984 2654 2077 2684 ¹538.‚
2108 2653 2201 2684 1541.;
2239 2653 2267 2677 iu
2286 2652 2369 2677 Editt.

1440 2690 1516 2716 15⁴2,
1535 2696 1595 2720 sqq.
1615 2690 1724 2714 desunt.

1401 2734 1453 2775 98)-
1469 2732 1538 2765 ἕρω]
1564 2733 1605 2756 sic
1631 2733 1716 2758 Editt.
1739 2734 1832 2763 1513„
1862 2732 1935 2756 1542.
1951 2738 2029 2762 sqq.;

1438 2776 1512 2800 ερως.

2068 2731 2150 2756 Editt.
2171 2731 2265 2762 15³8.,
2293 2731 2369 2756 1541.
