<?xml version="1.0" encoding="UTF-8"?>
<!DOCTYPE html PUBLIC "-//W3C//DTD XHTML 1.0 Transitional//EN"
    "http://www.w3.org/TR/xhtml1/DTD/xhtml1-transitional.dtd">
<html xmlns="http://www.w3.org/1999/xhtml" xml:lang="en" lang="en">
 <head>
  <title>
</title>
<meta http-equiv="Content-Type" content="text/html;charset=utf-8" />
  <meta name='ocr-system' content='tesseract 3.04.00' />
  <meta name='ocr-capabilities' content='ocr_page ocr_carea ocr_par ocr_line ocrx_word'/>
</head>
<body>
  <div class='ocr_page' id='page_1' title='image "./operaquaesupersu20melauoft_0250.png"; bbox 0 0 2421 3037; ppageno 0'>
   <div class='ocr_carea' id='block_1_1' title="bbox 251 113 325 149">
    <p class='ocr_par' dir='ltr' id='par_1_1' title="bbox 251 113 325 149">
     <span class='ocr_line' id='line_1_1' title="bbox 251 113 325 149; baseline -0.014 -1"><span class='ocrx_word' id='word_1_1' title='bbox 251 113 325 149; x_wconf 75' lang='lat'>475</span> 
     </span>
    </p>
   </div>
   <div class='ocr_carea' id='block_1_2' title="bbox 249 189 1782 233">
    <p class='ocr_par' dir='ltr' id='par_1_2' title="bbox 249 189 1782 233">
     <span class='ocr_line' id='line_1_2' title="bbox 249 189 1782 233; baseline -0.005 -3"><span class='ocrx_word' id='word_1_2' title='bbox 249 202 319 230; x_wconf 83' lang='lat' dir='ltr'>tioni</span> <span class='ocrx_word' id='word_1_3' title='bbox 341 200 454 228; x_wconf 75' lang='lat' dir='ltr'>formae</span> <span class='ocrx_word' id='word_1_4' title='bbox 478 199 623 225; x_wconf 78' lang='lat' dir='ltr'>maximae</span> <span class='ocrx_word' id='word_1_5' title='bbox 646 205 672 222; x_wconf 84' lang='lat' dir='ltr'>a.</span> <span class='ocrx_word' id='word_1_6' title='bbox 691 192 784 222; x_wconf 78' lang='lat'>1572.</span> <span class='ocrx_word' id='word_1_7' title='bbox 809 204 898 231; x_wconf 84' lang='lat' dir='ltr'>supra</span> <span class='ocrx_word' id='word_1_8' title='bbox 923 192 1026 233; x_wconf 72' lang='lat' dir='ltr'>p.439</span> <span class='ocrx_word' id='word_1_9' title='bbox 1043 206 1087 232; x_wconf 77' lang='lat' dir='ltr'>sq.</span> <span class='ocrx_word' id='word_1_10' title='bbox 1112 195 1279 222; x_wconf 79' lang='lat' dir='ltr'>recensitae</span> <span class='ocrx_word' id='word_1_11' title='bbox 1304 189 1580 230; x_wconf 72' lang='lat' dir='ltr'>pag.720—746.</span> <span class='ocrx_word' id='word_1_12' title='bbox 1596 194 1782 232; x_wconf 80' lang='lat' dir='ltr'>adiunxit*).</span> 
     </span>
    </p>
   </div>
   <div class='ocr_carea' id='block_1_3' title="bbox 877 105 1683 142">
    <p class='ocr_par' dir='ltr' id='par_1_3' title="bbox 877 105 1683 142">
     <span class='ocr_line' id='line_1_3' title="bbox 877 105 1683 142; baseline 0 0"><span class='ocrx_word' id='word_1_13' title='bbox 877 108 1001 142; x_wconf 80' lang='lat' dir='ltr'>PHIL.</span> <span class='ocrx_word' id='word_1_14' title='bbox 1029 108 1143 142; x_wconf 74' lang='lat' dir='ltr'>MEL.</span> <span class='ocrx_word' id='word_1_15' title='bbox 1172 106 1376 141; x_wconf 65' lang='lat' dir='ltr'>SCRIPTA</span> <span class='ocrx_word' id='word_1_16' title='bbox 1411 105 1683 142; x_wconf 79' lang='lat' dir='ltr'><strong>HISTORICA.</strong></span> 
     </span>
    </p>
   </div>
   <div class='ocr_carea' id='block_1_4' title="bbox 1830 193 2313 223">
    <p class='ocr_par' dir='ltr' id='par_1_4' title="bbox 1830 193 2313 223">
     <span class='ocr_line' id='line_1_4' title="bbox 1830 193 2313 223; baseline 0.006 -3"><span class='ocrx_word' id='word_1_17' title='bbox 1830 194 1905 222; x_wconf 85' lang='lat' dir='ltr'>ltem</span> <span class='ocrx_word' id='word_1_18' title='bbox 1920 194 2070 222; x_wconf 79' lang='lat' dir='ltr'>iuvenitur</span> <span class='ocrx_word' id='word_1_19' title='bbox 2087 195 2114 221; x_wconf 92' lang='lat' dir='ltr'>in</span> <span class='ocrx_word' id='word_1_20' title='bbox 2130 193 2313 223; x_wconf 81' lang='lat' dir='ltr'>Editiouibus</span> 
     </span>
    </p>
   </div>
   <div class='ocr_carea' id='block_1_5' title="bbox 248 234 2312 276">
    <p class='ocr_par' dir='ltr' id='par_1_5' title="bbox 248 234 2312 276">
     <span class='ocr_line' id='line_1_5' title="bbox 248 234 2312 276; baseline -0.003 -3"><span class='ocrx_word' id='word_1_21' title='bbox 248 254 287 273; x_wconf 85' lang='lat' dir='ltr'>ex</span> <span class='ocrx_word' id='word_1_22' title='bbox 315 244 366 271; x_wconf 86' lang='lat' dir='ltr'>illa</span> <span class='ocrx_word' id='word_1_23' title='bbox 391 241 499 270; x_wconf 72' lang='lat' dir='ltr'>recusis</span> <span class='ocrx_word' id='word_1_24' title='bbox 524 247 666 267; x_wconf 81' lang='lat' dir='ltr'>annorum</span> <span class='ocrx_word' id='word_1_25' title='bbox 693 235 786 266; x_wconf 78' lang='lat'>1580.</span> <span class='ocrx_word' id='word_1_26' title='bbox 811 238 875 266; x_wconf 61' lang='lat'>1³01.</span> <span class='ocrx_word' id='word_1_27' title='bbox 900 238 945 276; x_wconf 86' lang='lat' dir='ltr'>(p.</span> <span class='ocrx_word' id='word_1_28' title='bbox 961 236 1193 275; x_wconf 73' lang='lat'>720—7—16.),</span> <span class='ocrx_word' id='word_1_29' title='bbox 1225 235 1319 266; x_wconf 78' lang='grc'><strong>1581.</strong></span> <span class='ocrx_word' id='word_1_30' title='bbox 1350 234 1382 264; x_wconf 84' lang='grc'><strong>8.</strong></span> <span class='ocrx_word' id='word_1_31' title='bbox 1406 236 1449 273; x_wconf 81' lang='lat' dir='ltr'>(p.</span> <span class='ocrx_word' id='word_1_32' title='bbox 1473 234 1729 276; x_wconf 71' lang='lat'>1146-1189.)</span> <span class='ocrx_word' id='word_1_33' title='bbox 1755 245 1783 266; x_wconf 84' lang='lat' dir='ltr'>et</span> <span class='ocrx_word' id='word_1_34' title='bbox 1811 235 1906 266; x_wconf 78' lang='grc'><strong>1624.</strong></span> <span class='ocrx_word' id='word_1_35' title='bbox 1937 236 1967 265; x_wconf 80' lang='lat' dir='ltr'>S.</span> <span class='ocrx_word' id='word_1_36' title='bbox 1993 237 2038 275; x_wconf 89' lang='lat' dir='ltr'>(p.</span> <span class='ocrx_word' id='word_1_37' title='bbox 2057 235 2312 275; x_wconf 81' lang='grc'><strong>1331-1377.)</strong></span> 
     </span>
    </p>
   </div>
   <div class='ocr_carea' id='block_1_6' title="bbox 247 278 2316 325">
    <p class='ocr_par' dir='ltr' id='par_1_6' title="bbox 247 278 2316 325">
     <span class='ocr_line' id='line_1_6' title="bbox 247 278 2316 325; baseline -0.002 -12"><span class='ocrx_word' id='word_1_38' title='bbox 247 295 337 325; x_wconf 72' lang='lat' dir='ltr'>atque</span> <span class='ocrx_word' id='word_1_39' title='bbox 361 287 388 313; x_wconf 90' lang='lat' dir='ltr'>in</span> <span class='ocrx_word' id='word_1_40' title='bbox 414 282 616 319; x_wconf 60' lang='lat' dir='ltr'>(Z&#39;liristophori</span> <span class='ocrx_word' id='word_1_41' title='bbox 640 281 751 308; x_wconf 85' lang='lat' dir='ltr'>Pezelii</span> <span class='ocrx_word' id='word_1_42' title='bbox 774 282 942 318; x_wconf 75' lang='lat' dir='ltr'>germanica</span> <span class='ocrx_word' id='word_1_43' title='bbox 965 282 1049 309; x_wconf 84' lang='lat' dir='ltr'>liuius</span> <span class='ocrx_word' id='word_1_44' title='bbox 1074 282 1172 319; x_wconf 84' lang='lat' dir='ltr'>operis</span> <span class='ocrx_word' id='word_1_45' title='bbox 1195 280 1389 308; x_wconf 78' lang='lat' dir='ltr'>translatione</span> <span class='ocrx_word' id='word_1_46' title='bbox 1421 288 1447 307; x_wconf 78' lang='lat' dir='ltr'>a.</span> <span class='ocrx_word' id='word_1_47' title='bbox 1475 278 1569 308; x_wconf 67' lang='lat'>1578.</span> <span class='ocrx_word' id='word_1_48' title='bbox 1600 280 1646 318; x_wconf 85' lang='lat' dir='ltr'>(p.</span> <span class='ocrx_word' id='word_1_49' title='bbox 1666 279 1938 316; x_wconf 48' lang='lat' dir='ltr'>lun-11⁴2),</span> <span class='ocrx_word' id='word_1_50' title='bbox 1973 290 2045 318; x_wconf 85' lang='lat' dir='ltr'>quas</span> <span class='ocrx_word' id='word_1_51' title='bbox 2068 280 2160 308; x_wconf 81' lang='lat' dir='ltr'>Editt.</span> <span class='ocrx_word' id='word_1_52' title='bbox 2184 282 2241 308; x_wconf 83' lang='lat' dir='ltr'>iam</span> <span class='ocrx_word' id='word_1_53' title='bbox 2264 290 2316 309; x_wconf 91' lang='lat' dir='ltr'>su-</span> 
     </span>
    </p>
   </div>
   <div class='ocr_carea' id='block_1_7' title="bbox 246 323 807 416">
    <p class='ocr_par' dir='ltr' id='par_1_7' title="bbox 246 323 807 416">
     <span class='ocr_line' id='line_1_7' title="bbox 246 323 807 369; baseline -0.009 -11"><span class='ocrx_word' id='word_1_54' title='bbox 246 340 301 369; x_wconf 86' lang='lat' dir='ltr'>pra</span> <span class='ocrx_word' id='word_1_55' title='bbox 324 340 353 367; x_wconf 89' lang='lat' dir='ltr'>p.</span> <span class='ocrx_word' id='word_1_56' title='bbox 370 323 566 356; x_wconf 71' lang='lat'>439—442.</span> <span class='ocrx_word' id='word_1_57' title='bbox 590 324 807 361; x_wconf 79' lang='lat' dir='ltr'>descripsimus.</span> 
     </span>
     <span class='ocr_line' id='line_1_8' title="bbox 333 385 785 416; baseline -0.011 0"><span class='ocrx_word' id='word_1_58' title='bbox 333 389 385 416; x_wconf 81' lang='lat' dir='ltr'>His</span> <span class='ocrx_word' id='word_1_59' title='bbox 408 386 500 414; x_wconf 83' lang='lat' dir='ltr'>Editt.</span> <span class='ocrx_word' id='word_1_60' title='bbox 523 385 680 413; x_wconf 76' lang='lat' dir='ltr'>addendae</span> <span class='ocrx_word' id='word_1_61' title='bbox 703 390 785 412; x_wconf 82' lang='lat' dir='ltr'>sunt:</span> 
     </span>
    </p>
   </div>
   <div class='ocr_carea' id='block_1_8' title="bbox 374 438 1730 541">
    <p class='ocr_par' dir='ltr' id='par_1_8' title="bbox 374 438 1730 541">
     <span class='ocr_line' id='line_1_9' title="bbox 376 438 1614 481; baseline -0.001 -9"><span class='ocrx_word' id='word_1_62' title='bbox 376 440 464 472; x_wconf 79' lang='lat' dir='ltr'>Phil.</span> <span class='ocrx_word' id='word_1_63' title='bbox 488 439 720 471; x_wconf 80' lang='lat' dir='ltr'>Melanthonis</span> <span class='ocrx_word' id='word_1_64' title='bbox 743 438 903 469; x_wconf 73' lang='lat' dir='ltr'>Historia</span> <span class='ocrx_word' id='word_1_65' title='bbox 926 440 966 469; x_wconf 81' lang='lat' dir='ltr'>‹le</span> <span class='ocrx_word' id='word_1_66' title='bbox 989 440 1149 470; x_wconf 71' lang='lat' dir='ltr'>eleccione</span> <span class='ocrx_word' id='word_1_67' title='bbox 1175 440 1288 470; x_wconf 69' lang='lat' dir='ltr'>Caroli</span> <span class='ocrx_word' id='word_1_68' title='bbox 1314 440 1353 472; x_wconf 87' lang='lat' dir='ltr'>V.</span> <span class='ocrx_word' id='word_1_69' title='bbox 1379 440 1614 481; x_wconf 75' lang='lat' dir='ltr'>Imperatoris.</span> 
     </span>
     <span class='ocr_line' id='line_1_10' title="bbox 374 499 1730 541; baseline 0.001 -10"><span class='ocrx_word' id='word_1_70' title='bbox 374 520 416 525; x_wconf 93' lang='lat'>—</span> <span class='ocrx_word' id='word_1_71' title='bbox 439 501 599 531; x_wconf 77' lang='lat' dir='ltr'><em>Historia</em></span> <span class='ocrx_word' id='word_1_72' title='bbox 624 501 664 530; x_wconf 80' lang='lat' dir='ltr'>de</span> <span class='ocrx_word' id='word_1_73' title='bbox 687 500 847 530; x_wconf 77' lang='lat' dir='ltr'>electione</span> <span class='ocrx_word' id='word_1_74' title='bbox 873 499 989 531; x_wconf 78' lang='lat' dir='ltr'>Caroli</span> <span class='ocrx_word' id='word_1_75' title='bbox 1015 500 1054 532; x_wconf 90' lang='lat' dir='ltr'>V.</span> <span class='ocrx_word' id='word_1_76' title='bbox 1076 511 1140 541; x_wconf 78' lang='lat' dir='ltr'>per</span> <span class='ocrx_word' id='word_1_77' title='bbox 1163 501 1273 532; x_wconf 63' lang='lat' dir='ltr'>[Harl.</span> <span class='ocrx_word' id='word_1_78' title='bbox 1299 513 1326 531; x_wconf 76' lang='lat' dir='ltr'>v.</span> <span class='ocrx_word' id='word_1_79' title='bbox 1353 502 1521 541; x_wconf 80' lang='lat' dir='ltr'>Doering.</span> <span class='ocrx_word' id='word_1_80' title='bbox 1548 514 1571 532; x_wconf 85' lang='lat' dir='ltr'>s.</span> <span class='ocrx_word' id='word_1_81' title='bbox 1588 505 1608 532; x_wconf 90' lang='lat' dir='ltr'>l.</span> <span class='ocrx_word' id='word_1_82' title='bbox 1634 502 1730 532; x_wconf 75' lang='grc'><strong>1662.</strong></span> 
     </span>
    </p>
   </div>
   <div class='ocr_carea' id='block_1_9' title="bbox 1661 440 2053 543">
    <p class='ocr_par' dir='ltr' id='par_1_9' title="bbox 1661 440 2053 543">
     <span class='ocr_line' id='line_1_11' title="bbox 1661 440 2053 482; baseline 0.01 -12"><span class='ocrx_word' id='word_1_83' title='bbox 1661 440 1872 471; x_wconf 75' lang='lat' dir='ltr'>Helmstade‘e&#39;</span> <span class='ocrx_word' id='word_1_84' title='bbox 1897 441 1991 473; x_wconf 83' lang='lat'>1660.</span> <span class='ocrx_word' id='word_1_85' title='bbox 2008 442 2053 482; x_wconf 68' lang='lat'>‘&#39;&#39;)</span> 
     </span>
     <span class='ocr_line' id='line_1_12' title="bbox 1775 504 1883 543; baseline 0.009 -27"><span class='ocrx_word' id='word_1_86' title='bbox 1775 504 1806 533; x_wconf 47' lang='lat'>4·</span> <span class='ocrx_word' id='word_1_87' title='bbox 1820 504 1883 543; x_wconf 57' lang='lat' dir='ltr'>u«)</span> 
     </span>
    </p>
   </div>
   <div class='ocr_carea' id='block_1_10' title="bbox 246 556 2317 645">
    <p class='ocr_par' dir='ltr' id='par_1_10' title="bbox 246 556 2317 645">
     <span class='ocr_line' id='line_1_13' title="bbox 332 556 2317 602; baseline -0.001 -10"><span class='ocrx_word' id='word_1_88' title='bbox 332 566 364 592; x_wconf 91' lang='lat' dir='ltr'>ln</span> <span class='ocrx_word' id='word_1_89' title='bbox 388 564 577 592; x_wconf 75' lang='lat' dir='ltr'>vernaculam</span> <span class='ocrx_word' id='word_1_90' title='bbox 601 563 730 600; x_wconf 81' lang='lat' dir='ltr'>linguan]</span> <span class='ocrx_word' id='word_1_91' title='bbox 756 563 898 590; x_wconf 75' lang='lat' dir='ltr'>translata</span> <span class='ocrx_word' id='word_1_92' title='bbox 922 571 965 592; x_wconf 87' lang='lat' dir='ltr'>est</span> <span class='ocrx_word' id='word_1_93' title='bbox 991 564 1063 592; x_wconf 86' lang='lat' dir='ltr'>haec</span> <span class='ocrx_word' id='word_1_94' title='bbox 1087 564 1207 592; x_wconf 85' lang='lat' dir='ltr'>historia</span> <span class='ocrx_word' id='word_1_95' title='bbox 1231 574 1289 592; x_wconf 84' lang='lat' dir='ltr'>non</span> <span class='ocrx_word' id='word_1_96' title='bbox 1309 565 1404 592; x_wconf 85' lang='lat' dir='ltr'>solum</span> <span class='ocrx_word' id='word_1_97' title='bbox 1424 574 1440 592; x_wconf 90' lang='lat' dir='ltr'>a</span> <span class='ocrx_word' id='word_1_98' title='bbox 1465 565 1648 602; x_wconf 79' lang='lat' dir='ltr'>Chris-top</span> <span class='ocrx_word' id='word_1_99' title='bbox 1658 564 1748 591; x_wconf 83' lang='lat' dir='ltr'>horo</span> <span class='ocrx_word' id='word_1_100' title='bbox 1772 564 1937 592; x_wconf 85' lang='lat' dir='ltr'>Pezelio</span> <span class='ocrx_word' id='word_1_101' title='bbox 1962 566 1991 591; x_wconf 89' lang='lat' dir='ltr'>in</span> <span class='ocrx_word' id='word_1_102' title='bbox 2012 565 2063 592; x_wconf 90' lang='lat' dir='ltr'>illo</span> <span class='ocrx_word' id='word_1_103' title='bbox 2081 556 2226 592; x_wconf 82' lang='lat' dir='ltr'>Chronico</span> <span class='ocrx_word' id='word_1_104' title='bbox 2246 571 2317 601; x_wconf 83' lang='lat' dir='ltr'>ger-</span> 
     </span>
     <span class='ocr_line' id='line_1_14' title="bbox 246 604 1785 645; baseline -0.001 -9"><span class='ocrx_word' id='word_1_105' title='bbox 246 609 359 636; x_wconf 83' lang='lat' dir='ltr'>manico</span> <span class='ocrx_word' id='word_1_106' title='bbox 382 608 452 635; x_wconf 88' lang='lat' dir='ltr'>anni</span> <span class='ocrx_word' id='word_1_107' title='bbox 478 604 570 635; x_wconf 78' lang='lat'>1578.</span> <span class='ocrx_word' id='word_1_108' title='bbox 600 606 664 634; x_wconf 90' lang='lat' dir='ltr'>Fol.</span> <span class='ocrx_word' id='word_1_109' title='bbox 689 615 778 643; x_wconf 82' lang='lat' dir='ltr'>supra</span> <span class='ocrx_word' id='word_1_110' title='bbox 802 616 831 644; x_wconf 90' lang='lat' dir='ltr'>p.</span> <span class='ocrx_word' id='word_1_111' title='bbox 851 605 913 635; x_wconf 74' lang='grc'>441</span> <span class='ocrx_word' id='word_1_112' title='bbox 934 617 979 645; x_wconf 83' lang='lat' dir='ltr'>sq.</span> <span class='ocrx_word' id='word_1_113' title='bbox 1003 608 1166 644; x_wconf 82' lang='lat' dir='ltr'>recensito,</span> <span class='ocrx_word' id='word_1_114' title='bbox 1197 607 1250 635; x_wconf 89' lang='lat' dir='ltr'>sed</span> <span class='ocrx_word' id='word_1_115' title='bbox 1275 608 1362 635; x_wconf 82' lang='lat' dir='ltr'>etiam</span> <span class='ocrx_word' id='word_1_116' title='bbox 1387 609 1422 636; x_wconf 83' lang='lat' dir='ltr'>ab</span> <span class='ocrx_word' id='word_1_117' title='bbox 1445 608 1612 636; x_wconf 65' lang='lat' dir='ltr'>Eusebio</span> <span class='ocrx_word' id='word_1_118' title='bbox 1642 607 1785 635; x_wconf 79' lang='lat' dir='ltr'>Menio:</span> 
     </span>
    </p>
   </div>
   <div class='ocr_carea' id='block_1_11' title="bbox 377 664 2080 708">
    <p class='ocr_par' dir='ltr' id='par_1_11' title="bbox 377 664 2080 708">
     <span class='ocr_line' id='line_1_15' title="bbox 377 664 2080 708; baseline -0.002 -10"><span class='ocrx_word' id='word_1_119' title='bbox 377 667 439 705; x_wconf 56' lang='lat'>⁵91).</span> <span class='ocrx_word' id='word_1_120' title='bbox 464 664 686 703; x_wconf 62' lang='lat' dir='ltr'>anetwcbtbon</span> <span class='ocrx_word' id='word_1_121' title='bbox 717 672 776 696; x_wconf 72' lang='lat' dir='ltr'>uon</span> <span class='ocrx_word' id='word_1_122' title='bbox 807 666 857 697; x_wconf 74' lang='lat' dir='ltr'>bet</span> <span class='ocrx_word' id='word_1_123' title='bbox 881 665 976 703; x_wconf 56' lang='lat' dir='ltr'>{Bam</span> <span class='ocrx_word' id='word_1_124' title='bbox 1007 666 1066 696; x_wconf 69' lang='lat' dir='ltr'>»nb</span> <span class='ocrx_word' id='word_1_125' title='bbox 1091 664 1245 708; x_wconf 60' lang='lat' dir='ltr'>arssnung</span> <span class='ocrx_word' id='word_1_126' title='bbox 1272 666 1387 698; x_wconf 81' lang='lat' dir='ltr'>Caroli</span> <span class='ocrx_word' id='word_1_127' title='bbox 1415 666 1456 699; x_wconf 87' lang='lat' dir='ltr'>V.</span> <span class='ocrx_word' id='word_1_128' title='bbox 1485 667 1663 706; x_wconf 60' lang='lat' dir='ltr'>vetteutidn</span> <span class='ocrx_word' id='word_1_129' title='bbox 1692 666 1779 705; x_wconf 65' lang='lat' dir='ltr'>hurd)</span> <span class='ocrx_word' id='word_1_130' title='bbox 1803 665 1888 697; x_wconf 79' lang='lat' dir='ltr'>Eus.</span> <span class='ocrx_word' id='word_1_131' title='bbox 1912 664 2080 698; x_wconf 72' lang='lat' dir='ltr'>Meuium.</span> 
     </span>
    </p>
   </div>
   <div class='ocr_carea' id='block_1_12' title="bbox 421 707 705 748">
    <p class='ocr_par' dir='ltr' id='par_1_12' title="bbox 421 707 705 748">
     <span class='ocr_line' id='line_1_16' title="bbox 421 707 705 748; baseline 0 -9"><span class='ocrx_word' id='word_1_132' title='bbox 421 709 515 740; x_wconf 82' lang='lat'>1578.</span> <span class='ocrx_word' id='word_1_133' title='bbox 545 710 609 739; x_wconf 78' lang='lat' dir='ltr'>F01.</span> <span class='ocrx_word' id='word_1_134' title='bbox 627 707 705 748; x_wconf 73' lang='lat'>****)</span> 
     </span>
    </p>
   </div>
   <div class='ocr_carea' id='block_1_13' title="bbox 246 765 2320 899">
    <p class='ocr_par' dir='ltr' id='par_1_13' title="bbox 246 765 2320 899">
     <span class='ocr_line' id='line_1_17' title="bbox 332 765 2320 810; baseline -0.001 -10"><span class='ocrx_word' id='word_1_135' title='bbox 332 773 379 800; x_wconf 83' lang='lat' dir='ltr'>Ex</span> <span class='ocrx_word' id='word_1_136' title='bbox 402 772 447 800; x_wconf 86' lang='lat' dir='ltr'>his</span> <span class='ocrx_word' id='word_1_137' title='bbox 471 772 589 808; x_wconf 88' lang='lat' dir='ltr'>elucet,</span> <span class='ocrx_word' id='word_1_138' title='bbox 612 771 691 798; x_wconf 87' lang='lat' dir='ltr'>hunc</span> <span class='ocrx_word' id='word_1_139' title='bbox 714 771 846 798; x_wconf 89' lang='lat' dir='ltr'>libellum</span> <span class='ocrx_word' id='word_1_140' title='bbox 871 771 963 798; x_wconf 82' lang='lat' dir='ltr'>latine</span> <span class='ocrx_word' id='word_1_141' title='bbox 987 770 1089 799; x_wconf 86' lang='lat' dir='ltr'>decies</span> <span class='ocrx_word' id='word_1_142' title='bbox 1112 771 1273 808; x_wconf 80' lang='lat' dir='ltr'>prodiisse:</span> <span class='ocrx_word' id='word_1_143' title='bbox 1308 770 1343 810; x_wconf 94' lang='lat'>1)</span> <span class='ocrx_word' id='word_1_144' title='bbox 1360 768 1567 809; x_wconf 69' lang='lat' dir='ltr'>Mogmaelz‘ae</span> <span class='ocrx_word' id='word_1_145' title='bbox 1583 771 1679 801; x_wconf 80' lang='lat'>1544.</span> <span class='ocrx_word' id='word_1_146' title='bbox 1703 771 1745 807; x_wconf 78' lang='grc'>8.,</span> <span class='ocrx_word' id='word_1_147' title='bbox 1775 770 1811 807; x_wconf 74' lang='lat'>2)</span> <span class='ocrx_word' id='word_1_148' title='bbox 1831 768 1987 800; x_wconf 79' lang='lat' dir='ltr'>Coloniae</span> <span class='ocrx_word' id='word_1_149' title='bbox 2009 768 2102 800; x_wconf 84' lang='grc'><strong>1550.</strong></span> <span class='ocrx_word' id='word_1_150' title='bbox 2125 769 2168 808; x_wconf 82' lang='grc'><strong>8.,</strong></span> <span class='ocrx_word' id='word_1_151' title='bbox 2196 767 2235 805; x_wconf 81' lang='grc'>3)</span> <span class='ocrx_word' id='word_1_152' title='bbox 2254 765 2320 799; x_wconf 75' lang='lat' dir='ltr'>W-</span> 
     </span>
     <span class='ocr_line' id='line_1_18' title="bbox 246 811 2320 853; baseline -0.002 -8"><span class='ocrx_word' id='word_1_153' title='bbox 246 814 406 853; x_wconf 68' lang='lat' dir='ltr'>tebergae</span> <span class='ocrx_word' id='word_1_154' title='bbox 430 813 527 844; x_wconf 73' lang='lat'>1572.</span> <span class='ocrx_word' id='word_1_155' title='bbox 550 815 626 849; x_wconf 58' lang='lat' dir='ltr'>For,</span> <span class='ocrx_word' id='word_1_156' title='bbox 660 813 693 849; x_wconf 80' lang='lat'>4)</span> <span class='ocrx_word' id='word_1_157' title='bbox 721 812 881 842; x_wconf 75' lang='lat' dir='ltr'>Basileae</span> <span class='ocrx_word' id='word_1_158' title='bbox 906 811 1000 842; x_wconf 77' lang='lat'>1574.</span> <span class='ocrx_word' id='word_1_159' title='bbox 1025 814 1102 850; x_wconf 72' lang='lat' dir='ltr'>Fol„</span> <span class='ocrx_word' id='word_1_160' title='bbox 1131 813 1168 852; x_wconf 85' lang='lat'>5)</span> <span class='ocrx_word' id='word_1_161' title='bbox 1193 812 1407 853; x_wconf 62' lang='lat' dir='ltr'>Witebergae</span> <span class='ocrx_word' id='word_1_162' title='bbox 1432 814 1526 845; x_wconf 78' lang='lat'>1580.</span> <span class='ocrx_word' id='word_1_163' title='bbox 1552 816 1627 852; x_wconf 79' lang='lat' dir='ltr'>Fol.,</span> <span class='ocrx_word' id='word_1_164' title='bbox 1656 814 1692 853; x_wconf 88' lang='grc'>6)</span> <span class='ocrx_word' id='word_1_165' title='bbox 1713 813 1945 852; x_wconf 77' lang='lat' dir='ltr'>Francofurtz‘</span> <span class='ocrx_word' id='word_1_166' title='bbox 1968 813 2062 844; x_wconf 76' lang='lat'>1581.</span> <span class='ocrx_word' id='word_1_167' title='bbox 2086 813 2128 852; x_wconf 71' lang='lat' dir='ltr'>S„</span> <span class='ocrx_word' id='word_1_168' title='bbox 2157 813 2191 851; x_wconf 71' lang='lat'>⁵7)</span> <span class='ocrx_word' id='word_1_169' title='bbox 2211 811 2320 842; x_wconf 80' lang='lat' dir='ltr'>Fran-</span> 
     </span>
     <span class='ocr_line' id='line_1_19' title="bbox 246 854 2320 899; baseline -0.001 -12"><span class='ocrx_word' id='word_1_170' title='bbox 246 859 381 899; x_wconf 76' lang='lat' dir='ltr'>cofurte&#39;</span> <span class='ocrx_word' id='word_1_171' title='bbox 404 857 500 887; x_wconf 74' lang='lat'>1624.</span> <span class='ocrx_word' id='word_1_172' title='bbox 522 857 570 895; x_wconf 79' lang='grc'>8.,</span> <span class='ocrx_word' id='word_1_173' title='bbox 606 856 642 895; x_wconf 81' lang='grc'>8)</span> <span class='ocrx_word' id='word_1_174' title='bbox 666 854 878 885; x_wconf 65' lang='grc' dir='ltr'>Ηείυιείαιίἱί</span> <span class='ocrx_word' id='word_1_175' title='bbox 901 855 996 885; x_wconf 85' lang='grc'><strong>1660.</strong></span> <span class='ocrx_word' id='word_1_176' title='bbox 1022 856 1073 894; x_wconf 81' lang='grc'><strong>4.,</strong></span> <span class='ocrx_word' id='word_1_177' title='bbox 1111 856 1147 895; x_wconf 88' lang='grc'>9)</span> <span class='ocrx_word' id='word_1_178' title='bbox 1172 868 1194 886; x_wconf 89' lang='lat' dir='ltr'>s.</span> <span class='ocrx_word' id='word_1_179' title='bbox 1213 858 1232 887; x_wconf 89' lang='lat' dir='ltr'>l.</span> <span class='ocrx_word' id='word_1_180' title='bbox 1260 857 1354 888; x_wconf 76' lang='lat'>1662.</span> <span class='ocrx_word' id='word_1_181' title='bbox 1377 858 1426 896; x_wconf 76' lang='grc'>4.,</span> <span class='ocrx_word' id='word_1_182' title='bbox 1464 858 1520 898; x_wconf 83' lang='grc'>10)</span> <span class='ocrx_word' id='word_1_183' title='bbox 1546 855 1685 888; x_wconf 75' lang='lat' dir='ltr'>Giessae</span> <span class='ocrx_word' id='word_1_184' title='bbox 1709 856 1804 887; x_wconf 81' lang='lat'>1673.</span> <span class='ocrx_word' id='word_1_185' title='bbox 1830 858 1906 895; x_wconf 69' lang='lat' dir='ltr'>Fol„</span> <span class='ocrx_word' id='word_1_186' title='bbox 1936 868 2008 897; x_wconf 86' lang='lat' dir='ltr'>quas</span> <span class='ocrx_word' id='word_1_187' title='bbox 2032 857 2135 894; x_wconf 67' lang='lat' dir='ltr'>Editt„</span> <span class='ocrx_word' id='word_1_188' title='bbox 2165 865 2266 887; x_wconf 84' lang='lat' dir='ltr'>octava</span> <span class='ocrx_word' id='word_1_189' title='bbox 2281 862 2320 898; x_wconf 31' lang='lat' dir='ltr'>*et</span> 
     </span>
    </p>
   </div>
   <div class='ocr_carea' id='block_1_14' title="bbox 246 900 968 940">
    <p class='ocr_par' dir='ltr' id='par_1_14' title="bbox 246 900 968 940">
     <span class='ocr_line' id='line_1_20' title="bbox 246 900 968 940; baseline -0.007 -7"><span class='ocrx_word' id='word_1_190' title='bbox 246 913 323 933; x_wconf 83' lang='lat' dir='ltr'>nona</span> <span class='ocrx_word' id='word_1_191' title='bbox 347 902 497 940; x_wconf 86' lang='lat' dir='ltr'>exceptis,</span> <span class='ocrx_word' id='word_1_192' title='bbox 529 909 631 929; x_wconf 86' lang='lat' dir='ltr'>omnes</span> <span class='ocrx_word' id='word_1_193' title='bbox 654 901 683 928; x_wconf 91' lang='lat' dir='ltr'>in</span> <span class='ocrx_word' id='word_1_194' title='bbox 707 901 840 928; x_wconf 84' lang='lat' dir='ltr'>manibus</span> <span class='ocrx_word' id='word_1_195' title='bbox 864 900 968 929; x_wconf 85' lang='lat' dir='ltr'>liabeo.</span> 
     </span>
    </p>
   </div>
   <div class='ocr_carea' id='block_1_15' title="bbox 335 959 1730 1000">
    <p class='ocr_par' dir='ltr' id='par_1_15' title="bbox 335 959 1730 1000">
     <span class='ocr_line' id='line_1_21' title="bbox 335 959 1730 1000; baseline -0.001 -8"><span class='ocrx_word' id='word_1_196' title='bbox 335 965 416 992; x_wconf 84' lang='lat' dir='ltr'>Haec</span> <span class='ocrx_word' id='word_1_197' title='bbox 439 962 559 991; x_wconf 86' lang='lat' dir='ltr'>historia</span> <span class='ocrx_word' id='word_1_198' title='bbox 581 970 620 989; x_wconf 83' lang='lat' dir='ltr'>ex</span> <span class='ocrx_word' id='word_1_199' title='bbox 646 959 806 990; x_wconf 74' lang='lat' dir='ltr'>Edicione</span> <span class='ocrx_word' id='word_1_200' title='bbox 828 961 988 1000; x_wconf 76' lang='lat' dir='ltr'>principe</span> <span class='ocrx_word' id='word_1_201' title='bbox 1012 959 1221 998; x_wconf 75' lang='lat' dir='ltr'>Moguntina</span> <span class='ocrx_word' id='word_1_202' title='bbox 1244 962 1329 990; x_wconf 79' lang='lat' dir='ltr'>anni</span> <span class='ocrx_word' id='word_1_203' title='bbox 1354 960 1449 991; x_wconf 75' lang='lat'>1544.</span> <span class='ocrx_word' id='word_1_204' title='bbox 1475 962 1503 991; x_wconf 83' lang='lat' dir='ltr'>h.</span> <span class='ocrx_word' id='word_1_205' title='bbox 1524 963 1543 991; x_wconf 88' lang='lat' dir='ltr'>l.</span> <span class='ocrx_word' id='word_1_206' title='bbox 1568 962 1730 991; x_wconf 80' lang='lat' dir='ltr'>recuditur.</span> 
     </span>
    </p>
   </div>
   <div class='ocr_carea' id='block_1_16' title="bbox 283 1089 2321 1158">
    <p class='ocr_par' dir='ltr' id='par_1_16' title="bbox 283 1089 2321 1158">
     <span class='ocr_line' id='line_1_22' title="bbox 283 1089 2320 1126; baseline -0.002 -9"><span class='ocrx_word' id='word_1_207' title='bbox 283 1093 315 1126; x_wconf 68' lang='lat'>²1²)</span> <span class='ocrx_word' id='word_1_208' title='bbox 336 1094 413 1117; x_wconf 85' lang='lat' dir='ltr'>Hauc</span> <span class='ocrx_word' id='word_1_209' title='bbox 437 1093 471 1116; x_wconf 74' lang='lat' dir='ltr'>ol)</span> <span class='ocrx_word' id='word_1_210' title='bbox 497 1097 556 1114; x_wconf 88' lang='lat' dir='ltr'>rem</span> <span class='ocrx_word' id='word_1_211' title='bbox 575 1090 705 1114; x_wconf 85' lang='lat' dir='ltr'>Vincent.</span> <span class='ocrx_word' id='word_1_212' title='bbox 725 1089 853 1114; x_wconf 82' lang='lat' dir='ltr'>Placcius</span> <span class='ocrx_word' id='word_1_213' title='bbox 882 1090 909 1114; x_wconf 88' lang='lat' dir='ltr'>iu</span> <span class='ocrx_word' id='word_1_214' title='bbox 929 1091 1043 1114; x_wconf 75' lang='lat' dir='ltr'>Tlieatri</span> <span class='ocrx_word' id='word_1_215' title='bbox 1064 1092 1277 1121; x_wconf 72' lang='lat' dir='ltr'>Anouymorum</span> <span class='ocrx_word' id='word_1_216' title='bbox 1303 1093 1330 1115; x_wconf 89' lang='lat' dir='ltr'>et</span> <span class='ocrx_word' id='word_1_217' title='bbox 1350 1090 1611 1121; x_wconf 74' lang='lat' dir='ltr'>Pseudonymorum</span> <span class='ocrx_word' id='word_1_218' title='bbox 1636 1091 1803 1122; x_wconf 79' lang='lat' dir='ltr'>(Hamburgi</span> <span class='ocrx_word' id='word_1_219' title='bbox 1826 1090 1902 1115; x_wconf 80' lang='lat'>1708.</span> <span class='ocrx_word' id='word_1_220' title='bbox 1929 1090 2006 1118; x_wconf 78' lang='lat' dir='ltr'>Fol.)</span> <span class='ocrx_word' id='word_1_221' title='bbox 2033 1090 2120 1121; x_wconf 81' lang='lat' dir='ltr'>libro,</span> <span class='ocrx_word' id='word_1_222' title='bbox 2152 1090 2181 1113; x_wconf 86' lang='lat' dir='ltr'>iu</span> <span class='ocrx_word' id='word_1_223' title='bbox 2208 1096 2260 1121; x_wconf 87' lang='lat' dir='ltr'>quo</span> <span class='ocrx_word' id='word_1_224' title='bbox 2287 1090 2320 1114; x_wconf 88' lang='lat' dir='ltr'>de</span> 
     </span>
     <span class='ocr_line' id='line_1_23' title="bbox 316 1124 2321 1158; baseline -0.002 -6"><span class='ocrx_word' id='word_1_225' title='bbox 316 1126 521 1157; x_wconf 83' lang='lat' dir='ltr'>Pseudonymis</span> <span class='ocrx_word' id='word_1_226' title='bbox 543 1124 731 1155; x_wconf 72' lang='lat' dir='ltr'>scriptoribus</span> <span class='ocrx_word' id='word_1_227' title='bbox 751 1125 883 1155; x_wconf 79' lang='lat' dir='ltr'>disserit,</span> <span class='ocrx_word' id='word_1_228' title='bbox 909 1133 934 1155; x_wconf 84' lang='lat' dir='ltr'>p.</span> <span class='ocrx_word' id='word_1_229' title='bbox 949 1126 1010 1149; x_wconf 74' lang='lat'>549.</span> <span class='ocrx_word' id='word_1_230' title='bbox 1038 1132 1080 1150; x_wconf 89' lang='lat' dir='ltr'>nr.</span> <span class='ocrx_word' id='word_1_231' title='bbox 1097 1126 1177 1150; x_wconf 74' lang='lat'>2394.</span> <span class='ocrx_word' id='word_1_232' title='bbox 1198 1132 1223 1150; x_wconf 83' lang='lat' dir='ltr'>a.</span> <span class='ocrx_word' id='word_1_233' title='bbox 1247 1127 1320 1150; x_wconf 88' lang='lat' dir='ltr'>inter</span> <span class='ocrx_word' id='word_1_234' title='bbox 1340 1126 1390 1149; x_wconf 78' lang='lat' dir='ltr'>lios</span> <span class='ocrx_word' id='word_1_235' title='bbox 1410 1126 1620 1156; x_wconf 74' lang='lat' dir='ltr'>pseudonyinos</span> <span class='ocrx_word' id='word_1_236' title='bbox 1639 1126 1730 1150; x_wconf 80' lang='lat' dir='ltr'>refert</span> <span class='ocrx_word' id='word_1_237' title='bbox 1753 1127 1904 1158; x_wconf 71' lang='lat' dir='ltr'>„Georyii</span> <span class='ocrx_word' id='word_1_238' title='bbox 1923 1126 2028 1150; x_wconf 79' lang='lat' dir='ltr'>Sabini</span> <span class='ocrx_word' id='word_1_239' title='bbox 2047 1125 2111 1149; x_wconf 88' lang='lat' dir='ltr'>ficto</span> <span class='ocrx_word' id='word_1_240' title='bbox 2130 1125 2240 1149; x_wconf 87' lang='lat' dir='ltr'>nomine</span> <span class='ocrx_word' id='word_1_241' title='bbox 2260 1124 2321 1149; x_wconf 88' lang='lat' dir='ltr'>edi-</span> 
     </span>
    </p>
   </div>
   <div class='ocr_carea' id='block_1_17' title="bbox 317 1160 1405 1193">
    <p class='ocr_par' dir='ltr' id='par_1_17' title="bbox 317 1160 1405 1193">
     <span class='ocr_line' id='line_1_24' title="bbox 317 1160 1405 1193; baseline -0.002 -6"><span class='ocrx_word' id='word_1_242' title='bbox 317 1166 375 1187; x_wconf 86' lang='lat' dir='ltr'>tum</span> <span class='ocrx_word' id='word_1_243' title='bbox 398 1168 415 1186; x_wconf 84' lang='lat' dir='ltr'>a</span> <span class='ocrx_word' id='word_1_244' title='bbox 434 1162 569 1193; x_wconf 71' lang='lat' dir='ltr'>Philippo</span> <span class='ocrx_word' id='word_1_245' title='bbox 591 1160 818 1185; x_wconf 70' lang='lat' dir='ltr'>Melanchtlione</span> <span class='ocrx_word' id='word_1_246' title='bbox 838 1160 962 1184; x_wconf 83' lang='lat' dir='ltr'>libellum</span> <span class='ocrx_word' id='word_1_247' title='bbox 982 1161 1016 1185; x_wconf 83' lang='lat' dir='ltr'>‹le</span> <span class='ocrx_word' id='word_1_248' title='bbox 1036 1162 1189 1186; x_wconf 68' lang='lat' dir='ltr'>Elec-tione</span> <span class='ocrx_word' id='word_1_249' title='bbox 1210 1162 1313 1186; x_wconf 62' lang='lat' dir='ltr'>Caroli</span> <span class='ocrx_word' id='word_1_250' title='bbox 1337 1161 1405 1189; x_wconf 76' lang='lat'>1&#39;.”,</span> 
     </span>
    </p>
   </div>
   <div class='ocr_carea' id='block_1_18' title="bbox 1442 1160 2322 1191">
    <p class='ocr_par' dir='ltr' id='par_1_18' title="bbox 1442 1160 2322 1191">
     <span class='ocr_line' id='line_1_25' title="bbox 1442 1160 2322 1191; baseline 0 -7"><span class='ocrx_word' id='word_1_251' title='bbox 1442 1162 1584 1191; x_wconf 75' lang='lat' dir='ltr'>testesque</span> <span class='ocrx_word' id='word_1_252' title='bbox 1604 1161 1689 1185; x_wconf 82' lang='lat' dir='ltr'>addit.</span> <span class='ocrx_word' id='word_1_253' title='bbox 1722 1174 1756 1178; x_wconf 92' lang='lat'>—</span> <span class='ocrx_word' id='word_1_254' title='bbox 1795 1162 1970 1191; x_wconf 79' lang='lat' dir='ltr'>Quapropter</span> <span class='ocrx_word' id='word_1_255' title='bbox 1993 1161 2062 1184; x_wconf 80' lang='lat' dir='ltr'>haec</span> <span class='ocrx_word' id='word_1_256' title='bbox 2080 1160 2199 1184; x_wconf 87' lang='lat' dir='ltr'>historia</span> <span class='ocrx_word' id='word_1_257' title='bbox 2218 1160 2247 1184; x_wconf 88' lang='lat' dir='ltr'>in</span> <span class='ocrx_word' id='word_1_258' title='bbox 2269 1160 2322 1184; x_wconf 79' lang='lat' dir='ltr'>hoo</span> 
     </span>
    </p>
   </div>
   <div class='ocr_carea' id='block_1_19' title="bbox 318 1194 2322 1228">
    <p class='ocr_par' dir='ltr' id='par_1_19' title="bbox 318 1194 2322 1228">
     <span class='ocr_line' id='line_1_26' title="bbox 318 1194 2322 1228; baseline -0 -7"><span class='ocrx_word' id='word_1_259' title='bbox 318 1198 428 1228; x_wconf 84' lang='lat' dir='ltr'>Corpus</span> <span class='ocrx_word' id='word_1_260' title='bbox 449 1197 544 1220; x_wconf 85' lang='lat' dir='ltr'>eodem</span> <span class='ocrx_word' id='word_1_261' title='bbox 570 1196 631 1219; x_wconf 88' lang='lat' dir='ltr'>iure</span> <span class='ocrx_word' id='word_1_262' title='bbox 650 1195 810 1225; x_wconf 83' lang='lat' dir='ltr'>recipienda</span> <span class='ocrx_word' id='word_1_263' title='bbox 830 1197 888 1221; x_wconf 84' lang='lat' dir='ltr'>est.</span> <span class='ocrx_word' id='word_1_264' title='bbox 921 1201 974 1227; x_wconf 91' lang='lat' dir='ltr'>quo</span> <span class='ocrx_word' id='word_1_265' title='bbox 1003 1196 1157 1227; x_wconf 70' lang='lat' dir='ltr'>Georgii</span> <span class='ocrx_word' id='word_1_266' title='bbox 1190 1196 1316 1220; x_wconf 82' lang='lat' dir='ltr'>Sabini</span> <span class='ocrx_word' id='word_1_267' title='bbox 1342 1196 1442 1220; x_wconf 74' lang='lat' dir='ltr'>oratio</span> <span class='ocrx_word' id='word_1_268' title='bbox 1462 1197 1497 1220; x_wconf 82' lang='lat' dir='ltr'>de</span> <span class='ocrx_word' id='word_1_269' title='bbox 1516 1197 1653 1221; x_wconf 76' lang='lat' dir='ltr'>utilitate</span> <span class='ocrx_word' id='word_1_270' title='bbox 1671 1197 1841 1221; x_wconf 77' lang='lat' dir='ltr'>studiorum</span> <span class='ocrx_word' id='word_1_271' title='bbox 1860 1196 2060 1226; x_wconf 74' lang='lat' dir='ltr'>eloquentiae,</span> <span class='ocrx_word' id='word_1_272' title='bbox 2091 1195 2192 1220; x_wconf 79' lang='lat' dir='ltr'>habita</span> <span class='ocrx_word' id='word_1_273' title='bbox 2212 1196 2243 1220; x_wconf 84' lang='lat' dir='ltr'>in</span> <span class='ocrx_word' id='word_1_274' title='bbox 2263 1194 2322 1222; x_wconf 74' lang='lat' dir='ltr'>Gy-</span> 
     </span>
    </p>
   </div>
   <div class='ocr_carea' id='block_1_20' title="bbox 316 1230 933 1262">
    <p class='ocr_par' dir='ltr' id='par_1_20' title="bbox 316 1230 933 1262">
     <span class='ocr_line' id='line_1_27' title="bbox 316 1230 933 1262; baseline -0.008 -4"><span class='ocrx_word' id='word_1_275' title='bbox 316 1234 433 1258; x_wconf 81' lang='lat' dir='ltr'>mnasio</span> <span class='ocrx_word' id='word_1_276' title='bbox 452 1230 719 1262; x_wconf 69' lang='lat' dir='ltr'>Francoforde‘ensi</span> <span class='ocrx_word' id='word_1_277' title='bbox 738 1237 816 1254; x_wconf 83' lang='lat' dir='ltr'>anno</span> <span class='ocrx_word' id='word_1_278' title='bbox 840 1230 933 1260; x_wconf 77' lang='lat' dir='ltr'>153S.,</span> 
     </span>
    </p>
   </div>
   <div class='ocr_carea' id='block_1_21' title="bbox 966 1230 2322 1261">
    <p class='ocr_par' dir='ltr' id='par_1_21' title="bbox 966 1230 2322 1261">
     <span class='ocr_line' id='line_1_28' title="bbox 966 1230 2322 1261; baseline -0.001 -8"><span class='ocrx_word' id='word_1_279' title='bbox 966 1231 1065 1261; x_wconf 84' lang='lat' dir='ltr'>quippe</span> <span class='ocrx_word' id='word_1_280' title='bbox 1086 1236 1156 1261; x_wconf 85' lang='lat' dir='ltr'>quae</span> <span class='ocrx_word' id='word_1_281' title='bbox 1176 1231 1241 1255; x_wconf 80' lang='lat' dir='ltr'>itein</span> <span class='ocrx_word' id='word_1_282' title='bbox 1260 1231 1448 1255; x_wconf 79' lang='lat' dir='ltr'>Melautliouis</span> <span class='ocrx_word' id='word_1_283' title='bbox 1468 1232 1530 1259; x_wconf 78' lang='lat' dir='ltr'>est,</span> <span class='ocrx_word' id='word_1_284' title='bbox 1558 1231 1585 1255; x_wconf 91' lang='lat' dir='ltr'>iu</span> <span class='ocrx_word' id='word_1_285' title='bbox 1606 1231 1687 1255; x_wconf 78' lang='lat' dir='ltr'>liuius</span> <span class='ocrx_word' id='word_1_286' title='bbox 1707 1231 1789 1261; x_wconf 85' lang='lat' dir='ltr'>Corp.</span> <span class='ocrx_word' id='word_1_287' title='bbox 1810 1231 1875 1255; x_wconf 73' lang='lat' dir='ltr'>Vol.</span> <span class='ocrx_word' id='word_1_288' title='bbox 1890 1230 1939 1255; x_wconf 77' lang='lat' dir='ltr'>XI.</span> <span class='ocrx_word' id='word_1_289' title='bbox 1963 1237 1987 1260; x_wconf 89' lang='lat' dir='ltr'>p.</span> <span class='ocrx_word' id='word_1_290' title='bbox 2002 1230 2056 1254; x_wconf 80' lang='lat'>364</span> <span class='ocrx_word' id='word_1_291' title='bbox 2068 1236 2129 1260; x_wconf 85' lang='lat' dir='ltr'>sqq.</span> <span class='ocrx_word' id='word_1_292' title='bbox 2150 1232 2194 1254; x_wconf 89' lang='lat' dir='ltr'>est</span> <span class='ocrx_word' id='word_1_293' title='bbox 2214 1235 2322 1253; x_wconf 83' lang='lat' dir='ltr'>recusa.</span> 
     </span>
    </p>
   </div>
   <div class='ocr_carea' id='block_1_22' title="bbox 316 1264 2323 1333">
    <p class='ocr_par' dir='ltr' id='par_1_22' title="bbox 316 1264 2323 1333">
     <span class='ocr_line' id='line_1_29' title="bbox 316 1264 2323 1297; baseline -0.002 -6"><span class='ocrx_word' id='word_1_294' title='bbox 316 1268 523 1292; x_wconf 82' lang='lat' dir='ltr'>Melantliouem</span> <span class='ocrx_word' id='word_1_295' title='bbox 549 1266 639 1297; x_wconf 89' lang='lat' dir='ltr'>euim,</span> <span class='ocrx_word' id='word_1_296' title='bbox 670 1267 701 1289; x_wconf 87' lang='lat' dir='ltr'>ut</span> <span class='ocrx_word' id='word_1_297' title='bbox 726 1265 790 1289; x_wconf 87' lang='lat' dir='ltr'>aliis</span> <span class='ocrx_word' id='word_1_298' title='bbox 819 1265 930 1293; x_wconf 72' lang='lat' dir='ltr'>multis,</span> <span class='ocrx_word' id='word_1_299' title='bbox 960 1265 998 1289; x_wconf 86' lang='lat' dir='ltr'>ita</span> <span class='ocrx_word' id='word_1_300' title='bbox 1024 1267 1107 1290; x_wconf 82' lang='lat' dir='ltr'>etiarn</span> <span class='ocrx_word' id='word_1_301' title='bbox 1127 1267 1228 1290; x_wconf 84' lang='lat' dir='ltr'>Sabino</span> <span class='ocrx_word' id='word_1_302' title='bbox 1257 1266 1338 1290; x_wconf 84' lang='lat' dir='ltr'>varia</span> <span class='ocrx_word' id='word_1_303' title='bbox 1362 1265 1468 1295; x_wconf 83' lang='lat' dir='ltr'>scripta</span> <span class='ocrx_word' id='word_1_304' title='bbox 1487 1266 1595 1295; x_wconf 83' lang='lat' dir='ltr'>publice</span> <span class='ocrx_word' id='word_1_305' title='bbox 1615 1266 1804 1297; x_wconf 78' lang='lat' dir='ltr'>praelegenda</span> <span class='ocrx_word' id='word_1_306' title='bbox 1825 1265 2035 1296; x_wconf 71' lang='lat' dir='ltr'>composuisse,</span> <span class='ocrx_word' id='word_1_307' title='bbox 2062 1265 2133 1288; x_wconf 82' lang='lat' dir='ltr'>satis</span> <span class='ocrx_word' id='word_1_308' title='bbox 2153 1264 2323 1295; x_wconf 82' lang='lat' dir='ltr'>intelligitur</span> 
     </span>
     <span class='ocr_line' id='line_1_30' title="bbox 318 1300 1396 1333; baseline -0.004 -5"><span class='ocrx_word' id='word_1_309' title='bbox 318 1310 352 1328; x_wconf 77' lang='lat' dir='ltr'>ex</span> <span class='ocrx_word' id='word_1_310' title='bbox 372 1302 492 1333; x_wconf 81' lang='lat' dir='ltr'>epistola</span> <span class='ocrx_word' id='word_1_311' title='bbox 508 1301 621 1330; x_wconf 75' lang='lat' dir='ltr'>Sabini,</span> <span class='ocrx_word' id='word_1_312' title='bbox 652 1306 721 1331; x_wconf 87' lang='lat' dir='ltr'>quae</span> <span class='ocrx_word' id='word_1_313' title='bbox 741 1300 769 1324; x_wconf 87' lang='lat' dir='ltr'>in</span> <span class='ocrx_word' id='word_1_314' title='bbox 787 1300 869 1324; x_wconf 84' lang='lat' dir='ltr'>huius</span> <span class='ocrx_word' id='word_1_315' title='bbox 890 1301 974 1331; x_wconf 80' lang='lat' dir='ltr'>Corp.</span> <span class='ocrx_word' id='word_1_316' title='bbox 997 1301 1059 1326; x_wconf 91' lang='lat' dir='ltr'>Vol.</span> <span class='ocrx_word' id='word_1_317' title='bbox 1078 1301 1122 1326; x_wconf 82' lang='lat'>111.</span> <span class='ocrx_word' id='word_1_318' title='bbox 1143 1308 1168 1331; x_wconf 85' lang='lat' dir='ltr'>p.</span> <span class='ocrx_word' id='word_1_319' title='bbox 1184 1302 1261 1327; x_wconf 79' lang='lat'>1104.</span> <span class='ocrx_word' id='word_1_320' title='bbox 1281 1301 1396 1332; x_wconf 79' lang='lat' dir='ltr'>legitur.</span> 
     </span>
    </p>
   </div>
   <div class='ocr_carea' id='block_1_23' title="bbox 283 1343 1848 1406">
    <p class='ocr_par' dir='ltr' id='par_1_23' title="bbox 283 1343 1848 1406">
     <span class='ocr_line' id='line_1_31' title="bbox 283 1343 1848 1379; baseline -0.002 -8"><span class='ocrx_word' id='word_1_321' title='bbox 283 1346 336 1379; x_wconf 71' lang='lat'>**)</span> <span class='ocrx_word' id='word_1_322' title='bbox 357 1348 432 1371; x_wconf 81' lang='lat' dir='ltr'>Haec</span> <span class='ocrx_word' id='word_1_323' title='bbox 452 1346 519 1377; x_wconf 57' lang='lat' dir='ltr'>Ed„</span> <span class='ocrx_word' id='word_1_324' title='bbox 546 1351 628 1376; x_wconf 84' lang='lat' dir='ltr'>quain</span> <span class='ocrx_word' id='word_1_325' title='bbox 647 1344 768 1368; x_wconf 87' lang='lat' dir='ltr'>nondum</span> <span class='ocrx_word' id='word_1_326' title='bbox 787 1343 863 1373; x_wconf 86' lang='lat' dir='ltr'>vidi,</span> <span class='ocrx_word' id='word_1_327' title='bbox 890 1344 917 1367; x_wconf 93' lang='lat' dir='ltr'>iu</span> <span class='ocrx_word' id='word_1_328' title='bbox 937 1344 1065 1368; x_wconf 81' lang='lat' dir='ltr'>Bibliotli.</span> <span class='ocrx_word' id='word_1_329' title='bbox 1084 1345 1191 1369; x_wconf 89' lang='lat' dir='ltr'>Illustr.</span> <span class='ocrx_word' id='word_1_330' title='bbox 1212 1345 1328 1369; x_wconf 87' lang='lat' dir='ltr'>Comitis</span> <span class='ocrx_word' id='word_1_331' title='bbox 1350 1344 1774 1376; x_wconf 67' lang='lat' dir='ltr'>stolum-go—Wernigerodani</span> <span class='ocrx_word' id='word_1_332' title='bbox 1795 1347 1848 1369; x_wconf 87' lang='lat' dir='ltr'>est.</span> 
     </span>
     <span class='ocr_line' id='line_1_32' title="bbox 320 1379 1767 1406; baseline -0.003 0"><span class='ocrx_word' id='word_1_333' title='bbox 320 1389 383 1406; x_wconf 82' lang='lat' dir='ltr'>esse</span> <span class='ocrx_word' id='word_1_334' title='bbox 404 1381 572 1406; x_wconf 73' lang='lat' dir='ltr'>Christiani</span> <span class='ocrx_word' id='word_1_335' title='bbox 591 1380 762 1406; x_wconf 77' lang='lat' dir='ltr'>Eberlzardi</span> <span class='ocrx_word' id='word_1_336' title='bbox 782 1379 983 1403; x_wconf 82' lang='lat' dir='ltr'>collectionem</span> <span class='ocrx_word' id='word_1_337' title='bbox 1004 1379 1143 1404; x_wconf 80' lang='lat' dir='ltr'>libroruin</span> <span class='ocrx_word' id='word_1_338' title='bbox 1161 1380 1195 1404; x_wconf 85' lang='lat' dir='ltr'>de</span> <span class='ocrx_word' id='word_1_339' title='bbox 1214 1380 1352 1404; x_wconf 81' lang='lat' dir='ltr'>electione</span> <span class='ocrx_word' id='word_1_340' title='bbox 1371 1381 1399 1403; x_wconf 85' lang='lat' dir='ltr'>et</span> <span class='ocrx_word' id='word_1_341' title='bbox 1419 1379 1601 1404; x_wconf 83' lang='lat' dir='ltr'>coronatione</span> <span class='ocrx_word' id='word_1_342' title='bbox 1620 1379 1716 1405; x_wconf 82' lang='lat' dir='ltr'>Caroli</span> <span class='ocrx_word' id='word_1_343' title='bbox 1732 1379 1767 1403; x_wconf 76' lang='lat' dir='ltr'>V.</span> 
     </span>
    </p>
   </div>
   <div class='ocr_carea' id='block_1_24' title="bbox 284 1417 1233 1535">
    <p class='ocr_par' dir='ltr' id='par_1_24' title="bbox 284 1417 1233 1535">
     <span class='ocr_line' id='line_1_33' title="bbox 337 1417 430 1442; baseline -0.011 0"><span class='ocrx_word' id='word_1_344' title='bbox 337 1417 430 1442; x_wconf 86' lang='lat' dir='ltr'>rodiit.</span> 
     </span>
     <span class='ocr_line' id='line_1_34' title="bbox 286 1424 1195 1492; baseline 0.002 -13"><span class='ocrx_word' id='word_1_345' title='bbox 286 1424 359 1492; x_wconf 35' lang='lat' dir='ltr'>aasz)</span> <span class='ocrx_word' id='word_1_346' title='bbox 379 1459 457 1484; x_wconf 78' lang='lat' dir='ltr'>Haec</span> <span class='ocrx_word' id='word_1_347' title='bbox 475 1459 526 1485; x_wconf 88' lang='lat' dir='ltr'>Ed.</span> <span class='ocrx_word' id='word_1_348' title='bbox 550 1459 578 1483; x_wconf 89' lang='lat' dir='ltr'>in</span> <span class='ocrx_word' id='word_1_349' title='bbox 597 1457 726 1482; x_wconf 80' lang='lat' dir='ltr'>Bibliotli.</span> <span class='ocrx_word' id='word_1_350' title='bbox 746 1457 827 1488; x_wconf 82' lang='lat' dir='ltr'>regia</span> <span class='ocrx_word' id='word_1_351' title='bbox 846 1457 1002 1481; x_wconf 82' lang='lat' dir='ltr'>Dresdeusi</span> <span class='ocrx_word' id='word_1_352' title='bbox 1021 1459 1195 1481; x_wconf 85' lang='lat' dir='ltr'>asservatur.</span> 
     </span>
     <span class='ocr_line' id='line_1_35' title="bbox 284 1500 1233 1535; baseline -0.003 -8"><span class='ocrx_word' id='word_1_353' title='bbox 284 1502 375 1535; x_wconf 65' lang='lat' dir='ltr'><em>***ss)</em></span> <span class='ocrx_word' id='word_1_354' title='bbox 397 1504 472 1528; x_wconf 77' lang='lat' dir='ltr'>Haec</span> <span class='ocrx_word' id='word_1_355' title='bbox 491 1501 641 1527; x_wconf 83' lang='lat' dir='ltr'>translatio</span> <span class='ocrx_word' id='word_1_356' title='bbox 660 1501 689 1525; x_wconf 89' lang='lat' dir='ltr'>iu</span> <span class='ocrx_word' id='word_1_357' title='bbox 707 1501 835 1525; x_wconf 81' lang='lat' dir='ltr'>Bibliotli.</span> <span class='ocrx_word' id='word_1_358' title='bbox 856 1500 947 1526; x_wconf 84' lang='lat' dir='ltr'>ducali</span> <span class='ocrx_word' id='word_1_359' title='bbox 967 1500 1111 1525; x_wconf 73' lang='lat' dir='ltr'>Guelferb.</span> <span class='ocrx_word' id='word_1_360' title='bbox 1130 1502 1233 1525; x_wconf 82' lang='lat' dir='ltr'>exstat.</span> 
     </span>
    </p>
   </div>
   <div class='ocr_carea' id='block_1_25' title="bbox 1772 1342 2325 1410">
    <p class='ocr_par' dir='ltr' id='par_1_25' title="bbox 1772 1342 2325 1410">
     <span class='ocr_line' id='line_1_36' title="bbox 1893 1342 2323 1374; baseline -0.007 -5"><span class='ocrx_word' id='word_1_361' title='bbox 1893 1343 2027 1374; x_wconf 76' lang='lat' dir='ltr'>Suspicor</span> <span class='ocrx_word' id='word_1_362' title='bbox 2047 1345 2156 1372; x_wconf 86' lang='lat' dir='ltr'>autem,</span> <span class='ocrx_word' id='word_1_363' title='bbox 2183 1343 2253 1367; x_wconf 85' lang='lat' dir='ltr'>hanc</span> <span class='ocrx_word' id='word_1_364' title='bbox 2273 1342 2323 1367; x_wconf 80' lang='lat' dir='ltr'>Ed.</span> 
     </span>
     <span class='ocr_line' id='line_1_37' title="bbox 1772 1377 2325 1410; baseline 0 -7"><span class='ocrx_word' id='word_1_365' title='bbox 1772 1397 1779 1409; x_wconf 85' lang='lat'>,</span> <span class='ocrx_word' id='word_1_366' title='bbox 1807 1379 1905 1410; x_wconf 83' lang='lat' dir='ltr'>quippe</span> <span class='ocrx_word' id='word_1_367' title='bbox 1924 1384 1995 1410; x_wconf 83' lang='lat' dir='ltr'>quae</span> <span class='ocrx_word' id='word_1_368' title='bbox 2015 1377 2182 1403; x_wconf 77' lang='lat' dir='ltr'>Helmstadii</span> <span class='ocrx_word' id='word_1_369' title='bbox 2203 1378 2277 1402; x_wconf 82' lang='lat'>1660.</span> <span class='ocrx_word' id='word_1_370' title='bbox 2297 1379 2325 1403; x_wconf 75' lang='lat'>4.</span> 
     </span>
    </p>
   </div>
   <div class='ocr_carea' id='block_1_26' title="bbox 250 1730 2326 1776">
    <p class='ocr_par' dir='ltr' id='par_1_26' title="bbox 250 1730 2326 1776">
     <span class='ocr_line' id='line_1_38' title="bbox 250 1730 2326 1776; baseline -0.004 0"><span class='ocrx_word' id='word_1_371' title='bbox 250 1739 323 1776; x_wconf 82' lang='lat' dir='ltr'>DE</span> <span class='ocrx_word' id='word_1_372' title='bbox 360 1734 714 1773; x_wconf 86' lang='lat' dir='ltr'><strong>ELECTIONE</strong></span> <span class='ocrx_word' id='word_1_373' title='bbox 751 1733 824 1769; x_wconf 90' lang='lat' dir='ltr'>ET</span> <span class='ocrx_word' id='word_1_374' title='bbox 862 1731 1310 1769; x_wconf 85' lang='lat' dir='ltr'><strong>CORONATIONE</strong></span> <span class='ocrx_word' id='word_1_375' title='bbox 1341 1730 1573 1769; x_wconf 92' lang='lat' dir='ltr'><strong>CAROLI</strong></span> <span class='ocrx_word' id='word_1_376' title='bbox 1603 1732 1650 1769; x_wconf 84' lang='lat' dir='ltr'>V.</span> <span class='ocrx_word' id='word_1_377' title='bbox 1681 1731 1994 1769; x_wconf 88' lang='lat' dir='ltr'><strong>CAESARIS</strong></span> <span class='ocrx_word' id='word_1_378' title='bbox 2022 1730 2326 1769; x_wconf 86' lang='lat' dir='ltr'><strong>HISTORIA</strong></span> 
     </span>
    </p>
   </div>
   <div class='ocr_carea' id='block_1_27' title="bbox 840 1802 1070 1832">
    <p class='ocr_par' dir='ltr' id='par_1_27' title="bbox 840 1802 1070 1832">
     <span class='ocr_line' id='line_1_39' title="bbox 840 1802 1070 1832; baseline 0.004 -1"><span class='ocrx_word' id='word_1_379' title='bbox 840 1802 1070 1832; x_wconf 78' lang='lat' dir='ltr'><strong>PHILIPPO</strong></span> 
     </span>
    </p>
   </div>
   <div class='ocr_carea' id='block_1_28' title="bbox 252 1897 1273 2782">
    <p class='ocr_par' dir='ltr' id='par_1_28' title="bbox 252 1897 1273 2782">
     <span class='ocr_line' id='line_1_40' title="bbox 358 1897 1264 1944; baseline -0.006 -6"><span class='ocrx_word' id='word_1_380' title='bbox 358 1903 450 1938; x_wconf 90' lang='lat' dir='ltr'>Cum</span> <span class='ocrx_word' id='word_1_381' title='bbox 466 1900 738 1936; x_wconf 85' lang='lat' dir='ltr'>Maximilianus</span> <span class='ocrx_word' id='word_1_382' title='bbox 763 1905 949 1944; x_wconf 85' lang='lat' dir='ltr'>exemptus</span> <span class='ocrx_word' id='word_1_383' title='bbox 965 1906 1057 1933; x_wconf 86' lang='lat' dir='ltr'>esset</span> <span class='ocrx_word' id='word_1_384' title='bbox 1075 1899 1182 1934; x_wconf 81' lang='lat' dir='ltr'>rebus</span> <span class='ocrx_word' id='word_1_385' title='bbox 1198 1897 1264 1933; x_wconf 92' lang='lat' dir='ltr'>hu-</span> 
     </span>
     <span class='ocr_line' id='line_1_41' title="bbox 254 1951 1264 1998; baseline -0.007 -7"><span class='ocrx_word' id='word_1_386' title='bbox 254 1956 392 1997; x_wconf 81' lang='lat' dir='ltr'>manis,</span> <span class='ocrx_word' id='word_1_387' title='bbox 428 1961 462 1989; x_wconf 87' lang='lat' dir='ltr'>et</span> <span class='ocrx_word' id='word_1_388' title='bbox 486 1965 619 1998; x_wconf 87' lang='lat' dir='ltr'>magno</span> <span class='ocrx_word' id='word_1_389' title='bbox 645 1952 683 1985; x_wconf 89' lang='lat' dir='ltr'>in</span> <span class='ocrx_word' id='word_1_390' title='bbox 706 1952 805 1985; x_wconf 89' lang='lat' dir='ltr'>luctu</span> <span class='ocrx_word' id='word_1_391' title='bbox 829 1958 919 1986; x_wconf 87' lang='lat' dir='ltr'>esset</span> <span class='ocrx_word' id='word_1_392' title='bbox 943 1951 1162 1985; x_wconf 79' lang='lat' dir='ltr'>Germania:</span> <span class='ocrx_word' id='word_1_393' title='bbox 1206 1963 1264 1984; x_wconf 83' lang='lat' dir='ltr'>ex-</span> 
     </span>
     <span class='ocr_line' id='line_1_42' title="bbox 252 2003 1264 2053; baseline -0.007 -10"><span class='ocrx_word' id='word_1_394' title='bbox 252 2009 321 2044; x_wconf 88' lang='lat' dir='ltr'>teri</span> <span class='ocrx_word' id='word_1_395' title='bbox 345 2020 446 2053; x_wconf 81' lang='lat' dir='ltr'>reges</span> <span class='ocrx_word' id='word_1_396' title='bbox 472 2005 575 2053; x_wconf 88' lang='lat' dir='ltr'>quasi</span> <span class='ocrx_word' id='word_1_397' title='bbox 597 2004 743 2039; x_wconf 86' lang='lat' dir='ltr'>custode</span> <span class='ocrx_word' id='word_1_398' title='bbox 768 2003 935 2049; x_wconf 88' lang='lat' dir='ltr'>publicae</span> <span class='ocrx_word' id='word_1_399' title='bbox 952 2004 1051 2048; x_wconf 86' lang='lat' dir='ltr'>pacis</span> <span class='ocrx_word' id='word_1_400' title='bbox 1070 2016 1089 2036; x_wconf 89' lang='lat' dir='ltr'>a</span> <span class='ocrx_word' id='word_1_401' title='bbox 1107 2003 1264 2037; x_wconf 84' lang='lat' dir='ltr'>statione</span> 
     </span>
     <span class='ocr_line' id='line_1_43' title="bbox 253 2056 1265 2101; baseline -0.008 -5"><span class='ocrx_word' id='word_1_402' title='bbox 253 2067 416 2101; x_wconf 87' lang='lat' dir='ltr'>remoto,</span> <span class='ocrx_word' id='word_1_403' title='bbox 451 2059 489 2092; x_wconf 92' lang='lat' dir='ltr'>in</span> <span class='ocrx_word' id='word_1_404' title='bbox 519 2064 621 2092; x_wconf 86' lang='lat' dir='ltr'>tanta</span> <span class='ocrx_word' id='word_1_405' title='bbox 658 2056 847 2090; x_wconf 79' lang='lat' dir='ltr'>occasione</span> <span class='ocrx_word' id='word_1_406' title='bbox 882 2056 935 2089; x_wconf 90' lang='lat' dir='ltr'>rei</span> <span class='ocrx_word' id='word_1_407' title='bbox 964 2056 1054 2090; x_wconf 89' lang='lat' dir='ltr'>bene</span> <span class='ocrx_word' id='word_1_408' title='bbox 1084 2056 1265 2100; x_wconf 79' lang='lat' dir='ltr'>gerendae</span> 
     </span>
     <span class='ocr_line' id='line_1_44' title="bbox 253 2107 1267 2153; baseline -0.008 -5"><span class='ocrx_word' id='word_1_409' title='bbox 253 2126 329 2148; x_wconf 88' lang='lat' dir='ltr'>nou</span> <span class='ocrx_word' id='word_1_410' title='bbox 359 2112 571 2146; x_wconf 88' lang='lat' dir='ltr'>cessandum</span> <span class='ocrx_word' id='word_1_411' title='bbox 596 2109 665 2144; x_wconf 90' lang='lat' dir='ltr'>sihi</span> <span class='ocrx_word' id='word_1_412' title='bbox 689 2121 764 2143; x_wconf 87' lang='lat' dir='ltr'>esse</span> <span class='ocrx_word' id='word_1_413' title='bbox 789 2109 981 2142; x_wconf 81' lang='lat' dir='ltr'>ducebant.</span> <span class='ocrx_word' id='word_1_414' title='bbox 1042 2108 1142 2142; x_wconf 89' lang='lat' dir='ltr'>Alibi</span> <span class='ocrx_word' id='word_1_415' title='bbox 1160 2107 1267 2153; x_wconf 41' lang='lat' dir='ltr'>ssSely·</span> 
     </span>
     <span class='ocr_line' id='line_1_45' title="bbox 253 2159 1266 2206; baseline -0.008 -6"><span class='ocrx_word' id='word_1_416' title='bbox 253 2179 334 2200; x_wconf 86' lang='lat' dir='ltr'>mus</span> <span class='ocrx_word' id='word_1_417' title='bbox 353 2165 559 2198; x_wconf 88' lang='lat' dir='ltr'>Turcarum</span> <span class='ocrx_word' id='word_1_418' title='bbox 576 2162 797 2206; x_wconf 86' lang='lat' dir='ltr'>imperator,</span> <span class='ocrx_word' id='word_1_419' title='bbox 823 2166 952 2206; x_wconf 88' lang='lat' dir='ltr'>pacato</span> <span class='ocrx_word' id='word_1_420' title='bbox 971 2172 1084 2205; x_wconf 84' lang='lat' dir='ltr'>regno</span> <span class='ocrx_word' id='word_1_421' title='bbox 1105 2159 1144 2193; x_wconf 90' lang='lat' dir='ltr'>in</span> <span class='ocrx_word' id='word_1_422' title='bbox 1163 2159 1266 2206; x_wconf 88' lang='lat' dir='ltr'>Syria</span> 
     </span>
     <span class='ocr_line' id='line_1_46' title="bbox 254 2212 1268 2262; baseline -0.006 -11"><span class='ocrx_word' id='word_1_423' title='bbox 254 2224 289 2252; x_wconf 89' lang='lat' dir='ltr'>et</span> <span class='ocrx_word' id='word_1_424' title='bbox 306 2217 470 2262; x_wconf 85' lang='lat' dir='ltr'>Aegypto</span> <span class='ocrx_word' id='word_1_425' title='bbox 483 2243 492 2257; x_wconf 91' lang='lat'>,</span> <span class='ocrx_word' id='word_1_426' title='bbox 519 2226 652 2259; x_wconf 86' lang='lat' dir='ltr'>magna</span> <span class='ocrx_word' id='word_1_427' title='bbox 671 2213 866 2247; x_wconf 88' lang='lat' dir='ltr'>foelicitate</span> <span class='ocrx_word' id='word_1_428' title='bbox 885 2212 1018 2246; x_wconf 89' lang='lat' dir='ltr'>adiecit</span> <span class='ocrx_word' id='word_1_429' title='bbox 1039 2212 1202 2246; x_wconf 87' lang='lat' dir='ltr'>animum</span> <span class='ocrx_word' id='word_1_430' title='bbox 1221 2212 1268 2245; x_wconf 85' lang='lat' dir='ltr'>ad</span> 
     </span>
     <span class='ocr_line' id='line_1_47' title="bbox 254 2263 1269 2312; baseline -0.007 -8"><span class='ocrx_word' id='word_1_431' title='bbox 254 2268 468 2304; x_wconf 88' lang='lat' dir='ltr'>Pannonias</span> <span class='ocrx_word' id='word_1_432' title='bbox 497 2267 746 2312; x_wconf 83' lang='lat' dir='ltr'>occupandas,</span> <span class='ocrx_word' id='word_1_433' title='bbox 787 2277 941 2311; x_wconf 88' lang='lat' dir='ltr'>eamque</span> <span class='ocrx_word' id='word_1_434' title='bbox 978 2264 1016 2298; x_wconf 91' lang='lat' dir='ltr'>in</span> <span class='ocrx_word' id='word_1_435' title='bbox 1052 2277 1129 2298; x_wconf 89' lang='lat' dir='ltr'>rem</span> <span class='ocrx_word' id='word_1_436' title='bbox 1167 2263 1269 2298; x_wconf 89' lang='lat' dir='ltr'>omni</span> 
     </span>
     <span class='ocr_line' id='line_1_48' title="bbox 256 2316 1268 2356; baseline -0.007 0"><span class='ocrx_word' id='word_1_437' title='bbox 256 2333 341 2356; x_wconf 85' lang='lat' dir='ltr'>cura</span> <span class='ocrx_word' id='word_1_438' title='bbox 369 2327 403 2354; x_wconf 82' lang='lat' dir='ltr'>et</span> <span class='ocrx_word' id='word_1_439' title='bbox 425 2319 544 2354; x_wconf 88' lang='lat' dir='ltr'>studio</span> <span class='ocrx_word' id='word_1_440' title='bbox 565 2318 808 2353; x_wconf 78' lang='lat' dir='ltr'>incumbebat.</span> <span class='ocrx_word' id='word_1_441' title='bbox 863 2317 961 2351; x_wconf 85' lang='lat' dir='ltr'>Alibi</span> <span class='ocrx_word' id='word_1_442' title='bbox 980 2317 1108 2351; x_wconf 77' lang='lat' dir='ltr'>Gallus</span> <span class='ocrx_word' id='word_1_443' title='bbox 1128 2316 1268 2351; x_wconf 89' lang='lat' dir='ltr'>Medio-</span> 
     </span>
     <span class='ocr_line' id='line_1_49' title="bbox 255 2370 1269 2410; baseline -0.005 -3"><span class='ocrx_word' id='word_1_444' title='bbox 255 2375 380 2408; x_wconf 86' lang='lat' dir='ltr'>lanum</span> <span class='ocrx_word' id='word_1_445' title='bbox 406 2372 551 2405; x_wconf 91' lang='lat' dir='ltr'>nemine</span> <span class='ocrx_word' id='word_1_446' title='bbox 576 2371 650 2404; x_wconf 88' lang='lat' dir='ltr'>iam</span> <span class='ocrx_word' id='word_1_447' title='bbox 677 2371 891 2404; x_wconf 87' lang='lat' dir='ltr'>adversante</span> <span class='ocrx_word' id='word_1_448' title='bbox 915 2376 1061 2410; x_wconf 87' lang='lat' dir='ltr'>tenens,</span> <span class='ocrx_word' id='word_1_449' title='bbox 1097 2376 1132 2403; x_wconf 89' lang='lat' dir='ltr'>et</span> <span class='ocrx_word' id='word_1_450' title='bbox 1155 2370 1269 2403; x_wconf 86' lang='lat' dir='ltr'>elatus</span> 
     </span>
     <span class='ocr_line' id='line_1_50' title="bbox 257 2421 1270 2467; baseline -0.005 -7"><span class='ocrx_word' id='word_1_451' title='bbox 257 2424 455 2460; x_wconf 88' lang='lat' dir='ltr'>clarissima</span> <span class='ocrx_word' id='word_1_452' title='bbox 491 2422 662 2464; x_wconf 82' lang='lat' dir='ltr'>victoria,</span> <span class='ocrx_word' id='word_1_453' title='bbox 697 2435 778 2456; x_wconf 91' lang='lat' dir='ltr'>cum</span> <span class='ocrx_word' id='word_1_454' title='bbox 806 2422 966 2456; x_wconf 89' lang='lat' dir='ltr'>triennio</span> <span class='ocrx_word' id='word_1_455' title='bbox 993 2428 1077 2455; x_wconf 88' lang='lat' dir='ltr'>ante</span> <span class='ocrx_word' id='word_1_456' title='bbox 1105 2421 1270 2467; x_wconf 82' lang='lat' dir='ltr'>ingentes</span> 
     </span>
     <span class='ocr_line' id='line_1_51' title="bbox 258 2472 1271 2523; baseline -0.005 -11"><span class='ocrx_word' id='word_1_457' title='bbox 258 2477 381 2523; x_wconf 88' lang='lat' dir='ltr'>copias</span> <span class='ocrx_word' id='word_1_458' title='bbox 400 2475 649 2509; x_wconf 83' lang='lat' dir='ltr'>Helvetiorum</span> <span class='ocrx_word' id='word_1_459' title='bbox 674 2474 915 2519; x_wconf 82' lang='lat' dir='ltr'>profligasset:</span> <span class='ocrx_word' id='word_1_460' title='bbox 953 2472 1087 2507; x_wconf 87' lang='lat' dir='ltr'>habere</span> <span class='ocrx_word' id='word_1_461' title='bbox 1114 2487 1150 2508; x_wconf 90' lang='lat' dir='ltr'>se</span> <span class='ocrx_word' id='word_1_462' title='bbox 1169 2486 1271 2508; x_wconf 86' lang='lat' dir='ltr'>occa-</span> 
     </span>
     <span class='ocr_line' id='line_1_52' title="bbox 257 2526 1271 2572; baseline -0.005 -8"><span class='ocrx_word' id='word_1_463' title='bbox 257 2530 397 2565; x_wconf 86' lang='lat' dir='ltr'>sionem</span> <span class='ocrx_word' id='word_1_464' title='bbox 421 2534 582 2572; x_wconf 84' lang='lat' dir='ltr'>optatam</span> <span class='ocrx_word' id='word_1_465' title='bbox 601 2527 848 2561; x_wconf 79' lang='lat' dir='ltr'>arbitrabatur</span> <span class='ocrx_word' id='word_1_466' title='bbox 865 2527 973 2560; x_wconf 87' lang='lat' dir='ltr'>decus</span> <span class='ocrx_word' id='word_1_467' title='bbox 991 2538 1031 2559; x_wconf 87' lang='lat' dir='ltr'>ac</span> <span class='ocrx_word' id='word_1_468' title='bbox 1050 2538 1185 2559; x_wconf 89' lang='lat' dir='ltr'>nomen</span> <span class='ocrx_word' id='word_1_469' title='bbox 1204 2526 1271 2559; x_wconf 87' lang='lat' dir='ltr'>im-</span> 
     </span>
     <span class='ocr_line' id='line_1_53' title="bbox 258 2577 1272 2628; baseline -0.006 -12"><span class='ocrx_word' id='word_1_470' title='bbox 258 2581 351 2628; x_wconf 88' lang='lat' dir='ltr'>perii</span> <span class='ocrx_word' id='word_1_471' title='bbox 369 2581 413 2614; x_wconf 88' lang='lat' dir='ltr'>ad</span> <span class='ocrx_word' id='word_1_472' title='bbox 430 2580 554 2614; x_wconf 82' lang='lat' dir='ltr'>Gallos</span> <span class='ocrx_word' id='word_1_473' title='bbox 572 2578 831 2619; x_wconf 83' lang='lat' dir='ltr'>transferendi,</span> <span class='ocrx_word' id='word_1_474' title='bbox 861 2585 895 2612; x_wconf 88' lang='lat' dir='ltr'>et</span> <span class='ocrx_word' id='word_1_475' title='bbox 913 2578 1152 2623; x_wconf 89' lang='lat' dir='ltr'>recuperandi</span> <span class='ocrx_word' id='word_1_476' title='bbox 1168 2577 1272 2623; x_wconf 82' lang='lat' dir='ltr'>regni</span> 
     </span>
     <span class='ocr_line' id='line_1_54' title="bbox 259 2629 1270 2678; baseline -0.004 -10"><span class='ocrx_word' id='word_1_477' title='bbox 259 2632 515 2678; x_wconf 80' lang='lat' dir='ltr'>Neapolitani,</span> <span class='ocrx_word' id='word_1_478' title='bbox 556 2631 654 2677; x_wconf 90' lang='lat' dir='ltr'>quod</span> <span class='ocrx_word' id='word_1_479' title='bbox 691 2630 829 2664; x_wconf 85' lang='lat' dir='ltr'>aditum</span> <span class='ocrx_word' id='word_1_480' title='bbox 858 2630 896 2663; x_wconf 88' lang='lat' dir='ltr'>in</span> <span class='ocrx_word' id='word_1_481' title='bbox 924 2629 1089 2671; x_wconf 87' lang='lat' dir='ltr'>Italiam,</span> <span class='ocrx_word' id='word_1_482' title='bbox 1128 2637 1162 2664; x_wconf 87' lang='lat' dir='ltr'>et</span> <span class='ocrx_word' id='word_1_483' title='bbox 1191 2642 1270 2664; x_wconf 87' lang='lat' dir='ltr'>eam</span> 
     </span>
     <span class='ocr_line' id='line_1_55' title="bbox 259 2682 1273 2731; baseline -0.003 -12"><span class='ocrx_word' id='word_1_484' title='bbox 259 2692 402 2731; x_wconf 87' lang='lat' dir='ltr'>partem</span> <span class='ocrx_word' id='word_1_485' title='bbox 437 2689 597 2724; x_wconf 89' lang='lat' dir='ltr'>teneret,</span> <span class='ocrx_word' id='word_1_486' title='bbox 641 2694 732 2728; x_wconf 85' lang='lat' dir='ltr'>quae</span> <span class='ocrx_word' id='word_1_487' title='bbox 762 2682 864 2728; x_wconf 85' lang='lat' dir='ltr'>quasi</span> <span class='ocrx_word' id='word_1_488' title='bbox 892 2682 1119 2717; x_wconf 85' lang='lat' dir='ltr'>domicilium</span> <span class='ocrx_word' id='word_1_489' title='bbox 1148 2682 1273 2718; x_wconf 83' lang='lat' dir='ltr'>fuisset</span> 
     </span>
     <span class='ocr_line' id='line_1_56' title="bbox 261 2733 1272 2782; baseline -0.002 -12"><span class='ocrx_word' id='word_1_490' title='bbox 261 2738 539 2782; x_wconf 86' lang='lat' dir='ltr'>imperatorum.</span> <span class='ocrx_word' id='word_1_491' title='bbox 601 2733 726 2781; x_wconf 78' lang='lat' dir='ltr'>Itaque</span> <span class='ocrx_word' id='word_1_492' title='bbox 752 2740 901 2780; x_wconf 85' lang='lat' dir='ltr'>repente</span> <span class='ocrx_word' id='word_1_493' title='bbox 929 2746 1043 2769; x_wconf 85' lang='lat' dir='ltr'>novas</span> <span class='ocrx_word' id='word_1_494' title='bbox 1068 2747 1124 2770; x_wconf 87' lang='lat' dir='ltr'>res</span> <span class='ocrx_word' id='word_1_495' title='bbox 1149 2735 1272 2769; x_wconf 89' lang='lat' dir='ltr'>moliri</span> 
     </span>
    </p>
   </div>
   <div class='ocr_carea' id='block_1_29' title="bbox 1293 2195 1300 2761">
    <p class='ocr_par' dir='ltr' id='par_1_29' title="bbox 1293 2195 1300 2761">
     <span class='ocr_line' id='line_1_57' title="bbox 1293 2195 1300 2761; baseline 0 0"><span class='ocrx_word' id='word_1_496' title='bbox 1293 2195 1300 2761; x_wconf 95' lang='lat' dir='ltr'> </span> 
     </span>
    </p>
   </div>
   <div class='ocr_carea' id='block_1_30' title="bbox 1105 1801 1734 1832">
    <p class='ocr_par' dir='ltr' id='par_1_30' title="bbox 1105 1801 1734 1832">
     <span class='ocr_line' id='line_1_58' title="bbox 1105 1801 1734 1832; baseline -0.002 -1"><span class='ocrx_word' id='word_1_497' title='bbox 1105 1801 1451 1832; x_wconf 77' lang='lat' dir='ltr'><strong>MELANTHONE</strong></span> <span class='ocrx_word' id='word_1_498' title='bbox 1487 1801 1734 1832; x_wconf 81' lang='lat' dir='ltr'>AUCTORE.</span> 
     </span>
    </p>
   </div>
   <div class='ocr_carea' id='block_1_31' title="bbox 1319 1895 2335 2726">
    <p class='ocr_par' dir='ltr' id='par_1_31' title="bbox 1319 1895 2335 2726">
     <span class='ocr_line' id='line_1_59' title="bbox 1319 1895 2330 1942; baseline -0.003 -10"><span class='ocrx_word' id='word_1_499' title='bbox 1319 1897 1458 1942; x_wconf 86' lang='lat' dir='ltr'>coepit,</span> <span class='ocrx_word' id='word_1_500' title='bbox 1501 1897 1696 1931; x_wconf 82' lang='lat' dir='ltr'>conscribit</span> <span class='ocrx_word' id='word_1_501' title='bbox 1721 1897 1918 1937; x_wconf 81' lang='lat' dir='ltr'>exercitus,</span> <span class='ocrx_word' id='word_1_502' title='bbox 1953 1897 2099 1930; x_wconf 81' lang='lat' dir='ltr'>foedera</span> <span class='ocrx_word' id='word_1_503' title='bbox 2129 1909 2208 1931; x_wconf 92' lang='lat' dir='ltr'>cum</span> <span class='ocrx_word' id='word_1_504' title='bbox 2235 1895 2330 1930; x_wconf 88' lang='lat' dir='ltr'>Bur-</span> 
     </span>
     <span class='ocr_line' id='line_1_60' title="bbox 1319 1948 2331 1995; baseline -0.003 -11"><span class='ocrx_word' id='word_1_505' title='bbox 1319 1949 1448 1995; x_wconf 84' lang='lat' dir='ltr'>gundis</span> <span class='ocrx_word' id='word_1_506' title='bbox 1466 1948 1650 1989; x_wconf 85' lang='lat' dir='ltr'>dissolvit,</span> <span class='ocrx_word' id='word_1_507' title='bbox 1678 1949 1763 1982; x_wconf 87' lang='lat' dir='ltr'>facit</span> <span class='ocrx_word' id='word_1_508' title='bbox 1779 1961 1873 1982; x_wconf 81' lang='lat' dir='ltr'>nova</span> <span class='ocrx_word' id='word_1_509' title='bbox 1893 1961 1973 1983; x_wconf 88' lang='lat' dir='ltr'>cum</span> <span class='ocrx_word' id='word_1_510' title='bbox 1994 1949 2057 1990; x_wconf 89' lang='lat' dir='ltr'>iis,</span> <span class='ocrx_word' id='word_1_511' title='bbox 2086 1961 2242 1995; x_wconf 91' lang='lat' dir='ltr'>quorum</span> <span class='ocrx_word' id='word_1_512' title='bbox 2261 1949 2331 1983; x_wconf 91' lang='lat' dir='ltr'>sibi</span> 
     </span>
     <span class='ocr_line' id='line_1_61' title="bbox 1319 2000 2330 2046; baseline -0.001 -10"><span class='ocrx_word' id='word_1_513' title='bbox 1319 2002 1549 2045; x_wconf 88' lang='lat' dir='ltr'>profuturam</span> <span class='ocrx_word' id='word_1_514' title='bbox 1575 2001 1770 2035; x_wconf 83' lang='lat' dir='ltr'>amicitiam</span> <span class='ocrx_word' id='word_1_515' title='bbox 1800 2001 2041 2036; x_wconf 82' lang='lat' dir='ltr'>existimabat.</span> <span class='ocrx_word' id='word_1_516' title='bbox 2093 2000 2139 2035; x_wconf 88' lang='lat' dir='ltr'>Et</span> <span class='ocrx_word' id='word_1_517' title='bbox 2162 2000 2330 2046; x_wconf 88' lang='lat' dir='ltr'>inprimis</span> 
     </span>
     <span class='ocr_line' id='line_1_62' title="bbox 1319 2053 2332 2099; baseline -0.002 -11"><span class='ocrx_word' id='word_1_518' title='bbox 1319 2054 1533 2088; x_wconf 87' lang='lat' dir='ltr'>Pontificem</span> <span class='ocrx_word' id='word_1_519' title='bbox 1558 2053 1721 2087; x_wconf 89' lang='lat' dir='ltr'>Leonem</span> <span class='ocrx_word' id='word_1_520' title='bbox 1742 2054 1784 2087; x_wconf 87' lang='lat' dir='ltr'>X.</span> <span class='ocrx_word' id='word_1_521' title='bbox 1811 2053 1879 2088; x_wconf 89' lang='lat' dir='ltr'>sibi</span> <span class='ocrx_word' id='word_1_522' title='bbox 1902 2054 2099 2099; x_wconf 81' lang='lat' dir='ltr'>adiungere</span> <span class='ocrx_word' id='word_1_523' title='bbox 2124 2054 2264 2094; x_wconf 90' lang='lat' dir='ltr'>studet,</span> <span class='ocrx_word' id='word_1_524' title='bbox 2291 2059 2332 2087; x_wconf 85' lang='lat' dir='ltr'>ut</span> 
     </span>
     <span class='ocr_line' id='line_1_63' title="bbox 1320 2104 2332 2152; baseline -0.002 -12"><span class='ocrx_word' id='word_1_525' title='bbox 1320 2106 1534 2152; x_wconf 89' lang='lat' dir='ltr'>petitionem</span> <span class='ocrx_word' id='word_1_526' title='bbox 1559 2106 1704 2151; x_wconf 87' lang='lat' dir='ltr'>imperii</span> <span class='ocrx_word' id='word_1_527' title='bbox 1729 2105 1888 2140; x_wconf 75' lang='lat' dir='ltr'>adiuvet.</span> <span class='ocrx_word' id='word_1_528' title='bbox 1948 2105 2105 2151; x_wconf 85' lang='lat' dir='ltr'>Flagitat</span> <span class='ocrx_word' id='word_1_529' title='bbox 2131 2105 2239 2139; x_wconf 88' lang='lat' dir='ltr'>etiam</span> <span class='ocrx_word' id='word_1_530' title='bbox 2263 2104 2332 2139; x_wconf 88' lang='lat' dir='ltr'>sibi</span> 
     </span>
     <span class='ocr_line' id='line_1_64' title="bbox 1321 2156 2332 2203; baseline 0 -11"><span class='ocrx_word' id='word_1_531' title='bbox 1321 2159 1467 2192; x_wconf 86' lang='lat' dir='ltr'>titulum</span> <span class='ocrx_word' id='word_1_532' title='bbox 1489 2156 1724 2203; x_wconf 86' lang='lat' dir='ltr'>Imperatoris</span> <span class='ocrx_word' id='word_1_533' title='bbox 1748 2157 2148 2203; x_wconf 89' lang='lat' dir='ltr'>Constantinopolitani</span> <span class='ocrx_word' id='word_1_534' title='bbox 2173 2157 2332 2192; x_wconf 89' lang='lat' dir='ltr'>decerni.</span> 
     </span>
     <span class='ocr_line' id='line_1_65' title="bbox 1322 2210 2333 2256; baseline -0.002 -11"><span class='ocrx_word' id='word_1_535' title='bbox 1322 2211 1416 2246; x_wconf 88' lang='lat' dir='ltr'>Nam</span> <span class='ocrx_word' id='word_1_536' title='bbox 1437 2217 1477 2245; x_wconf 88' lang='lat' dir='ltr'>ut</span> <span class='ocrx_word' id='word_1_537' title='bbox 1495 2211 1748 2255; x_wconf 85' lang='lat' dir='ltr'>persuaderet,</span> <span class='ocrx_word' id='word_1_538' title='bbox 1776 2223 1818 2244; x_wconf 81' lang='lat' dir='ltr'>ex</span> <span class='ocrx_word' id='word_1_539' title='bbox 1835 2210 2019 2256; x_wconf 88' lang='lat' dir='ltr'>republica</span> <span class='ocrx_word' id='word_1_540' title='bbox 2041 2222 2134 2251; x_wconf 87' lang='lat' dir='ltr'>esse,</span> <span class='ocrx_word' id='word_1_541' title='bbox 2162 2216 2203 2244; x_wconf 91' lang='lat' dir='ltr'>ut</span> <span class='ocrx_word' id='word_1_542' title='bbox 2218 2210 2333 2254; x_wconf 89' lang='lat' dir='ltr'>impe-</span> 
     </span>
     <span class='ocr_line' id='line_1_66' title="bbox 1323 2263 2333 2308; baseline -0.002 -11"><span class='ocrx_word' id='word_1_543' title='bbox 1323 2263 1418 2297; x_wconf 88' lang='lat' dir='ltr'>rium</span> <span class='ocrx_word' id='word_1_544' title='bbox 1442 2263 1510 2296; x_wconf 87' lang='lat' dir='ltr'>sibi</span> <span class='ocrx_word' id='word_1_545' title='bbox 1535 2263 1843 2297; x_wconf 88' lang='lat' dir='ltr'>committeretur:</span> <span class='ocrx_word' id='word_1_546' title='bbox 1879 2263 2071 2308; x_wconf 88' lang='lat' dir='ltr'>pollicetur</span> <span class='ocrx_word' id='word_1_547' title='bbox 2087 2275 2123 2297; x_wconf 91' lang='lat' dir='ltr'>se</span> <span class='ocrx_word' id='word_1_548' title='bbox 2144 2268 2333 2296; x_wconf 89' lang='lat' dir='ltr'>moturum</span> 
     </span>
     <span class='ocr_line' id='line_1_67' title="bbox 1324 2313 2334 2361; baseline -0.004 -11"><span class='ocrx_word' id='word_1_549' title='bbox 1324 2328 1397 2350; x_wconf 90' lang='lat' dir='ltr'>esse</span> <span class='ocrx_word' id='word_1_550' title='bbox 1415 2315 1610 2349; x_wconf 88' lang='lat' dir='ltr'>Turcicum</span> <span class='ocrx_word' id='word_1_551' title='bbox 1634 2316 1768 2349; x_wconf 89' lang='lat' dir='ltr'>bellum</span> <span class='ocrx_word' id='word_1_552' title='bbox 1781 2343 1790 2356; x_wconf 93' lang='lat'>,</span> <span class='ocrx_word' id='word_1_553' title='bbox 1821 2316 1865 2349; x_wconf 91' lang='lat' dir='ltr'>ad</span> <span class='ocrx_word' id='word_1_554' title='bbox 1883 2316 1981 2361; x_wconf 91' lang='lat' dir='ltr'>quod</span> <span class='ocrx_word' id='word_1_555' title='bbox 2002 2316 2198 2360; x_wconf 84' lang='lat' dir='ltr'>gerendum</span> <span class='ocrx_word' id='word_1_556' title='bbox 2219 2313 2334 2347; x_wconf 86' lang='lat' dir='ltr'>maxi-</span> 
     </span>
     <span class='ocr_line' id='line_1_68' title="bbox 1324 2365 2334 2412; baseline 0 -12"><span class='ocrx_word' id='word_1_557' title='bbox 1324 2380 1380 2401; x_wconf 92' lang='lat' dir='ltr'>me</span> <span class='ocrx_word' id='word_1_558' title='bbox 1404 2367 1597 2412; x_wconf 84' lang='lat' dir='ltr'>prosutura</span> <span class='ocrx_word' id='word_1_559' title='bbox 1623 2375 1713 2402; x_wconf 89' lang='lat' dir='ltr'>esset</span> <span class='ocrx_word' id='word_1_560' title='bbox 1736 2368 1946 2401; x_wconf 88' lang='lat' dir='ltr'>coniunctio</span> <span class='ocrx_word' id='word_1_561' title='bbox 1964 2365 2111 2408; x_wconf 87' lang='lat' dir='ltr'>Italiae,</span> <span class='ocrx_word' id='word_1_562' title='bbox 2139 2365 2278 2401; x_wconf 88' lang='lat' dir='ltr'>Galliae</span> <span class='ocrx_word' id='word_1_563' title='bbox 2299 2372 2334 2400; x_wconf 87' lang='lat' dir='ltr'>et</span> 
     </span>
     <span class='ocr_line' id='line_1_69' title="bbox 1324 2418 2334 2466; baseline -0.003 -12"><span class='ocrx_word' id='word_1_564' title='bbox 1324 2419 1555 2454; x_wconf 85' lang='lat' dir='ltr'>Germaniae.</span> <span class='ocrx_word' id='word_1_565' title='bbox 1618 2419 1744 2466; x_wconf 85' lang='lat' dir='ltr'>Neque</span> <span class='ocrx_word' id='word_1_566' title='bbox 1774 2418 1864 2454; x_wconf 89' lang='lat' dir='ltr'>haec</span> <span class='ocrx_word' id='word_1_567' title='bbox 1888 2419 2029 2453; x_wconf 85' lang='lat' dir='ltr'>Romae</span> <span class='ocrx_word' id='word_1_568' title='bbox 2055 2425 2197 2453; x_wconf 90' lang='lat' dir='ltr'>tantum</span> <span class='ocrx_word' id='word_1_569' title='bbox 2222 2430 2334 2463; x_wconf 84' lang='lat' dir='ltr'>agun-</span> 
     </span>
     <span class='ocr_line' id='line_1_70' title="bbox 1325 2470 2334 2506; baseline -0.002 0"><span class='ocrx_word' id='word_1_570' title='bbox 1325 2479 1400 2506; x_wconf 87' lang='lat' dir='ltr'>tur:</span> <span class='ocrx_word' id='word_1_571' title='bbox 1438 2471 1641 2505; x_wconf 82' lang='lat' dir='ltr'>invitantur</span> <span class='ocrx_word' id='word_1_572' title='bbox 1665 2479 1700 2506; x_wconf 87' lang='lat' dir='ltr'>et</span> <span class='ocrx_word' id='word_1_573' title='bbox 1722 2472 1852 2506; x_wconf 86' lang='lat' dir='ltr'>Veneti</span> <span class='ocrx_word' id='word_1_574' title='bbox 1876 2474 1922 2505; x_wconf 88' lang='lat' dir='ltr'>ad</span> <span class='ocrx_word' id='word_1_575' title='bbox 1946 2472 2154 2506; x_wconf 86' lang='lat' dir='ltr'>societatem</span> <span class='ocrx_word' id='word_1_576' title='bbox 2181 2470 2334 2505; x_wconf 86' lang='lat' dir='ltr'>consilii.</span> 
     </span>
     <span class='ocr_line' id='line_1_71' title="bbox 1325 2522 2335 2569; baseline 0 -13"><span class='ocrx_word' id='word_1_577' title='bbox 1325 2523 1522 2557; x_wconf 88' lang='lat' dir='ltr'>Mittuntur</span> <span class='ocrx_word' id='word_1_578' title='bbox 1540 2523 1666 2569; x_wconf 81' lang='lat' dir='ltr'>Legati</span> <span class='ocrx_word' id='word_1_579' title='bbox 1692 2524 1730 2557; x_wconf 92' lang='lat' dir='ltr'>in</span> <span class='ocrx_word' id='word_1_580' title='bbox 1756 2524 2013 2564; x_wconf 83' lang='lat' dir='ltr'>Germaniam,</span> <span class='ocrx_word' id='word_1_581' title='bbox 2047 2522 2196 2568; x_wconf 85' lang='lat' dir='ltr'>petituri</span> <span class='ocrx_word' id='word_1_582' title='bbox 2220 2522 2335 2567; x_wconf 90' lang='lat' dir='ltr'>impe-</span> 
     </span>
     <span class='ocr_line' id='line_1_72' title="bbox 1326 2574 2335 2620; baseline -0.002 -11"><span class='ocrx_word' id='word_1_583' title='bbox 1326 2575 1419 2609; x_wconf 88' lang='lat' dir='ltr'>rium</span> <span class='ocrx_word' id='word_1_584' title='bbox 1439 2576 1535 2620; x_wconf 90' lang='lat' dir='ltr'>apud</span> <span class='ocrx_word' id='word_1_585' title='bbox 1552 2576 1746 2610; x_wconf 86' lang='lat' dir='ltr'>Electores.</span> <span class='ocrx_word' id='word_1_586' title='bbox 1781 2576 1922 2610; x_wconf 86' lang='lat' dir='ltr'>Interea</span> <span class='ocrx_word' id='word_1_587' title='bbox 1942 2575 2183 2610; x_wconf 87' lang='lat' dir='ltr'>sollicitantur</span> <span class='ocrx_word' id='word_1_588' title='bbox 2199 2581 2233 2608; x_wconf 90' lang='lat' dir='ltr'>et</span> <span class='ocrx_word' id='word_1_589' title='bbox 2249 2574 2335 2608; x_wconf 88' lang='lat' dir='ltr'>civi-</span> 
     </span>
     <span class='ocr_line' id='line_1_73' title="bbox 1325 2627 2335 2674; baseline -0.002 -12"><span class='ocrx_word' id='word_1_590' title='bbox 1325 2634 1415 2662; x_wconf 82' lang='lat' dir='ltr'>tates</span> <span class='ocrx_word' id='word_1_591' title='bbox 1440 2627 1583 2674; x_wconf 88' lang='lat' dir='ltr'>aliquae</span> <span class='ocrx_word' id='word_1_592' title='bbox 1601 2628 1638 2662; x_wconf 87' lang='lat' dir='ltr'>iu</span> <span class='ocrx_word' id='word_1_593' title='bbox 1655 2628 1852 2663; x_wconf 87' lang='lat' dir='ltr'>Germania</span> <span class='ocrx_word' id='word_1_594' title='bbox 1864 2655 1873 2669; x_wconf 92' lang='lat'>,</span> <span class='ocrx_word' id='word_1_595' title='bbox 1900 2634 1940 2662; x_wconf 90' lang='lat' dir='ltr'>ut</span> <span class='ocrx_word' id='word_1_596' title='bbox 1958 2627 2105 2662; x_wconf 89' lang='lat' dir='ltr'>Gallicis</span> <span class='ocrx_word' id='word_1_597' title='bbox 2122 2627 2335 2662; x_wconf 83' lang='lat' dir='ltr'>exercitibus</span> 
     </span>
     <span class='ocr_line' id='line_1_74' title="bbox 1326 2677 2335 2726; baseline -0.003 -12"><span class='ocrx_word' id='word_1_598' title='bbox 1326 2686 1510 2725; x_wconf 86' lang='lat' dir='ltr'>receptum</span> <span class='ocrx_word' id='word_1_599' title='bbox 1535 2682 1750 2726; x_wconf 88' lang='lat' dir='ltr'>praebeant:</span> <span class='ocrx_word' id='word_1_600' title='bbox 1783 2692 1876 2726; x_wconf 89' lang='lat' dir='ltr'>quae</span> <span class='ocrx_word' id='word_1_601' title='bbox 1895 2680 2114 2714; x_wconf 85' lang='lat' dir='ltr'>videbantur</span> <span class='ocrx_word' id='word_1_602' title='bbox 2132 2692 2230 2714; x_wconf 87' lang='lat' dir='ltr'>arces</span> <span class='ocrx_word' id='word_1_603' title='bbox 2249 2677 2335 2712; x_wconf 88' lang='lat' dir='ltr'>belli</span> 
     </span>
    </p>
   </div>
   <div class='ocr_carea' id='block_1_32' title="bbox 1298 2732 2294 2779">
    <p class='ocr_par' dir='ltr' id='par_1_32' title="bbox 1298 2732 2294 2779">
     <span class='ocr_line' id='line_1_75' title="bbox 1298 2732 2294 2779; baseline -0.004 -12"><span class='ocrx_word' id='word_1_604' title='bbox 1298 2763 1299 2767; x_wconf 73' lang='grc'>,</span> <span class='ocrx_word' id='word_1_605' title='bbox 1326 2733 1488 2773; x_wconf 82' lang='lat' dir='ltr'>futurae,</span> <span class='ocrx_word' id='word_1_606' title='bbox 1510 2733 1539 2767; x_wconf 90' lang='lat' dir='ltr'>si</span> <span class='ocrx_word' id='word_1_607' title='bbox 1557 2733 1667 2768; x_wconf 87' lang='lat' dir='ltr'>armis</span> <span class='ocrx_word' id='word_1_608' title='bbox 1684 2733 1860 2779; x_wconf 88' lang='lat' dir='ltr'>possessio</span> <span class='ocrx_word' id='word_1_609' title='bbox 1880 2732 2026 2778; x_wconf 87' lang='lat' dir='ltr'>imperii</span> <span class='ocrx_word' id='word_1_610' title='bbox 2041 2733 2175 2767; x_wconf 87' lang='lat' dir='ltr'>tuenda</span> <span class='ocrx_word' id='word_1_611' title='bbox 2194 2737 2294 2765; x_wconf 86' lang='lat' dir='ltr'>esset.</span> 
     </span>
    </p>
   </div>
   <div class='ocr_carea' id='block_1_33' title="bbox 2237 95 2361 143">
    <p class='ocr_par' dir='ltr' id='par_1_33' title="bbox 2237 95 2361 143">
     <span class='ocr_line' id='line_1_76' title="bbox 2237 95 2361 143; baseline 0 0"><span class='ocrx_word' id='word_1_612' title='bbox 2237 108 2311 143; x_wconf 80' lang='lat'>476</span> <span class='ocrx_word' id='word_1_613' title='bbox 2359 95 2361 97; x_wconf 78' lang='grc'><strong>’</strong></span> 
     </span>
    </p>
   </div>
   <div class='ocr_carea' id='block_1_34' title="bbox 2127 664 2369 706">
    <p class='ocr_par' dir='ltr' id='par_1_34' title="bbox 2127 664 2369 706">
     <span class='ocr_line' id='line_1_77' title="bbox 2127 664 2369 706; baseline -0.004 -8"><span class='ocrx_word' id='word_1_614' title='bbox 2127 664 2318 706; x_wconf 63' lang='grc' dir='ltr'>ΞΒίῐῐεηβετς</span> <span class='ocrx_word' id='word_1_615' title='bbox 2366 679 2369 683; x_wconf 90' lang='grc'><em>·</em></span> 
     </span>
    </p>
   </div>
   <div class='ocr_carea' id='block_1_35' title="bbox 2394 231 2407 242">
    <p class='ocr_par' dir='ltr' id='par_1_35' title="bbox 2394 231 2407 242">
     <span class='ocr_line' id='line_1_78' title="bbox 2394 231 2407 242; baseline 0 0"><span class='ocrx_word' id='word_1_616' title='bbox 2394 231 2407 242; x_wconf 62' lang='grc' dir='ltr'>υ</span> 
     </span>
    </p>
   </div>
  </div>
 </body>
</html>
