2421 3037
255 138 327 172 467

255 224 323 258 erit
340 224 468 259 Turcis
486 230 606 269 postea
626 234 689 267 per
706 222 930 256 occasionem
943 250 952 261 ,
981 223 1201 268 irruptiones
1218 223 1256 256 in

254 276 487 310 Germaniam
508 276 642 315 facere,
672 274 812 320 quoties
830 275 952 309 velint.
1006 277 1057 310 Ac
1074 273 1163 309 mihi
1182 288 1256 309 cre-

255 329 345 365 dite,
373 340 447 359 nou
473 327 588 360 solum
616 327 776 366 sortiter,
804 328 864 360 sed
894 327 1000 360 etiam
1022 340 1153 372 magno
1173 340 1256 360 con-

255 380 333 413 silio
351 378 491 411 Turcae
514 378 792 422 belligerantur,
819 379 948 412 intenti
972 380 1008 412 in
1033 379 1255 415 occasione&

257 444 318 464 nec
337 431 458 463 omnia
479 430 586 464 simul
604 442 780 475 occupare
797 438 988 472 conantur,
1012 433 1070 466 sed
1093 444 1174 465 arce
1193 431 1255 464 ali-

256 496 322 528 qua
342 482 425 514 belli
442 489 566 527 capta,
594 482 768 526 paulatim
789 489 929 517 tentant
949 483 1064 517 vicina
1088 484 1177 517 loca.

357 534 412 567 Ad
436 532 505 567 hoc
529 534 665 567 accedit
687 534 895 576 assiduitas,
923 548 994 581 qua
1015 536 1165 569 crevisse
1182 547 1257 567 ma-

254 599 321 627 gna
342 586 493 630 imperia
512 587 703 631 praecipue
720 587 901 625 vislemus3
925 587 986 621 ubi
1003 589 1110 621 semel
1128 587 1255 631 pedem

256 645 473 683 posuerunt,
501 639 585 671 inde
608 651 682 671 non
700 639 802 672 facile
820 640 1061 683 depelluntur.
1116 639 1257 672 Deinde

254 690 486 724 communitis
508 690 550 724 iis
577 691 682 731 locis,
711 703 803 737 quae
829 698 1072 735 occuparunt,
1100 697 1175 724 tum
1197 692 1257 724 de-

256 755 353 775 mum
387 754 486 775 arma
516 743 707 786 proferunt
738 743 899 777 ulterius.
965 743 1087 788 Quare
1116 742 1257 776 etiamsi

254 794 487 829 Germaniam
507 796 670 828 nondum
691 795 895 839 attingunt,
924 807 1134 841 quanquam
1151 807 1256 838 saepe

252 848 323 879 iam
358 846 395 878 in
425 846 561 881 Carnas
589 848 749 880 fecerunt
771 847 1010 891 irruptiones:
1050 854 1170 880 tamen
1195 846 1257 879 ubi

252 898 438 943 Hungaria
465 898 570 943 potiti
594 899 747 939 fuerint,
782 905 888 932 erunt
910 898 1037 932 intenti
1067 899 1102 931 in
1131 911 1257 932 omnes

253 950 478 990 occasiones,
508 957 547 984 ut
571 963 637 984 nos
663 951 880 995 imparatos,
909 958 970 985 aut
996 951 1186 984 distractos
1203 950 1257 983 in-

253 1002 391 1038 testinis
409 1002 596 1036 discordiis
617 1004 838 1047 opprimant.

356 1054 412 1093 Si,
455 1061 494 1087 ut
528 1054 713 1099 Bulgaris,
747 1061 786 1088 ut
816 1053 986 1089 Valachis
1022 1056 1256 1099 imperarent,

252 1107 371 1140 nullos
386 1106 540 1146 labores,
569 1107 666 1140 nulla
686 1107 901 1151 defugerunt
918 1107 1088 1151 pericula,
1118 1113 1255 1152 quanto

252 1159 365 1203 magis
392 1158 627 1192 Germaniam
655 1165 763 1204 atque
789 1157 950 1199 ltaliam,
985 1159 1080 1203 ipsas
1109 1158 1254 1204 quidem

252 1224 350 1245 arces
369 1207 565 1244 Christiani
588 1211 746 1244 nominis
772 1217 961 1255 appetent,
992 1223 1081 1256 quas
1109 1211 1138 1244 si
1159 1217 1256 1243 tene-

252 1270 333 1296 rent
357 1262 471 1307 (quod
499 1261 691 1308 prohibeat
708 1262 843 1311 Deus),
876 1276 949 1296 non
971 1264 1086 1296 solum
1112 1262 1256 1307 imperii

252 1314 502 1359 magnitudine
536 1321 672 1349 veteres
708 1315 895 1349 Romanos
933 1321 1152 1361 aequarent,
1194 1315 1256 1349 sed

253 1368 360 1401 etiam
388 1372 502 1400 totam
522 1365 765 1401 Christianam
793 1367 1004 1412 religionem
1031 1367 1165 1400 delesse
1187 1367 1255 1401 sibi

252 1421 471 1454 viderentur.
500 1419 684 1453 Haberent
701 1420 939 1454 accessionem
956 1426 1093 1453 tantam
1109 1419 1255 1459 virium,

250 1480 289 1505 ut
314 1472 475 1516 reliquae
497 1472 663 1505 nationes
691 1471 766 1505 sine
785 1472 859 1506 ullo
878 1471 1073 1505 certamine
1092 1483 1255 1505 cessurae

252 1531 379 1558 essent.
421 1523 470 1557 Et
485 1536 561 1564 vos,
585 1525 647 1570 qui
666 1536 762 1557 nunc
778 1536 878 1557 arma
897 1524 1032 1567 geritis,
1059 1535 1104 1556 ne
1121 1521 1255 1556 Christi

252 1589 384 1611 nomen
421 1576 629 1617 aboleatur,
664 1576 798 1622 quique
831 1588 954 1609 veram
983 1575 1195 1619 religionem
1221 1581 1255 1607 et

253 1629 453 1663 libertatem
487 1634 641 1662 vestram
675 1627 885 1667 defenditis,
929 1634 1050 1672 postea
1084 1628 1255 1660 adversus

253 1679 433 1716 Christum
455 1693 521 1726 pro
539 1680 675 1713 nefaria
698 1680 882 1724 impietate
900 1679 1069 1717 militare,
1097 1685 1254 1724 tyranno

252 1732 407 1773 servire,
435 1740 469 1766 et
490 1733 599 1766 fustes
619 1739 804 1776 expectare
825 1731 974 1765 alicuius
992 1729 1168 1776 Scythae,
1197 1743 1256 1763 co-

252 1785 437 1827 geremini.
499 1784 580 1830 Qua
606 1784 834 1817 humanitate
860 1783 1000 1816 domini
1024 1783 1060 1815 in
1088 1783 1256 1827 coniuges

253 1844 386 1872 vestras
416 1849 455 1870 ac
478 1837 609 1870 liberos
636 1837 734 1870 usuri
763 1835 903 1869 essent?
956 1834 1166 1868 verecunde
1186 1834 1256 1868 dici

253 1902 326 1923 uon
360 1896 510 1935 possunt
535 1902 596 1928 ea,
638 1901 729 1934 quae
755 1900 830 1921 non
853 1894 993 1921 tantum
1018 1887 1056 1920 in
1082 1887 1256 1931 captivos,

252 1944 311 1976 sed
340 1943 447 1975 etiam
476 1941 513 1974 in
536 1953 618 1975 suos
645 1941 888 1974 committunt.

354 1994 445 2027 Illud
474 2000 615 2026 tantum
639 1993 818 2026 recitabo:
858 1991 972 2036 Capto
991 1991 1170 2037 Byzantio
1186 1989 1256 2023 lm-

254 2046 429 2091 peratoris
445 2045 673 2080 Constantini
702 2051 810 2090 caput
834 2044 961 2077 cervici
979 2044 1171 2078 abscissum
1192 2049 1256 2084 est,

252 2099 288 2131 id
305 2097 536 2132 Mahometus
565 2098 672 2131 fixum
700 2096 829 2142 gestari
851 2108 914 2141 per
938 2096 1064 2129 urbem
1089 2095 1191 2129 iussit
1218 2095 1255 2128 in

255 2150 339 2195 pilo.
392 2150 479 2184 Eius
501 2162 587 2183 vero
606 2149 794 2194 coniugem
821 2161 862 2181 ac
884 2148 977 2182 filios
1006 2160 1079 2181 non
1104 2149 1152 2181 ita
1174 2160 1255 2181 san-

253 2209 327 2241 cte,
354 2209 393 2236 ut
410 2203 614 2235 Alexander
631 2201 783 2235 Macedo
807 2200 911 2234 Darii
932 2200 1026 2245 regis
1052 2207 1203 2233 matrem
1222 2206 1256 2233 et

253 2254 440 2299 coniugem
453 2281 462 2295 ,
490 2254 648 2299 captivas
666 2251 809 2292 habuit;
837 2254 897 2287 sed
916 2253 953 2286 in
971 2252 1176 2286 convivium
1194 2252 1256 2285 ad-

252 2308 376 2340 ductas
409 2307 558 2339 tradidit
584 2306 758 2350 flagitiose
783 2306 999 2350 stuprandas
1025 2304 1097 2338 suis
1121 2304 1257 2338 satelli-

252 2359 358 2392 tibus.
412 2358 546 2391 Eadem
572 2358 608 2391 in
635 2358 713 2391 aliis
731 2358 940 2401 regionibus
964 2357 1126 2390 accidere
1144 2356 1255 2401 capti-

252 2411 304 2444 vis
321 2410 500 2444 credibile.
534 2410 730 2456 Nunquam
750 2411 866 2443 dicam
884 2410 1013 2443 fortem
1032 2421 1106 2443 esse
1123 2409 1255 2449 virum,

252 2475 357 2508 quem
378 2463 461 2495 talia
481 2463 642 2506 exempla
659 2474 733 2495 non
753 2468 920 2501 movent,
943 2461 1003 2507 qui
1022 2474 1095 2494 non
1113 2473 1254 2495 summa

252 2515 365 2548 animi
391 2514 587 2559 cupiditate
614 2514 811 2555 desiderat,
839 2520 880 2547 ut
900 2514 1018 2547 statim
1044 2525 1186 2558 pugnae
1209 2513 1255 2547 si-

252 2579 360 2611 gnum
387 2572 626 2611 proponatur.

357 2618 480 2665 ltaque
511 2631 589 2651 cum
621 2630 762 2652 necesse
794 2617 839 2651 sit
870 2617 973 2651 nobis
1003 2617 1096 2651 tueri
1129 2629 1252 2650 veram

253 2671 485 2715 religionem,
513 2671 714 2703 libertatem
738 2676 921 2709 nostram,
952 2670 1139 2714 coniuges,
1166 2669 1254 2703 lihe-

255 2736 331 2763 ros,
366 2724 479 2767 leges,
517 2735 556 2755 ac
586 2721 810 2766 disciplinam
839 2721 1042 2766 publicam,
1078 2719 1254 2754 adhortor

254 2787 315 2808 vos
335 2776 378 2808 ad
397 2773 503 2809 buius
520 2774 702 2808 iustissimi
721 2786 761 2807 ac
784 2773 972 2808 necessarii
999 2774 1081 2807 belli
1107 2774 1255 2808 societa-

886 115 1008 171 finit.
1038 136 1152 173 MEL.
1180 134 1385 172 SCRIPTA
1413 134 1683 172 ffls'roch.

2237 134 2323 172 4-68

1311 230 1396 256 tem.
1452 223 1610 256 Maiores
1634 222 1747 256 nostri
1775 229 1929 269 quantas
1955 235 2010 256 res
2037 231 2242 267 gesserunt,
2274 222 2327 258 us'

1312 275 1347 307 in
1376 274 1460 307 Asia
1498 274 1740 319 reprimerent
1774 273 2055 308 Mahometicam
2093 275 2313 310 barbariem!

1311 326 1364 359 llli
1389 338 1462 359 non
1485 326 1722 367 dubitabant,
1753 327 1859 360 talem
1887 325 2026 360 hostem
2052 327 2180 371 procul
2206 339 2313 373 quae-

1311 391 1402 418 rere,
1431 391 1527 412 nunc
1545 378 1687 412 Turcae
1707 391 1857 422 regnum
1877 379 1982 412 nobis
1999 378 2157 412 vicinum
2176 378 2314 412 invase-

1310 437 1416 471 runt,
1444 443 1508 464 nec
1530 437 1602 463 tam
1622 430 1848 470 Pannoniae,
1877 443 1985 476 quam
2005 430 2224 465 Germaniae
2242 431 2316 464 bel-

1311 483 1383 515 lum
1404 482 1631 517 denuntiant.
1685 482 1821 516 Multos
1838 483 1909 515 iarn
1926 495 2040 517 annos
2057 482 2316 527 Hungarorum

1312 535 1443 568 virtute
1468 535 1654 568 barbaries
1677 535 1737 567 illa
1764 541 1816 568 est
1840 546 1859 567 a
1884 535 2015 569 nostris
2040 535 2238 569 cervicibus
2256 535 2316 568 de-

1311 587 1435 630 pulsa,
1469 599 1535 620 nos
1556 587 1709 620 vicissim
1737 586 1880 619 nationi
1903 587 1994 620 bene
2018 587 2167 621 meritae
2193 586 2318 620 defen-

1312 638 1449 672 sionem
1487 639 1668 673 debemus.
1733 638 1861 672 Manes
1897 638 2004 672 etiam
2033 639 2316 673 fortissimorum

1312 690 1493 729 virorum,
1529 691 1590 736 qui
1618 690 1654 723 in
1680 690 1754 723 acie
1782 697 1931 735 propter
1954 703 2183 724 communem
2209 691 2317 724 liher-

1312 749 1422 775 tatem
1444 742 1668 781 ceciderunt,
1696 742 1880 787 flagitant,
1908 749 1948 776 ut
1972 754 2058 777 suae
2078 742 2217 788 patriae
2237 755 2317 775 mu-

1313 800 1409 827 tuam
1438 794 1591 837 gratiam
1612 795 1830 834 referamus,
1858 806 2068 840 quanquam
2086 807 2124 828 re
2145 795 2221 840 ipsa
2239 806 2315 828 non

1311 846 1430 879 minus
1448 846 1598 890 periculi
1615 846 1740 886 nobis,
1765 859 1873 892 quam
1892 846 2100 891 Hungariae
2118 847 2316 891 impendet.

1415 897 1568 943 Reliqua
1587 905 1638 932 est
1656 898 1767 931 altera
1786 911 1870 943 pars
1891 899 2176 939 deliberationis,
2202 910 2316 945 quan—

1311 949 1355 983 tis
1375 950 1488 994 copiis
1506 962 1561 984 res
1579 952 1734 994 gerenda
1752 950 1816 990 sit,
1845 963 1917 996 quo
1936 950 1972 983 in
1992 951 2072 984 loco
2099 951 2232 983 bellum
2261 951 2316 984 in-

1311 1002 1512 1040 serendum,
1541 1004 1637 1035 unde
1655 1009 1877 1036 commeatus
1895 1000 2133 1043 subvehendi,
2157 1002 2187 1036 si
2202 1002 2316 1035 animi

1310 1066 1384 1087 non
1411 1052 1609 1087 abhorrent
1635 1055 1678 1087 ab
1698 1052 1766 1087 hoc
1783 1055 1894 1087 bello:
1932 1053 2020 1088 haec
2035 1054 2247 1088 deliberatio
2264 1055 2316 1088 fa-

1311 1106 1386 1139 cilis
1419 1106 1497 1139 erit.
1570 1106 1661 1140 Nam
1692 1119 1854 1140 summus
1880 1106 2068 1147 Pontifex,
2102 1119 2164 1140 rex
2185 1106 2316 1152 Hispa-

1310 1158 1413 1197 niae,
1449 1165 1481 1191 et
1508 1157 1635 1191 Veneti
1671 1158 1817 1192 classem
1850 1158 2048 1199 instruent,
2085 1165 2120 1192 et
2151 1157 2315 1192 civitates

1310 1210 1347 1242 in
1381 1209 1502 1243 littore
1534 1209 1637 1254 Epiri
1677 1216 1711 1243 et
1737 1210 1980 1254 Peloponnesi
2012 1210 2096 1244 sitas
2128 1209 2314 1244 invadent.

1310 1261 1441 1296 Noster
1463 1263 1637 1296 exercitus
1661 1274 1740 1296 cum
1761 1262 1909 1296 Gallicis
1933 1268 1967 1295 et
1988 1261 2148 1306 Anglicis
2173 1261 2316 1296 auxiliis

1310 1314 1347 1347 in
1365 1314 1575 1348 Pannonias
1593 1315 1777 1348 ducendus
1794 1314 1873 1348 erit.
1927 1314 2019 1348 Nam
2039 1314 2120 1347 ideo
2141 1325 2316 1358 propera-

1310 1379 1402 1406 mus,
1429 1373 1469 1399 ut
1486 1364 1554 1399 hoc
1572 1379 1722 1410 regnum
1742 1366 1897 1400 Turcico
1914 1365 2106 1400 latrocinio
2123 1365 2314 1404 liberetur3

1310 1418 1394 1451 inde
1419 1418 1456 1450 in
1479 1417 1661 1463 Illyricum
1685 1418 1873 1452 transferri
1899 1418 2033 1451 bellum
2060 1417 2129 1450 erit
2154 1430 2315 1450 commo-

1309 1470 1509 1504 dissimum.

1411 1521 1622 1555 Formulam
1649 1521 1758 1555 etiam
1784 1533 1973 1566 propono,
2007 1526 2183 1566 quantum
2209 1532 2316 1565 pecu-

1308 1573 1409 1614 niae,
1450 1580 1626 1619 quantum
1672 1573 1833 1619 equitum
1877 1585 1916 1605 ac
1962 1573 2124 1617 peditum
2166 1572 2316 1617 singulis

1309 1625 1538 1670 Principibus
1556 1625 1775 1659 Germaniae
1801 1625 2055 1669 imperandum
2082 1637 2156 1659 esse
2179 1631 2314 1669 putem.

1311 1677 1542 1710 Commeatus
1560 1684 1599 1710 ut
1617 1676 1787 1710 Danubio
1806 1675 2074 1717 convehantur,
2103 1689 2121 1709 a
2141 1689 2198 1710 me
2215 1681 2314 1709 certo

1310 1729 1573 1774 providebitur.
1629 1729 1751 1774 Quare
1775 1729 1824 1770 si,
1861 1735 1900 1763 ut
1927 1741 2052 1774 spero,
2087 1727 2157 1762 hoc
2179 1728 2314 1762 bellum

1310 1782 1494 1826 expetitis,
1535 1781 1834 1815 deliberationem
1871 1783 1920 1814 ita
1957 1780 2172 1821 instituetis‚
2204 1786 2244 1814 ut
2270 1781 2314 1813 de

1309 1834 1464 1867 formula
1486 1834 1580 1867 inter
1596 1845 1659 1867 vos
1678 1833 1884 1867 conveniat.
1937 1832 2033 1868 Nam
2052 1838 2203 1878 propter
2221 1830 2316 1865 hanc

1311 1886 1504 1931 praecipue
1527 1883 1585 1918 hic
1609 1891 1807 1919 conventus
1830 1885 1985 1919 indictus
2011 1891 2080 1918 est:
2116 1895 2192 1917 non
2218 1896 2315 1918 sum-

1310 1945 1386 1980 tus,
1428 1949 1504 1971 non
1546 1937 1708 1978 labores,
1750 1949 1824 1970 non
1862 1937 2020 1981 pericula
2057 1935 2316 1976 detrectamus,

1309 1990 1336 2024 si
1375 1989 1538 2024 statuetis
1572 1988 1649 2022 Deo
1686 2002 1750 2023 vos
1784 1987 1853 2022 hoc
1889 1988 2045 2023 officium
2081 1988 2231 2029 debere,
2273 1993 2316 2021 ut

1310 2041 1378 2076 hoc
1412 2042 1544 2076 bellum
1583 2054 1724 2075 summo
1762 2040 1882 2075 studio
1924 2041 2138 2086 suscipiatis.
2207 2037 2314 2074 Chri-

1309 2101 1383 2129 stus
1418 2095 1454 2127 in
1487 2100 1647 2127 extremo
1681 2093 1815 2127 iudicio
1848 2093 2029 2127 rationem
2064 2105 2083 2126 a
2110 2092 2216 2126 nobis
2248 2103 2314 2136 po-

1309 2153 1401 2187 scet,
1429 2146 1475 2185 si,
1511 2158 1589 2179 cum
1616 2144 1764 2190 Imperii
1787 2158 1926 2179 summa
1954 2144 2109 2190 dignitas
2134 2144 2180 2178 sit
2203 2155 2314 2189 penes

1309 2211 1396 2239 nos,
1435 2199 1641 2232 deseremus
1669 2205 1830 2232 caeteras
1858 2199 2042 2239 nationes,
2077 2197 2107 2231 si
2134 2208 2210 2229 non
2239 2208 2314 2230 sus-

1310 2251 1482 2296 cipiemus
1527 2249 1771 2284 defensionem
1815 2247 2040 2284 Christianae
2080 2248 2313 2293 reipublicae.

1309 2303 1432 2337 Genus
1455 2300 1611 2336 hostium
1636 2315 1711 2336 non
1731 2303 1933 2337 extenuavi.
1987 2301 2124 2336 Errant
2139 2300 2255 2340 enim,
2283 2299 2314 2333 si

1310 2356 1371 2402 qui
1389 2360 1519 2399 putant
1535 2354 1673 2389 Turcas
1689 2355 1839 2399 ignavos
1856 2361 1917 2388 aut
1933 2354 2094 2388 imbelles
2112 2365 2197 2387 esse.
2239 2351 2313 2385 Tot

1309 2407 1482 2440 victoriae
1500 2406 1679 2447 indicant,
1709 2407 1758 2441 eis
1776 2419 1841 2440 nec
1858 2407 2044 2441 scientiam
2062 2405 2115 2439 rei
2132 2403 2313 2444 militaris,

1307 2472 1373 2493 nec
1390 2458 1640 2492 fortitudinem
1659 2461 1792 2494 deesse.
1839 2459 2021 2492 Polliceor
2036 2464 2159 2491 tamen
2175 2456 2311 2490 laetum

1307 2511 1392 2545 belli
1417 2510 1569 2552 exitum,
1598 2511 1680 2557 quia
1700 2511 1797 2545 Deus
1819 2512 1916 2544 favet
1937 2511 2037 2545 iustis
2063 2516 2097 2543 et
2112 2508 2181 2554 piis
2197 2508 2314 2542 consi-

1308 2563 1383 2604 liis,
1421 2575 1461 2596 ac
1490 2570 1626 2596 certum
1656 2571 1708 2598 est
1735 2576 1836 2598 suam
1867 2568 2164 2597 conservaturum
2191 2560 2312 2594 Eccle-

1307 2616 1410 2650 siam.
1470 2615 1596 2649 Servat
1622 2623 1741 2649 autem
1767 2628 1842 2649 non
1868 2616 2023 2656 otiosos,
2057 2614 2118 2648 sed
2140 2613 2312 2647 facientes

1307 2667 1484 2708 officium,
1518 2674 1552 2701 et
1577 2668 1670 2702 serio
1697 2680 1802 2713 opem
1828 2667 1903 2701 eius
1929 2673 2036 2713 atque
2054 2665 2228 2700 auxilium
2243 2664 2310 2697 im-

1306 2720 1500 2765 plorantes.
1542 2720 1615 2754 Nec
1634 2719 1902 2755 multitudinem
1924 2717 2081 2753 hostium
2096 2745 2105 2758 ,
2132 2730 2198 2751 nec
2215 2715 2309 2750 vires

1306 2772 1620 2817 pertimescemus;
1657 2773 1718 2807 sed
1744 2779 1785 2805 ut
1810 2773 1915 2806 docet
1940 2784 2006 2806 nos
2028 2771 2209 2806 Psalmus:
2251 2765 2308 2800 Illi
