2389 3037
90 102 165 138 301
753 98 875 135 XCVI.

91 187 174 222 cubi
189 187 326 221 fabrico
342 186 528 227 invenias,
555 185 647 220 sicut
669 193 703 220 et
724 187 859 232 populo
888 199 955 232 pro
980 199 1096 232 popu-

89 240 166 279 lor,
203 245 237 272 et
262 239 402 273 stabulo
429 251 495 283 pro
520 238 701 279 stabulor,
734 239 877 273 luxurio
903 251 969 284 pro
993 239 1097 272 luxu·
1122 278 1125 289 ‹

91 291 186 331 rior,
213 297 425 336 praevertor
449 302 516 335 pro
541 297 752 335 praeverto,
790 291 924 336 punior
941 302 1008 335 pro
1029 302 1096 334 pu-

89 343 174 383 nio,
204 344 300 388 apud
320 342 544 376 Ciceronem.

89 447 129 480 in
154 446 284 492 quibus
308 459 392 480 usus
416 452 538 490 postea
563 447 770 492 repudiavit
795 447 944 480 alteram
972 445 1096 479 termi-

89 498 290 532 nationem.

89 614 153 635 reo
170 613 188 634 a
208 614 372 642 mereor,
399 601 491 635 liceo
515 614 532 634 a
551 603 683 642 liceor‚
713 602 755 635 de
781 613 937 648 quorum
963 607 1094 634 natura

89 653 129 686 in
146 653 298 699 Syntaxi
318 653 489 688 dicemus.

337 738 524 784 Species
552 751 630 772 seu
655 739 842 773 formae.

546 809 691 850 Prima,
725 807 821 843 unde
849 809 1011 854 reliquae
1039 819 1095 841 ca-

885 862 974 901 edo,
1008 872 1093 893 nam

193 809 365 855 Quinque
391 815 484 843 sunt.

88 861 200 902 dunt,
233 867 274 894 ut
298 861 427 901 video,
462 872 547 894 nam
574 861 658 894 inde
682 862 721 894 fit
744 862 839 899 viso;

87 912 172 946 inde
189 913 229 946 fit
244 913 364 946 esurio
382 912 442 960 ⁷⁴).

191 962 424 1004 Inchoativa,
453 976 533 998 cum
555 965 667 998 verbo
693 964 860 999 adiicitur
884 963 1094 998 terminatio

85 1028 166 1057 sc0‚
209 1022 250 1050 ut
282 1028 301 1049 a
331 1017 434 1050 luceo
463 1016 503 1050 fit
529 1017 681 1051 lucesco.
751 1016 805 1050 De
832 1016 1095 1061 significatione

85 1067 191 1101 Valla
215 1067 359 1101 videtur
381 1074 526 1113 praeter
552 1080 629 1102 rem
659 1080 740 1102 cum
758 1068 949 1103 Prisciano
970 1068 1094 1103 rixari.

84 1119 181 1155 Nam
199 1125 262 1153 aut
278 1117 444 1153 inchoari
457 1119 505 1167 75)
527 1120 751 1165 significant,
778 1127 818 1154 ut
833 1120 1000 1161 lucescit,
1030 1121 1094 1153 der

86 1178 147 1216 tag
169 1168 290 1205 bricht
315 1183 380 1212 an,
422 1178 485 1205 aut
509 1179 603 1206 certe
628 1172 775 1216 gliscere
803 1179 836 1206 et
861 1172 1020 1212 intendi,
1055 1178 1095 1205 ut
1122 1197 1123 1200 η

87 1224 186 1268 apud
207 1221 399 1267 Virgilium
425 1221 537 1272 [Aen.
555 1222 582 1263 1,
600 1220 726 1270 713.]:
762 1222 910 1273 Ex-pleri
935 1229 1094 1256 mentem
1121 1224 1123 1235 ¹

812 1274 816 1276 “
1120 1280 1123 1298 f
1148 1271 1307 1307 themate
1332 1275 1436 1319 plura
1466 1276 1574 1309 verba
1606 1278 1756 1317 cadunt,
1792 1284 1833 1311 ut
1861 1277 1951 1312 esito
1981 1283 2016 1311 et
2039 1276 2158 1311 esurio

86 1274 234 1320 nequit,
263 1274 488 1320 ardescitque
506 1275 655 1309 tuendo.

189 1324 303 1359 Fiunt
326 1326 400 1359 sere
426 1337 445 1358 3
469 1327 624 1359 secunda
643 1338 819 1371 persona,
847 1326 967 1367 labas,
995 1326 1096 1360 laba·
1121 1342 1123 1352 1

221 1376 400 1423 Pleraque
433 1384 656 1422 usurpantur
682 1390 749 1422 pro
775 1375 1017 1419 thematibus,
1056 1384 1096 1411 ut
1120 1368 1123 1405 l

85 1425 207 1469 hisco,
247 1428 394 1469 fatisco,
437 1430 532 1463 unde
562 1430 772 1471 defetiscor,
819 1430 917 1476 quod
951 1436 1003 1464 est
1034 1423 1123 1473 de-j

85 1388 159 1411 SCO.

84 1479 148 1513 fati
176 1491 230 1514 or.

152 1491 173 1524 g
189 1532 247 1564 Ad
264 1531 407 1565 tertiam
427 1532 719 1577 coniugationem
738 1533 934 1578 pertinent,
963 1539 998 1566 et
1016 1546 1095 1567 mu-

86 1588 238 1617 tuantur
261 1584 454 1628 praeterita
477 1591 512 1618 et
536 1585 664 1630 supina
693 1598 712 1618 a
741 1583 932 1625 thematis,
974 1591 1014 1618 ut
1040 1591 1095 1619 tu-
1120 1614 1121 1638 1

86 1646 208 1668 mesco
228 1636 358 1669 tumui.

193 1686 382 1729 Quaedam
401 1699 420 1719 a
437 1687 647 1722 nominibus
665 1690 810 1728 cadunt,
839 1689 877 1721 in
894 1688 1025 1734 quibus
1043 1694 1095 1722 est

88 1736 337 1770 observandus
360 1748 445 1770 usus
474 1738 715 1782 scriptorum,
759 1750 777 1771 a
807 1752 952 1773 senesco
979 1739 1094 1779 senui,

87 1798 107 1820 a
126 1798 342 1832 repuerasco
359 1788 499 1822 nullum
522 1789 687 1824 invenias
702 1789 748 1835 76)
765 1791 1015 1834 praeteritum.

189 1837 493 1885 Frequentativa‚
528 1847 586 1881 to,
614 1848 677 1875 aut
694 1854 755 1883 so,
783 1849 845 1876 aut
860 1855 927 1883 xo,
954 1843 1094 1876 addunt

86 1887 258 1932 themati,
285 1898 326 1925 ut
345 1891 462 1936 agito,
491 1893 615 1937 pulso,
643 1893 740 1934 viso,
769 1906 913 1941 quasso,
938 1895 1092 1935 adfecto,

84 1953 201 1983 nexo,
239 1955 332 1989 quae
356 1943 412 1977 vel
435 1945 681 1979 assiduitatem
707 1946 764 1979 vel
787 1952 957 1980 conatum
982 1946 1091 1991 signi-

84 1993 205 2029 ficant.
260 1995 317 2029 Sic
341 1996 437 2029 enim
465 2004 671 2042 exponunt,
699 1997 797 2039 viso,
830 2011 872 2032 eo
896 1999 942 2032 ad
966 1998 1091 2031 viden-

85 2045 193 2087 dum,
221 2058 387 2092 capesso,
416 2059 457 2081 eo
474 2050 518 2082 ad
538 2049 767 2094 capiendum.

189 2097 300 2133 Fiunt
321 2111 341 2132 a
369 2099 526 2144 supinis,
560 2107 601 2134 ut
618 2107 734 2135 tractu
749 2107 885 2142 tracto,
914 2101 986 2135 citu
1006 2101 1090 2141 cito,

85 2156 239 2184 coenatu
267 2151 422 2185 coenito.
490 2152 564 2186 Aut
588 2165 607 2186 a
632 2154 797 2188 secundis
824 2154 1010 2198 personis,
1050 2160 1090 2186 ut

84 2211 225 2235 arcesso
248 2203 293 2236 ab
315 2204 360 2236 ad
385 2209 419 2236 et
444 2203 532 2244 cies,
571 2206 666 2239 unde
694 2204 791 2240 κατὰ
813 2202 1021 2251 μετάθεσιν
1051 2205 1089 2238 fit

87 2263 243 2287 accerso,

186 2304 365 2352 Pleraque
382 2306 537 2351 primam
561 2308 854 2353 coniugationem
878 2309 1087 2348 imitantur;

83 2358 263 2401 quaedam
292 2357 399 2391 etiam
428 2358 648 2407 tertiam77),
681 2365 721 2394 ut
745 2362 902 2403 facesso,
938 2361 1088 2401 lacesso,

83 2409 182 2452 quod
209 2416 260 2443 est
285 2422 303 2443 a
334 2410 453 2454 prisco
480 2412 590 2445 verbo
626 2412 738 2452 lacio,
779 2415 877 2459 quod
911 2413 1089 2458 significat

118 2540 166 2567 74)
186 2541 311 2572 Quinque
330 2556 363 2559 -
384 2542 501 2575 esurio.]
523 2544 547 2567 in
570 2544 652 2568 Editt.
671 2545 764 2575 ¹546„
785 2552 808 2569 s.
823 2552 847 2570 a.
869 2547 978 2570 desunt.
1111 2514 1114 2566 i

117 2591 166 2619 75)
186 2591 322 2622 inchoari]
343 2594 426 2619 Editt.
443 2595 535 2625 ¹546.‚
557 2602 579 2619 s.
594 2600 635 2619 a.:
663 2595 864 2621 inchoationem
1111 2586 1114 2622 l

117 2644 166 2671 76)
185 2643 327 2674 invenias]
346 2646 394 2669 Ed.
412 2646 488 2671 1529.
511 2647 652 2673 invenies,
673 2647 757 2671 Editt.
776 2649 867 2678 1546.,
888 2656 910 2673 S.
929 2656 970 2674 a.:
991 2653 1066 2674 extat

116 2694 166 2726 77)
186 2696 346 2727 imitantur;
371 2699 502 2727 quaedam
523 2699 606 2722 etiam
627 2700 766 2729 tertiam]
788 2701 868 2725 Editt.
887 2703 978 2732 1546.,
1005 2710 1028 2729 s.
1042 2709 1083 2729 a.:
1110 2726 1114 2732 ,

152 2731 311 2763 imitantur,
331 2734 359 2755 ut
376 2734 472 2762 pulso.
493 2734 614 2759 adfecto.
642 2735 695 2758 Sed
710 2740 797 2765 pauca
813 2738 947 2766 quaedam
961 2738 1084 2765 tertiam,
1110 2740 1114 2768 ξ

929 97 1260 135 GRAMMATICA
1293 97 1488 135 LATINA.

598 342 776 389 Pleraque
794 343 862 376 alia
879 342 1020 377 Nonius
1039 353 1096 375 re-

90 401 228 435 censet,
256 395 353 428 varie
370 406 388 427 a
406 394 655 428 vetustissimis
671 393 886 428 Latinorum
907 399 1093 438 usurpata,
1122 389 1124 422 ἱ

344 497 442 531 Haec
462 510 548 531 vero
575 500 681 532 etiam
706 497 968 543 significatione
994 497 1097 530 diffe-
1122 505 1124 546 ’Υ

88 556 194 591 runt,
221 556 349 583 mutuo
367 562 386 582 a
405 556 571 590 mutuor,
599 551 747 584 foenero
768 562 785 583 a
804 551 993 589 foeneror,
1022 561 1096 582 me-
1122 550 1124 563 ³

1122 716 1123 724 ¹
1150 703 1293 744 sinunt,
1335 710 1376 737 ut
1406 702 1642 748 πλατωνίζω.

1121 974 1249 1015 3rere,
1291 964 1354 997 sed
1386 976 1454 998 usu
1488 964 1611 998 valent
1640 965 1837 1006 vocabula,

2080 101 2156 138 502

1150 184 1268 220 traho.
1323 186 1415 220 Sunt
1435 193 1469 220 et
1492 187 1529 220 in
1555 199 1641 220 voce
1662 187 1824 232 passiva,
1859 193 1900 221 ut
1921 194 2056 228 sector,
2093 188 2157 222 sci-

1149 244 1207 271 tor
1222 237 1288 283 ⁷⁸),
1323 238 1496 272 sciscitor.
1566 238 1645 272 Huc
1673 239 1858 284 pertinent
1883 239 1991 272 etiam
2017 239 2158 280 vellico,

1148 289 1292 329 fodico,
1321 296 1355 322 et
1379 289 1522 324 similia.

1254 340 1467 377 Meditativa
1494 353 1557 375 seu
1583 343 1846 383 desiderativa,
1881 342 1919 375 in
1942 343 2011 376 rio.
2076 342 2158 376 Stu-

1150 391 1250 425 dium
1272 392 1368 425 enim
1387 399 1420 426 et
1438 393 1662 427 voluntatem
1680 394 1896 438 significant,
1923 401 1963 428 ut
1978 394 2158 439 parturio,

1150 444 1381 484 coenaturio,
1415 445 1621 485 cacaturio‚
1657 446 1702 479 ad
1729 445 2021 490 coniugationem
2051 458 2159 492 quar-

1150 502 1224 529 tam
1245 496 1441 540 pertinent.

1253 547 1501 589 Diminutiva‚
1545 549 1583 582 in
1614 549 1670 589 lo,
1711 555 1751 582 ut
1781 548 1943 583 sorbillo.
2019 549 2158 583 Graeca

1150 601 1329 645 quaedam
1348 600 1466 633 forma
1491 606 1561 641 est,
1600 613 1692 647 quae
1704 600 1750 647 ⁷⁹)
1776 601 2019 634 imitationem
2047 601 2157 646 signi-

1149 652 1250 692 ficat,
1278 658 1318 685 ut
1334 652 1509 696 patrisso,
1538 652 1717 693 atticisso,
1747 665 1839 698 quae
1856 653 2003 687 Graecis
2027 651 2080 696 ζω
2098 653 2158 686 de-

1712 703 1832 737 Latini
1858 717 1934 738 non
1959 706 2156 739 admodum

1149 762 1233 789 sunt
1259 753 1326 788 hac
1350 756 1518 790 delectati
1542 757 1821 796 terminatione,
1864 758 1959 790 unde
1989 757 2157 791 dixerunt

1121 818 1123 855 ᾗ
1149 819 1216 851 pro
1241 808 1418 851 graecisso
1435 820 1604 852 graecor,
1633 809 1683 842 ita
1707 808 1874 842 cornicor
1900 820 1919 842 a
1947 809 2108 849 cornice,
2138 821 2157 842 a

1121 871 1124 877 ·
1148 859 1256 904 vulpe
1282 859 1472 904 vulpium,
1507 872 1526 893 a
1551 858 1696 894 Baccho
1720 858 1888 895 bacchor.

1949 860 2068 894 Porro
2091 873 2157 894 nec

1148 910 1187 943 in
1204 911 1353 957 reliquis
1369 912 1495 946 formis
1512 911 1674 960 liceatw)
1691 912 1796 946 nobis
1813 919 1949 946 temere
1974 924 2069 946 nova
2096 925 2160 957 pa-

1882 964 1974 999 sicut
2005 964 2158 998 nummi.

1148 1014 1275 1060 Neque
1294 1015 1390 1048 eniin
1411 1028 1452 1049 ex
1475 1015 1653 1062 amatum)
1680 1016 1813 1056 amito,
1849 1029 1891 1050 ex
1918 1018 2028 1051 doctu
2051 1017 2158 1050 docto

1147 1066 1231 1100 licet
1255 1067 1400 1111 fingere.
1455 1067 1525 1101 Sed
1550 1065 1639 1101 haec
1665 1069 1868 1103 monebunt
1892 1075 2157 1114 praeceptores.

1122 1142 1123 1148 η
1148 1117 1264 1152 Erant
1283 1125 1402 1152 autem
1420 1116 1489 1152 hae
1507 1120 1648 1153 formae
1666 1121 1703 1154 in
1722 1121 1839 1155 verbis
1856 1121 2092 1161 indicandae,
2118 1126 2160 1154 ut

1150 1176 1184 1203 et
1219 1171 1522 1215 propagationem
1555 1173 1752 1207 verborum
1781 1173 2017 1207 observarent
2042 1172 2159 1218 pueri,

1149 1227 1184 1255 et
1201 1222 1409 1256 discrimina
1429 1223 1758 1268 significationum,
1786 1225 1816 1260 si
1838 1226 1987 1271 quando
2016 1225 2060 1258 ab
2083 1236 2158 1258 uno

1149 1326 1194 1359 ab
1215 1328 1295 1361 edo,

1507 1419 1796 1466 Tempora.

1254 1486 1350 1520 Haec
1367 1500 1454 1522 vero
1471 1495 1523 1523 est
1542 1489 1691 1534 propria
1712 1491 1908 1524 verborum
1925 1497 2077 1533 natura,
2103 1491 2159 1524 in—

1149 1540 1269 1573 dicare
1288 1539 1496 1574 discrimina
1516 1547 1736 1587 temporum.
1791 1542 1883 1577 Sunt
1907 1549 2026 1577 autem
2053 1543 2158 1590 quin-

1148 1604 1218 1638 que
1230 1618 1239 1632 ,
1267 1598 1301 1624 et
1319 1593 1506 1627 communi
1523 1606 1630 1628 sensu
1648 1594 1841 1628 diiudicari
1864 1602 2027 1640 possunt.

1251 1643 1447 1685 Praesens,
1475 1643 1532 1679 ich
1551 1646 1650 1680 kom.

1251 1695 1494 1731 Praeteritum
1516 1697 1766 1742 imperfectum
1780 1726 1790 1739 ,
1818 1696 1876 1732 ich
1894 1700 1992 1733 kam.

1250 1746 1493 1782 Praeteritum
1513 1751 1709 1794 perfectum
1722 1777 1731 1791 ,
1759 1748 1817 1783 ich
1836 1751 1899 1784 bin
1916 1751 2102 1784 kommen.

1250 1798 1493 1835 Praeteritum
1523 1802 1917 1848 plusquamperfectum
1930 1830 1939 1843 ‚
1981 1800 2039 1836 ich
2076 1813 2155 1834 war

1147 1850 1333 1885 kommen.

1248 1901 1426 1937 Futurum
1441 1931 1449 1944 ‚
1475 1902 1532 1937 ich
1551 1906 1675 1938 werde
1691 1904 1739 1951 82)
1755 1906 1941 1939 kommen.

1569 2000 1727 2035 Modi.

1249 2065 1398 2100 Variam
1417 2068 1639 2103 voluntatem
1660 2070 1696 2102 in
1715 2069 1855 2103 actione
1873 2071 2034 2104 tradunt.
2063 2070 2154 2104 Sunt

1144 2123 1284 2158 autem,
1312 2117 1552 2161 Indicativus,
1586 2121 1647 2167 qui
1675 2121 1887 2166 simpliciter
1910 2123 1987 2155 fieri
2015 2122 2152 2168 aliquid

1143 2175 1205 2203 aut
1222 2182 1298 2203 non
1316 2171 1392 2204 fieri
1414 2173 1548 2206 definit.
1611 2172 1694 2206 ldeo
1714 2173 1844 2207 Graeci
1870 2171 2079 2220 ὃριστικόν,
2116 2174 2153 2207 id

1144 2228 1214 2263 est,
1243 2222 1469 2258 definitivum
1490 2232 1732 2266 vocaverunt,
1760 2233 1818 2267 ut,
1846 2226 2010 2272 probitas
2027 2226 2152 2261 lauda-

1144 2279 1203 2307 tur
1221 2280 1256 2308 et
1272 2275 1378 2319 alget.

1246 2324 1506 2371 Imperativus‚
1536 2341 1608 2374 quo
1625 2329 1664 2362 in
1683 2329 1898 2375 imperando
1918 2330 2055 2364 utimur
2065 2328 2124 2376 83).

1177 2452 1224 2484 78)
1247 2452 1346 2485 scitor]
1369 2454 1394 2477 in
1415 2454 1499 2479 Editt.
1521 2455 1615 2485 1546„
1638 2462 1660 2479 s.
1678 2461 1701 2479 a.
1724 2456 1813 2481 deest.

1175 2495 1223 2523 79)
1245 2497 1353 2520 Graeca
1373 2497 1506 2526 quaedam
1526 2497 1616 2521 forma
1642 2500 1704 2529 est,
1736 2499 1825 2528 quae]
1849 2497 1933 2523 Editt.
1954 2499 2045 2530 1546„
2066 2506 2088 2521 s.
2104 2504 2147 2522 a.:

1211 2531 1262 2554 Est
1282 2537 1385 2561 graeca
1405 2533 1539 2562 quaedam
1560 2533 1665 2563 forma,
1696 2535 1725 2556 et
1744 2539 1814 2563 quae

1173 2574 1221 2605 80)
1244 2574 1341 2602 liceat]
1362 2574 1445 2599 Editt.
1466 2576 1559 2601 1546..
1585 2583 1607 2601 s.
1623 2582 1668 2600 a.:
1694 2577 1760 2601 licet

1173 2616 1221 2648 81)
1242 2615 1348 2649 amatu]
1371 2618 1419 2641 Ed.
1443 2625 1464 2643 s.
1485 2624 1529 2642 a.:
1556 2621 1648 2643 amato

1177 2661 1224 2691 52)
1247 2661 1286 2683 ich
1306 2660 1415 2693 werde]
1440 2662 1482 2686 sic
1502 2663 1551 2687 Ed.
1576 2670 1599 2688 s,
1616 2669 1657 2693 a.;

1213 2696 1287 2720 1529.
1300 2713 1306 2725 ‚
1330 2697 1405 2720 15⁴6.
1426 2697 1467 2720 ich
1487 2698 1561 2720 wird

1173 2738 1222 2771 83)
1246 2738 1369 2771 utimum]
1389 2740 1474 2765 Editt.
1492 2741 1584 2771 1546.,
1606 2749 1628 2766 s.
1647 2748 1688 2766 a.:
1710 2742 1826 2770 utimur,
1850 2743 1891 2771 ut,
1911 2742 2001 2766 Nosce
2015 2741 2144 2772 teipsum.

1697 2663 1745 2687 Ed.
1765 2664 1838 2688 1526.
1866 2664 1905 2687 ich
1926 2664 2022 2687 wurd.
2059 2663 2144 2687 Editt,
