2421 3037
274 111 347 146 751

273 199 444 231 ficiendae
470 198 519 230 rei
545 195 672 234 fuerit,
711 194 797 239 quid
823 206 864 227 ex
887 206 923 226 re
950 192 1152 232 commodi,
1189 192 1275 237 quid

271 250 495 283 incommodi
511 247 612 292 sequi
632 246 800 290 potuerit.
837 245 1050 289 Exemplum
1070 242 1178 277 babes
1197 256 1276 276 ora-

272 302 381 336 tionis
419 301 455 332 in
491 299 600 343 signis
637 298 793 342 positae,
837 298 942 341 longe
980 295 1277 341 pulcherrimum,

272 354 473 387 orationem
493 351 543 384 M.
561 349 744 384 Ciceronis
763 362 828 393 pro
847 349 995 382 Milone.
1037 349 1163 394 Neque
1180 347 1275 381 enim

271 410 389 450 potest
411 403 542 447 regulis
567 399 825 446 comprehendi
847 401 1033 444 signorum
1058 400 1172 439 ratio,
1208 399 1277 433 nisi

270 462 447 502 quatenus
479 453 755 488 circumstantiis
790 465 994 486 caussarum
1033 465 1072 485 ac
1107 464 1277 496 persona-

269 520 350 541 rum
378 506 564 546 ducimur,
594 506 693 551 quis,
723 505 829 550 quid,
858 504 938 545 ubi,
972 504 1101 550 quibus
1126 503 1278 543 auxiliis,

271 572 353 599 cur,
381 559 588 605 quomodo,
617 559 776 603 quando.

586 644 646 678 De
677 645 974 689 argumentis.

375 715 483 759 Signa
513 726 554 748 ex
580 713 682 747 factis
708 713 827 747 sensui
851 712 1020 758 expositis
1046 712 1192 758 proprie
1216 714 1281 746 du-

271 773 421 806 cuntur,
451 773 485 799 et
509 779 589 799 cum
617 778 738 798 caussa
768 767 880 798 ferme
903 772 1110 799 nascuntur.
1164 765 1280 809 Argu-

270 826 432 853 mentum
457 825 507 852 est
530 818 623 851 ratio
649 817 756 861 paulo
782 817 923 861 longius
944 817 1073 861 petita,
1103 830 1211 862 qnam
1235 817 1279 849 ad

271 884 433 905 caussam
466 870 682 914 disputantis
711 870 885 902 industria
915 870 1036 909 affert,
1073 882 1152 902 cum
1180 869 1278 913 signa

272 924 473 957 afferantur
507 923 551 954 ad
587 921 829 965 disputantem
858 934 875 953 a
904 934 1039 956 caussa.
1101 921 1281 954 Petuntur

272 980 485 1019 argumenta
509 974 596 1006 alias
621 986 638 1005 a
664 973 848 1017 personis,
885 973 972 1007 alias
1000 987 1017 1006 a
1040 973 1158 1006 rebus.
1212 975 1280 1007 Ar-

271 1032 440 1072 gumenta
477 1038 495 1058 a
533 1025 696 1070 personis
733 1026 838 1058 ducta
869 1032 1018 1069 cognata
1049 1032 1133 1058 sunt
1159 1024 1280 1069 signis,

272 1080 369 1124 quod
388 1084 421 1110 et
439 1090 513 1111 non
531 1077 623 1117 sint,
651 1076 719 1110 nisi
741 1076 952 1111 verisimiles
971 1077 1222 1122 probationes,
1247 1083 1281 1109 et

272 1143 290 1163 a
316 1129 479 1175 personis
504 1131 549 1162 ad
573 1136 755 1162 oratorem
784 1129 994 1163 afferantur.
1064 1129 1181 1175 Atque
1212 1126 1280 1162 hae

271 1183 364 1216 duae
393 1182 649 1226 probationum
677 1187 815 1225 partes,
844 1181 944 1224 signa
969 1187 1002 1214 et
1028 1187 1238 1225 argumenta
1261 1194 1278 1213 a

270 1234 435 1279 personis
450 1235 570 1273 ducta,
598 1245 726 1277 parum
747 1233 941 1266 dialecticis
960 1231 1179 1267 thematibus
1197 1245 1280 1266 con-

269 1286 411 1326 ferunt,
440 1297 532 1331 quae
558 1285 766 1318 necessariis
793 1292 826 1317 et
844 1285 1069 1319 evidentibus
1090 1297 1280 1329 argumen-

270 1337 316 1372 tis
333 1337 468 1371 muniri
484 1337 615 1370 debent
624 1335 684 1381 ⁸³).
735 1336 803 1370 Sed
823 1349 880 1371 eas
899 1337 1208 1381 praescripsimus,
1236 1349 1281 1370 ne

272 1389 359 1436 quid
391 1389 477 1422 locis
509 1394 807 1432 argumentorum
838 1389 996 1429 deesset,
1033 1390 1170 1435 alioqui
1200 1401 1281 1423 suas
1306 1408 1308 1415 ι

270 1447 392 1486 partes
419 1439 624 1474 rhetoribus
647 1440 819 1474 relicturi.
873 1439 948 1474 Iam
970 1447 1003 1474 et
1021 1441 1143 1485 signa,
1173 1448 1206 1474 et
1225 1453 1281 1474 ar-

271 1500 441 1538 gumenta
466 1506 483 1525 a
506 1492 669 1537 personis
685 1493 788 1525 ducta
804 1520 812 1532 ,
841 1493 1057 1538 syllogismis
1076 1499 1138 1527 aut
1154 1491 1280 1538 enthy—

271 1545 438 1578 mematis
463 1544 581 1578 claudi
609 1551 642 1577 et
663 1544 906 1578 circumscribi
926 1545 1074 1585 debent,
1103 1552 1142 1579 ut
1160 1545 1278 1589 palam

271 1596 353 1636 fiat,
382 1610 490 1642 quam
511 1596 700 1629 efficaciter
721 1597 887 1639 probent.
941 1596 1034 1630 Nam
1060 1610 1169 1642 quam
1198 1603 1279 1641 apte

273 1646 465 1681 cohaereat
483 1647 650 1692 probatio
669 1660 747 1681 cum
766 1646 943 1687 themate,
975 1662 1159 1694 nunquam
1183 1649 1280 1682 vide-

271 1701 341 1740 ris,
372 1701 439 1734 nisi
465 1700 617 1733 colloces
643 1700 679 1732 in
704 1700 922 1745 syllogismi,
952 1707 1014 1734 ant
1032 1699 1279 1746 enthymema-

271 1752 336 1792 tis,
373 1758 434 1785 aut
468 1752 706 1791 inductionis,
743 1759 803 1785 aut
836 1752 988 1796 exempli
1017 1753 1193 1793 formam,
1229 1759 1279 1793 ut,

271 1803 475 1837 Verisimile
496 1816 569 1836 non
589 1811 659 1842 est,
683 1804 868 1837 literarum
888 1805 1066 1838 studiosos
1086 1805 1279 1849 voluptati-

270 1856 336 1889 bus
371 1856 576 1900 indulgere3
619 1855 761 1890 Coelius
787 1857 968 1890 studiosus
995 1857 1181 1890 literarum
1210 1863 1277 1890 est:

270 1919 347 1940 non
365 1915 415 1942 est
432 1908 540 1951 igitur
559 1908 771 1948 verisimile,
806 1920 886 1941 enm
912 1909 1097 1952 indulgere
1115 1909 1278 1953 volupta-
1304 1907 1305 1938 Ῑ

432 1958 471 1993 ln
498 1958 592 1993 hunc
611 1962 757 1993 modum
776 1960 923 2004 integris
943 1961 1158 2005 syllogismis
1177 1961 1277 2005 signa
1304 1987 1305 1990 ,

1305 2032 1306 2035 ¹
1333 2020 1491 2046 natione.

271 1960 376 1993 tibus.

272 2017 305 2044 et
323 2024 560 2056 personarum
581 2019 792 2055 argmnenta
813 2010 1092 2056 comprehende.

430 2098 554 2143 Quae
584 2112 601 2131 a
632 2099 846 2143 personis
875 2101 1120 2133 ducuntur.

376 2166 462 2200 Loci
481 2180 718 2212 personarum
741 2176 835 2207 sunt,
861 2181 984 2211 genus,
1008 2169 1120 2208 natio,
1148 2169 1278 2214 patria,

272 2231 394 2259 sexus,
423 2226 540 2259 aetas,
568 2220 756 2260 educatio,
785 2220 993 2264 disciplina,
1029 2219 1171 2254 babitus
1199 2234 1276 2254 cor·
1303 2230 1304 2249 1

271 2270 392 2314 poris,
426 2271 594 2311 fortuna,
631 2272 743 2305 animi
767 2272 946 2312 conditio,
982 2273 1148 2313 affectus,
1178 2273 1276 2306 deni·
1302 2313 1303 2317 Ἰ

272 2334 341 2367 que
367 2322 458 2355 vitae
479 2336 621 2363 cursus,
651 2337 741 2369 quos
756 2325 852 2358 locos
872 2325 1039 2358 libentius
1057 2325 1277 2369 praescribo,
1302 2333 1303 2373 l

273 2374 369 2418 quod
389 2380 422 2407 et
439 2375 516 2408 usui
534 2375 645 2408 futuri
661 2383 743 2409 sunt
763 2377 882 2420 pueris
897 2377 1182 2411 declamantibus
1201 2378 1275 2411 lau-
1302 2380 1303 2388 ¹

271 2426 334 2459 des
351 2425 543 2459 illustrium
565 2428 746 2467 virorum,
776 2429 811 2460 in
832 2428 961 2473 quibus
977 2426 1065 2462 haec
1087 2442 1276 2473 argumen-

271 2482 392 2510 torum
432 2478 568 2522 capita,
606 2492 669 2512 ceu
701 2481 801 2513 filum
831 2482 1014 2525 quoddam
1044 2481 1080 2513 in
1111 2482 1275 2515 oratione

272 2531 492 2562 contexenda
520 2538 726 2575 sequentur.
781 2532 906 2577 Neque
932 2532 1027 2565 enim
1053 2533 1126 2566 ullo
1145 2546 1274 2577 genere

272 2578 494 2621 thematum,
520 2581 633 2614 Fabio
657 2589 763 2622 teste,
791 2584 953 2617 foelicius
978 2591 1161 2618 exercetur
1185 2587 1275 2619 ado-
1299 2587 1301 2634 j

1299 2639 1301 2690 ἰ

1301 2443 1303 2472 l

1301 2498 1302 2525 l

1300 2571 1302 2586 r

306 2716 352 2746 83)
372 2718 472 2739 Annot.
488 2722 589 2743 marga
616 2716 793 2739 Dialecticum
821 2718 909 2740 thema
930 2721 982 2744 est,
1004 2719 1074 2748 quod
1094 2719 1204 2749 proprie
1224 2726 1274 2742 ex·-

341 2753 402 2774 acte
422 2754 448 2774 et
468 2752 632 2774 necessaria
651 2753 778 2775 metando
798 2753 921 2776 docetur.

810 107 932 141 PHIL.
962 105 1075 139 MEL.
1104 104 1309 140 SCRIPTA
1336 104 1469 138 VARll
1496 105 1809 144 ARGUMENTI.

2262 112 2339 151 752

1330 192 1520 233 lescentia,
1557 207 1666 239 quam
1691 196 1881 230 laudandis
1905 203 1967 230 aut
1988 197 2235 242 vituperandis
2258 212 2338 245 per-

1329 245 1427 280 sonis
1439 244 1500 290 84).

1753 316 1918 351 Genu&

1436 383 1468 416 A
1504 396 1653 427 genere,
1695 391 1735 418 ut
1759 398 1838 419 cum
1863 386 2018 426 similes,
2061 393 2122 419 aut
2149 387 2339 421 dissimiles

1332 442 1522 480 parentum
1552 436 1613 468 filii
1636 443 1738 477 sunt,
1768 444 1802 470 et
1827 438 1948 472 liberis
1970 440 2042 471 sere
2070 451 2111 472 ex
2127 439 2339 483 parentibus

1331 487 1449 521 fluunt
1474 500 1618 522 caussae
1644 485 1794 522 honeste
1820 497 1882 523 aut
1904 490 2058 534 turpiter
2087 490 2251 530 vivendi;
2288 497 2339 524 at-

1333 552 1401 585 que
1439 537 1526 573 haec
1564 542 1843 584 argumentandi
1884 542 1977 574 ratio
2014 542 2239 587 frequentior
2275 548 2339 583 est,

1334 604 1442 636 qnam
1467 598 1507 625 ut
1531 589 1589 625 hic
1613 593 1742 625 debeat
1767 593 1938 638 exemplis
1962 593 2126 638 pluribus
2150 594 2338 628 declarari.

1333 643 1390 676 Sic
1415 642 1540 676 Cicero
1565 656 1631 688 pro
1659 643 1699 677 L.
1719 644 1871 679 Murena
1891 645 2064 678 Catonem
2091 658 2172 679 cum
2199 658 2338 690 proavo

1334 707 1398 728 suo
1424 696 1579 729 confert:
1616 696 1684 729 Sed
1712 703 1745 729 te
1769 698 1919 731 domum
1940 697 2010 730 iam
2031 698 2205 731 deducam
2226 704 2338 731 tuam.

1335 746 1552 792 Quenquam
1578 760 1623 780 ne
1648 748 1829 783 existimas
1848 749 1985 782 Catone
2007 761 2144 793 proavo
2161 755 2223 783 tuo
2243 761 2340 782 com—

1334 800 1557 839 modiorem,
1586 800 1804 841 comiorem,
1833 802 2114 834 moderatiorem
2141 801 2266 841 fuisse,
2294 802 2339 833 ad

1335 863 1478 884 omnem
1505 851 1683 885 rationem
1709 849 1969 886 humanitatis?
2034 852 2087 886 De
2113 853 2212 886 cuius
2236 863 2339 897 prae-

1335 902 1444 936 stanti
1488 903 1620 936 virtute
1670 916 1749 937 cum
1794 917 1876 937 vere
1918 904 2147 950 graviterque
2191 904 2340 944 diceres,

1334 955 1570 988 domesticum
1597 962 1630 988 te
1657 952 1790 989 habere
1812 956 1933 990 dixisti
1958 956 2161 1002 exemplum
2186 957 2232 990 ad
2259 955 2339 989 imi-

1334 1007 1497 1041 tandum.

1762 1077 1914 1112 Natio.

1439 1148 1470 1180 A
1496 1146 1663 1186 natione,
1698 1153 1739 1180 ut
1772 1159 1850 1180 cum
1877 1146 2037 1190 gentium
2067 1146 2182 1180 studia
2208 1146 2341 1191 proba-

1335 1210 1413 1231 mus
1450 1204 1512 1231 aut
1544 1198 1813 1243 improbamus,
1856 1211 1928 1244 quo
1960 1199 2069 1232 modo
2094 1198 2229 1232 Paulus
2255 1210 2341 1243 apo-

1334 1250 1446 1284 stolus
1465 1249 1689 1284 Cretensium
1717 1251 1898 1283 levitatem
1923 1250 2064 1295 vulgari
2089 1250 2266 1284 versiculo
2286 1261 2342 1282 ar-

1335 1300 1492 1346 guit⁸²¹⁸)‚
1511 1308 1545 1335 et
1555 1302 1682 1335 Cicero
1695 1303 1837 1336 testium
1851 1302 2083 1336 autoritatem
2095 1302 2224 1343 elevat,
2243 1302 2339 1347 quod

1335 1354 1464 1387 Graeci
1488 1353 1579 1395 sint,
1609 1355 1777 1401 inquiens
1794 1356 1836 1388 de
1856 1354 2077 1401 Graecis⁸⁵):
2111 1354 2252 1388 Tribuo
2272 1353 2341 1387 illis

1335 1406 1475 1445 literas,
1511 1407 1556 1439 do
1593 1408 1789 1440 multarum
1823 1407 1954 1440 artium
1982 1406 2230 1451 disciplinam,
2265 1419 2341 1439 non

1336 1458 1458 1491 adimo
1489 1459 1666 1492 sermonis
1699 1459 1882 1503 leporem,
1918 1458 2148 1503 ingeniorum
2176 1470 2342 1498 acumen,

1335 1510 1476 1543 dicendi
1504 1511 1666 1555 copiam,
1698 1511 1874 1556 denique,
1903 1517 1937 1543 et
1958 1510 1987 1544 si
2012 1522 2081 1556 qua
2103 1510 2172 1544 sibi
2196 1510 2264 1542 alia
2284 1523 2340 1544 su-

1335 1569 1451 1602 munt,
1474 1575 1549 1595 non
1566 1575 1741 1607 repugno.
1796 1562 2107 1596 Testimoniorum
2126 1561 2339 1606 religionem

1334 1621 1368 1647 et
1397 1615 1501 1647 fidem
1535 1627 1722 1661 nunquam
1752 1614 1818 1648 ista
1851 1614 1951 1647 natio
1983 1614 2115 1654 coluit,
2158 1614 2340 1660 totiusque

1333 1664 1480 1700 huiusce
1503 1667 1556 1699 rei
1580 1679 1672 1712 quae
1697 1667 1741 1701 sit
1765 1666 1838 1706 vis,
1873 1678 1966 1712 quae
1992 1665 2206 1706 auctoritas,
2241 1667 2339 1711 quod

1334 1719 1488 1762 pondus,
1515 1718 1694 1762 ignorant.
1737 1718 1803 1752 Hic
1825 1717 1989 1751 retulerit
2011 1718 2234 1762 singularum
2255 1729 2339 1762 gen-

1334 1770 1422 1803 tium
1443 1770 1512 1817 ⁸⁶),
1563 1771 1646 1803 item
1688 1771 1909 1804 familiarum
1948 1771 2098 1810 decora,
2138 1776 2199 1803 aut
2235 1776 2340 1804 notas

1334 1824 1539 1856 observare.

1752 1893 1921 1926 Patria.

1436 1962 1467 1993 A
1493 1962 1608 2006 patria
1632 1961 1781 2006 perinde
1808 1969 2059 2005 argumentum
2082 1963 2234 2007 petitur,
2263 1969 2302 1997 ut
2318 1975 2336 1996 a

1547 2013 1672 2059 Neque
1689 2014 1782 2046 enim
1806 2016 1848 2046 ad
1870 2014 2127 2047 instituendam
2147 2015 2258 2048 vitam
2276 2028 2338 2060 pa-

1333 2065 1391 2098 trii
1413 2078 1531 2098 mores
1549 2063 1638 2098 nihil
1658 2065 1831 2098 momenti
1848 2063 2001 2106 liabent,
2031 2074 2069 2099 ut
2088 2066 2146 2099 ille
2170 2067 2238 2101 diis
2257 2079 2338 2111 gra·

1332 2118 1400 2150 tias
1419 2118 1566 2161 agebat,
1595 2118 1691 2163 quod
1708 2115 1858 2152 Athenis
1878 2124 1983 2152 natus
2001 2125 2101 2153 esset.

1754 2213 1906 2247 Sexus

1434 2282 1465 2314 A
1491 2294 1595 2322 sexu,
1630 2289 1688 2322 ut,
1723 2282 1971 2316 Latrocinium
2007 2283 2146 2317 facilius
2176 2283 2212 2316 in
2243 2283 2335 2325 viro,

1330 2333 1541 2366 veneficium
1560 2334 1697 2368 facilius
1720 2336 1754 2367 in
1774 2335 1923 2368 muliere
1941 2334 2142 2381 credasffl),
2170 2333 2238 2368 hoc
2255 2336 2333 2370 loco

1302 2405 1303 2414 κ
1331 2387 1520 2419 commode
1541 2386 1589 2419 uti
1607 2399 1734 2432 queas,
1762 2387 1790 2421 si
1812 2387 2046 2420 ambitionem
2066 2387 2221 2427 Tulliae,
2246 2400 2334 2421 uxo-

1363 2513 1410 2545 84)
1431 2515 1532 2538 Aunot.
1546 2519 1651 2543 marga
1679 2513 1907 2537 Demonstrativo
1927 2519 2030 2542 genere
2050 2513 2165 2543 primum
2185 2515 2332 2538 exercendi

1400 2549 1486 2578 pueri.

1364 2590 1431 2621 84²³)
1452 2592 1504 2616 Tit.
1527 2592 1551 2619 1,
1571 2592 1608 2615 12.

1362 2634 1410 2664 ⁵25)
1432 2636 1533 2658 annot.
1549 2640 1653 2660 mara:

1362 2677 1409 2707 86)
1430 2679 1529 2700 Annot.
1551 2684 1654 2708 marga

1399 2715 1507 2735 ventur.

1682 2635 1716 2657 M.
1736 2634 1834 2658 Cicero
1856 2640 1904 2663 pro
1925 2634 1955 2659 L.
1975 2633 2085 2658 Flacco.

1691 2678 1819 2701 Gentium
1846 2679 1928 2701 notae
1955 2677 2027 2706 apud
2053 2677 2202 2701 historicos
2230 2678 2329 2702 obser-

1363 2754 1412 2785 ⁸7)
1431 2756 1530 2778 Annot.
1551 2761 1655 2785 marg:
1685 2756 1806 2778 Sexuum
1829 2756 1912 2778 notae
1931 2756 2134 2780 observandae.
