2389 3037
61 142 135 180 145
582 140 705 177 XCIV.

55 231 165 265 modo
197 230 306 264 multa
344 230 484 264 effutire
514 229 650 263 solitus.

56 283 116 329 qui
136 282 338 316 orationem
357 282 499 315 ratione
516 293 590 314 non
612 282 778 321 metitur,
814 282 875 327 qui
902 281 1054 313 liberam

55 347 95 368 ac
118 346 246 379 vagam
272 334 431 379 linguam
456 346 531 366 non
560 331 703 366 cohibet
729 333 874 367 iudicio.
945 331 1054 365 Recte

53 386 232 420 Hesiodus
258 385 373 434 [Opp.
393 392 425 419 et
443 385 488 420 D.
507 385 581 419 719
598 398 649 431 sq.
673 385 740 419 Ed.
758 382 912 431 GoettL]
925 411 933 424 ,
962 384 1054 416 mul-

53 444 125 471 tam
145 450 219 472 esse
238 438 378 482 linguae
397 438 549 482 gratiam
577 438 732 477 indicat,
768 437 797 471 si
821 437 929 470 modo
957 433 1054 468 cohi-

51 490 196 523 beatur:

52 547 230 596 Γλώσσης
251 562 309 585 τοι
331 548 526 596 θησαυρὸς
542 550 581 585 ἐν
599 545 861 594 ἀνθρώποισιν
878 547 1028 607 ἄριστος

52 599 254 650 φειδωλῆς,
281 600 432 648 πλείστη
453 600 493 637 δὲ
514 600 622 647 χάρις
639 599 735 635 κατά
757 599 895 647 μέτρον
911 600 1051 645 ἲουσης.

153 669 381 716 ἀμετροεπὴς
405 669 503 703 cuius
527 668 692 713 generis?
722 667 945 702 Communis.
982 666 1053 700 De-

51 721 143 755 clina
169 728 209 754 ut
232 719 377 767 ἀληθής
400 721 537 765 primae
561 727 852 759 contractorum,
896 731 966 765 qua
991 719 1053 752 fle-

50 779 195 807 ctuntur
213 773 334 806 omnia
352 785 466 817 paene
486 773 660 806 adiectiva
681 772 718 805 in
736 785 777 818 ης
793 771 1014 805 derivaticia.

151 839 350 887 s‘xozqiaffl)
376 839 558 879 Verbum,
588 840 686 874 cuius
708 839 907 885 temporis?
942 839 1052 873 Prae-

47 891 192 926 teritum
219 892 471 937 imperfectum
496 898 547 925 est
570 891 755 925 indicativi
781 892 899 931 modi,
927 891 1050 924 coniu-

47 944 202 988 gationis
245 945 423 978 secundae
463 950 730 977 contractorum
751 971 761 984 ,
810 942 968 991 κολῳάω
1011 950 1050 976 ut

45 993 174 1041 βοάω,
201 994 408 1040 ἐκολῴαον,
445 1002 478 1028 et
505 996 717 1029 contractirn
742 995 933 1043 ἐκολῴων.
970 995 1049 1030 ἐκο-

46 1046 182 1094 λῴαες,
207 1054 241 1081 et
263 1047 473 1081 contractim
495 1046 666 1094 ἐκολῴας.
705 1045 883 1095 ἐκολῴαε,
912 1054 945 1081 et
965 1060 1049 1080 con-

44 1100 189 1132 tractim
224 1096 379 1145 ἐκολῴα.
447 1098 637 1133 Caeterum
676 1100 825 1133 verbum
863 1098 1047 1143 ὀνοματο-

44 1149 153 1186 ποιὸν
176 1158 238 1185 est.

149 1219 226 1265 (Vs.
246 1220 353 1265 213.)
381 1220 481 1255 ἔπεα.
536 1221 627 1254 Sunt
647 1221 708 1266 qui
726 1221 769 1253 ab
793 1220 950 1255 ἕπεσθαι
976 1227 1047 1253 tra-

43 1268 156 1311 hunt,
183 1278 223 1305 ut
239 1284 305 1305 nos
322 1284 526 1306 sermonem
546 1284 563 1305 a
585 1273 779 1318 sequendo.
818 1271 902 1311 ἔπος
919 1272 1046 1306 declin.

43 1322 183 1366 primae
213 1329 502 1365 contractorum,
546 1330 585 1357 ut
610 1321 713 1369 χάος.
781 1323 959 1368 Deinceps
986 1323 1046 1369 qui

43 1374 140 1406 volet
162 1375 326 1407 oratione
353 1382 569 1420 exequatur,
607 1388 668 1408 cur
694 1374 903 1421 ἀμετροεπῆ
928 1382 1046 1420 poeta,

43 1425 173 1458 deinde
187 1426 275 1460 ἔπεα
293 1423 444 1471 ἄκοσμά
469 1439 509 1461 τε
530 1425 594 1461 καὶ
616 1424 788 1473 πολλὰθε)
811 1426 960 1467 dixerit,
989 1440 1046 1460 ex-

44 1477 164 1511 cutiat.

880 1546 969 1580 Vide
989 1560 1045 1580 su-

864 1598 930 1631 Hic
958 1611 1043 1632 vero

146 1544 223 1591 (Vs.
239 1545 345 1591 214.)
373 1544 576 1593 ἐριζέμεναι
597 1558 663 1590 pro
683 1544 827 1592 ἐρίζειν.

13 1602 22 1608 ‘
41 1609 107 1642 pra
133 1597 171 1630 in
193 1598 412 1631 formatione
437 1598 606 1631 infinitivi
632 1597 795 1633 τύπτειν.

40 1649 132 1683 helle
155 1656 263 1694 poeta
284 1650 473 1684 factiosum
501 1650 683 1694 designat,
720 1651 825 1683 bonis
852 1651 1044 1691 insensum,
1070 1644 1073 1699 Ι

41 1713 122 1735 cum
139 1701 374 1746 optimatibus
393 1703 682 1734 contendentem.

143 1769 219 1813 (Vs.
239 1767 345 1815 215.)
375 1769 512 1804 εἴσαιτο
530 1769 649 1802 unde?
694 1769 853 1802 Medium
872 1770 1044 1813 praeteri·
1069 1781 1072 1803 ῑ

39 1827 115 1854 tum
148 1821 310 1855 aoriston
343 1821 515 1865 optativi,
554 1827 593 1854 ut
622 1819 831 1867 τυψαίμῃν.
901 1819 1042 1855 Thema

40 1871 141 1906 verbi
158 1872 296 1908 εἴσαιτο
313 1879 364 1906 est
381 1870 488 1914 εἴδω,
516 1875 611 1905 unde
631 1879 665 1905 et
681 1871 724 1907 τὸ
741 1871 812 1919 ᾔδη
832 1879 894 1913 est,
923 1873 958 1905 id
979 1880 1042 1913 est,

38 1924 161 1964 novit,
197 1926 296 1970 quod
321 1936 428 1968 snpra
456 1925 601 1958 secundi
628 1925 791 1958 versiculi
818 1925 1040 1969 expositione

38 1975 230 2021 praeterii,
257 1989 343 2009 nain
361 1974 418 2009 hic
436 1982 572 2020 agetur.

280 2059 399 2093 Flecte
428 2062 566 2097 εἴσαιτο
591 2069 624 2095 et
652 2060 724 2109 ᾔδη
740 2062 799 2108 ⁶⁹)-

38 2124 126 2161 εἴδω
231 2126 360 2164 τύπτω
466 2129 519 2164 Ex
563 2131 686 2165 activis
733 2133 910 2178 quaedam
954 2145 1037 2166 raro

39 2175 141 2213 εἶδον
231 2179 391 2216 ἔτυπτον
464 2190 704 2227 usurpantur,
728 2192 1037 2230 surroganturque

40 2226 119 2263 εἶκα
146 2236 185 2263 ut
229 2230 374 2278 τέτυφα
463 2234 512 2268 eis
531 2235 660 2269 media.

39 2279 125 2315 εἴσω
230 2279 340 2329 τύψω

38 2329 118 2366 aaa
229 2332 362 2381 ἔτυψα.

70 2464 119 2493 67)
138 2463 256 2498 ἐκολῴα]
283 2466 341 2496 sic,
368 2474 388 2498 ῳ
411 2474 470 2490 cuni
490 2476 497 2489 1
516 2468 685 2499 subscripto.
717 2472 744 2493 et
769 2471 838 2494 hanc
864 2472 979 2496 sormam
1008 2476 1034 2497 et

107 2505 182 2530 seqq.
203 2501 318 2530 scripsi;
350 2501 434 2525 Editt.
462 2502 542 2525 huius
562 2503 680 2527 Graium.
702 2511 796 2528 omnes
814 2506 913 2530 habent
933 2515 953 2530 ω
973 2508 1033 2532 sine

106 2541 115 2555 ι
133 2535 240 2558 subscr.

71 2584 118 2615 68)
138 2584 184 2607 καὶ
203 2585 307 2615 πολλά]
329 2587 369 2610 sic
383 2588 465 2611 Editt.
487 2588 566 2612 huius
584 2590 703 2613 Gramm.
723 2591 748 2615 in
768 2593 818 2615 hoc
837 2593 943 2622 quidem
958 2595 1032 2618 Exa-

106 2620 190 2649 mine;
215 2622 244 2643 at
264 2621 289 2644 in
311 2624 387 2646 textu
407 2629 449 2653 gr.
472 2624 626 2652 praemisso
647 2628 747 2655 (aeque
765 2633 797 2651 ae
818 2627 844 2650 in
863 2629 910 2653 Ed.
931 2630 1033 2661 Wolf.)

104 2654 221 2685 legitur:
248 2654 336 2679 πολλά
355 2663 384 2679 τε

69 2705 116 2737 69)
137 2707 210 2730 Haec
230 2709 314 2730 verba
331 2709 356 2731 in
373 2710 455 2734 Editt.
473 2711 558 2739 1522..
581 2712 654 2736 1541.
677 2714 852 2743 subsequitur
872 2714 1030 2746 inscriptio:

104 2741 255 2770 Λαίνας
275 2742 301 2765 in
324 2744 370 2767 Ed.
390 2745 460 2768 1538.
481 2746 547 2770 haec
567 2747 624 2770 iuis
645 2748 738 2771 verbis
758 2750 948 2781 superscripta
966 2754 1027 2783 est;

104 2775 130 2799 in
150 2777 233 2799 Editt.
253 2777 325 2801 1542.
340 2784 398 2808 sqq.
424 2779 510 2803 deest.

44 2816 224 2847 MELANTH.
249 2820 353 2849 Ursa.
382 2820 555 2852 v01..xx.

760 141 1092 177 GRAMMATICA
1127 141 1324 180 GRAECA
1357 144 1588 184 INTEGRA.

721 228 844 263 Vanus
869 229 962 262 enim
992 236 1055 268 est,
1082 256 1085 266 ,

2048 158 2121 194 146

1543 235 1678 271 Media.

1081 291 1084 307 ¹
1110 288 1287 324 Praesens
1305 289 1452 336 εἴδομαι
1470 301 1508 326 ut
1524 293 1725 342 τύπτομαι.

1108 340 1351 375 Praeteritum
1366 343 1663 395 irnperfectumw)
1675 346 1829 396 εἰδόμην
1840 358 1878 385 ut
1890 352 2115 401 ἐτυπτόμην.

1080 390 1084 445 Ξ
1188 393 1430 428 Praeteritum
1450 398 1646 440 perfectum
1665 398 1758 436 εἷδα.
1801 403 1998 438 Formatur
2017 408 2114 441 enim

1079 447 1084 492 ξ
1107 456 1173 488 per
1187 446 1386 488 praesentis
1404 445 1667 491 characterem,
1695 453 1784 487 sicut
1800 467 1906 500 supra
1927 457 1962 490 in
1981 460 2115 502 regulis

1107 496 1239 530 vidisti.
1295 496 1388 530 Hinc
1402 500 1441 532 fit
1457 498 1674 547 diphthongi
1692 510 1979 550 temperamento
1998 506 2084 556 ᾖδα.

1212 548 1456 584 Praeteritum
1493 553 1885 600 plusquamperfectum
1923 558 2034 596 εἴδειν
2052 562 2113 609 ⁷¹),

1108 605 1142 632 et
1166 597 1385 645 diphthongi
1409 609 1696 648 temperamento
1721 607 1837 654 ᾔδειν.
1891 611 2001 646 Vides
2026 625 2110 658 ergo

1107 651 1248 695 primae
1273 653 1430 698 syllabae
1461 656 1721 699 variationem,
1764 663 1942 705 posterior
1973 665 2111 710 syllaba

1078 720 1081 736 t
1106 703 1266 737 dialectis
1302 705 1431 740 variat.
1507 708 1599 742 Nam
1635 723 1702 754 pro
1737 711 1928 761 ἐτετύφειν
1953 718 2111 760 regulari

1106 756 1302 800 praeterito
1330 757 1683 805 plusquamperfecto
1711 764 1834 798 dicunt
1859 765 1962 800 loncs
1989 766 2110 804 ἑτετύ-

1105 819 1188 853 φεα.
1251 807 1309 840 Sic
1341 820 1425 853 ergo
1457 824 1523 855 pro
1557 811 1669 849 εἴδειν
1698 815 1754 848 vel
1787 814 1891 862 ᾔδειν
1921 825 1971 852 cst
2006 819 2110 865 ᾔδεα.

1076 864 1079 892 i
1104 858 1223 892 Flecte
1245 859 1294 892 sic
1313 857 1404 904 ᾔδεα
1421 860 1524 908 ᾖδεες
1543 862 1637 909 ᾔδεε.
1680 865 1734 900 Ex
1749 865 1815 901 hac
1832 870 1934 902 tertia
1955 883 2109 914 persona

1104 908 1187 956 ᾔδεε
1202 911 1242 943 fit
1259 911 1350 945 crasi
1366 910 1450 959 ᾔδη.
1506 915 1598 949 Diam
1617 930 1650 951 εε
1672 917 1710 951 in
1736 932 1758 964 η
1783 922 1915 954 mutari
1940 922 1977 955 in
2001 925 2110 958 decli-

1103 962 1312 996 nationibus
1329 965 1519 999 nominum
1537 975 1806 1004 contractorum
1827 973 1967 1013 vidisti,
1995 975 2109 1022 τείχεε

1102 1012 1216 1060 τείχη.
1279 1016 1482 1052 Adnotabis
1509 1025 1543 1052 et
1568 1019 1656 1061 hoc,
1692 1025 1987 1070 quandoquidem
2015 1041 2044 1062 ει
2071 1030 2107 1062 in

1100 1079 1124 1111 ῃ
1142 1079 1222 1099 cum
1251 1067 1514 1112 subscriptione
1543 1074 1691 1114 transit,
1726 1075 1882 1119 primam
1910 1079 2009 1111 verbi
2035 1078 2106 1126 ᾔδη

1073 1116 1077 1184 ἶ
1101 1117 1296 1158 subscribi,
1325 1122 1563 1163 posteriorem
1580 1137 1668 1159 non.
1730 1126 1823 1160 Nam
1844 1142 1877 1163 εε
1895 1141 1970 1163 non
1989 1139 2105 1165 muta-

1073 1188 1076 1214 ἶ
1102 1175 1160 1202 tur
1178 1170 1247 1203 nisi
1267 1170 1303 1203 in
1323 1172 1437 1206 solum
1458 1187 1492 1220 η.

1204 1220 1382 1256 Futurum
1411 1226 1568 1270 εἴσομαι.

1207 1274 1342 1308 Aorist.
1362 1287 1392 1308 a.
1418 1276 1588 1323 εἶσοὶμην.
1657 1279 1810 1326 Reliqua
1838 1295 1878 1315 ex
1907 1281 1960 1317 his
1985 1286 2102 1319 forma

1099 1322 1196 1358 κατὰ
1212 1322 1280 1370 τὴν
1297 1324 1528 1375 ἀναλογίαν,
1556 1336 1590 1362 et
1610 1330 1645 1362 in
1663 1333 1816 1376 optativi
1835 1336 1970 1369 aoristo
1996 1335 2103 1371 babe-

1099 1376 1153 1409 bis
1171 1375 1355 1422 εἶσαίμην.

1203 1427 1299 1460 Haec
1319 1429 1380 1461 tibi
1400 1431 1498 1463 verbi
1518 1429 1623 1467 huius
1641 1436 1849 1480 coniugatio
1868 1439 1988 1473 multis
2008 1447 2102 1475 certe

1070 1466 1074 1529 Ξ
1099 1478 1186 1513 locis
1205 1481 1378 1524 proderit.
1416 1480 1454 1514 In
1474 1483 1592 1526 primo
1609 1484 1741 1520 Iliados
1761 1485 1833 1535 [vs.
1854 1487 1934 1537 70.]
1953 1492 2103 1526 verbum

1070 1534 1074 1584 ξ
1099 1529 1171 1577 ᾔδη
1188 1531 1368 1572 invenies,
1397 1539 1435 1565 ut
1453 1534 1642 1570 innumera
1666 1538 1732 1570 alia
1752 1541 1827 1572 loca
1845 1549 2084 1585 praeteream,

1070 1581 1155 1622 1⁰03
1172 1581 1243 1628 ᾔδη
1258 1582 1304 1617 τά
1319 1582 1346 1618 τ’
1367 1581 1488 1627 ἐόντα,
1508 1586 1556 1621 τά
1573 1587 1600 1622 τ’
1622 1587 1818 1635 ἐσσόμενα,
1837 1591 1910 1639 πρό
1930 1592 1956 1627 τ’
1979 1592 2102 1633 ἐόντα.

1070 1629 1073 1641 “
1098 1633 1191 1667 Volo
1227 1636 1312 1668 item
1346 1642 1379 1668 te
1414 1639 1640 1672 admonitum
1679 1644 1882 1686 regularum
1919 1649 2103 1690 augmenti

1069 1700 1073 1746 i
1098 1687 1398 1730 praeteritorum,
1427 1702 1582 1733 quorum
1601 1690 1690 1727 εἴδω
1711 1696 1914 1738 praeteritiS
1943 1711 2017 1732 non
2041 1713 2102 1734 va-

1070 1751 1072 1755 ·
1096 1737 1165 1771 riet
1183 1739 1396 1782 regulariter
1415 1738 1517 1775 εἶδον
1533 1740 1624 1779 εἷδα.

1069 1805 1072 1842 ¹
1202 1789 1280 1834 (Vs.
1296 1790 1400 1833 216.)
1429 1790 1585 1836 ἔμμεναι
1603 1794 1784 1838 lonicum,
1813 1799 1893 1832 v<ide
1914 1799 2020 1836 εἶναι.

1068 1858 1071 1877 3
1098 1840 1297 1886 αἴσχιστος.
1354 1841 1444 1875 Vide
1461 1846 1597 1879 formas
1617 1851 1929 1893 comparationum

1068 1881 1071 1898 '
1200 1890 1352 1939 αἰσχρός
1459 1894 1619 1941 αἰσχίων
1725 1901 1913 1946 αἴσχιστος

1199 1944 1338 1990 αἰσχρά
1459 1948 1618 1992 αἰσχίων
1724 1953 1894 2000 αἰσχίστη

1065 2006 1068 2050 1
1100 2041 1114 2047 ⁹
1198 1992 1355 2042 αἰσχρόν
1463 1999 1611 2044 αἰσχίον
1718 2003 1910 2049 αἴσχιστον

1064 2055 1068 2095 ι
1094 2047 1186 2090 syme
1200 2048 1375 2082 Aoriston
1393 2053 1589 2084 secundum
1612 2054 1707 2088 vocis
1724 2057 1871 2091 activae.

1198 2097 1343 2135 ἐλεύθω
1501 2102 1667 2147 ἤλευθον

1196 2151 1334 2196 ἤλευκα
1492 2152 1658 2198 mmmm
1814 2159 1952 2204 ἢλευσα

1062 2205 1066 2246 1
1092 2199 1258 2245 ἤλυθον,
1287 2200 1411 2250 ἦλθον
1428 2216 1490 2247 per
1506 2218 1710 2252 syncopen,
1740 2212 1834 2244 unde
1850 2208 1944 2258 ἦλθε
1965 2221 2028 2249 est.

1062 2249 1065 2303 ξ
1195 2254 1272 2299 (Vs.
1293 2256 1399 2301 217.)
1432 2254 1493 2290 Tu>
1511 2257 1603 2302 ω’μω
1620 2257 1782 2302 humeri,
1810 2265 1930 2298 dualia
1949 2274 2042 2301 sunt.

1062 2306 1064 2331 V
1090 2303 1125 2338 οἱ
1140 2318 1343 2349 pronomen
1363 2308 1607 2351 reciprocum,
1636 2313 1680 2346 ei.

1060 2334 1065 2393 l
1196 2358 1272 2403 (Vs.
1292 2360 1396 2403 218.)
1427 2362 1653 2407 συνοχηκότε
1664 2364 1709 2411 ⁷²¹)
1734 2366 1963 2411 participium
1991 2382 2092 2415 prae-

1088 2408 1233 2443 teritum
1257 2411 1394 2444 activae
1415 2412 1510 2446 vocis
1529 2425 1547 2446 a
1567 2415 1749 2461 συνοχέω,
1780 2418 1859 2452 vide
1878 2421 2034 2456 sormam
2054 2423 2092 2456 in

1089 2461 1306 2506 participiis,
1337 2470 1459 2509 estque
1479 2465 1595 2500 duale.

1121 2562 1168 2593 70)
1189 2562 1372 2587 Praeteritum
1393 2564 1598 2595 imperfectum]
1625 2568 1665 2591 sic
1687 2569 1768 2593 Editt.
1794 2571 1883 2596 1522..
1914 2574 2001 2602 1521.;
2042 2574 2088 2597 Ed.

1158 2598 1233 2622 1538.
1254 2600 1313 2628 typ.
1335 2606 1407 2622 err.:
1434 2600 1525 2624 Praet.
1548 2603 1715 2631 perfectuum
1753 2605 1835 2630 Editt.
1856 2607 1927 2630 1542.
1942 2614 2018 2637 seqq.
2039 2614 2088 2637 pro

1154 2633 1205 2670 hoc
1225 2633 1271 2658 tat.
1294 2635 1402 2676 nomine
1422 2637 1448 2658 et
1468 2637 1646 2666 subsequenti
1667 2639 1767 2662 liabent
1788 2647 1905 2666 graeca:
1932 2649 2086 2672 παρατετη-

1155 2674 1217 2696 κος,
1237 2674 1452 2701 παρακειμειός.

1120 2708 1164 2739 71)
1185 2708 1282 2739 εἴδειν]
1303 2713 1349 2735 Εὐ.
1369 2712 1442 2736 15:3⁶⁶.
1465 2710 1537 2741 ἧδειν

1118 2752 1166 2783 72)
1187 2752 1369 2786 συνοχηκόιε]
1391 2756 1431 2779 sic
1446 2756 1529 2779 Editt.
1550 2757 1629 2780 huius
1645 2758 1765 2782 Gramm.
1787 2761 1813 2782 et
1835 2760 1858 2783 h.
1876 2760 1892 2782 Ι.
1914 2762 1941 2784 et
1961 2761 1986 2785 in
2009 2764 2086 2788 textu

1154 2794 1197 2818 gr.
1218 2790 1391 2819 praemisso;
1416 2791 1488 2820 apud
1507 2792 1585 2814 Hom.
1607 2792 1654 2816 Ed.
1673 2793 1762 2817 tVots.
1778 2794 1881 2824 legitur
1901 2795 2083 2828 συνοχωκότε.

1517 2827 1562 2858 10
