2389 3037
68 122 143 158 353
728 119 850 156 XCVI.

66 207 283 254 incultique,
318 208 430 241 vitam
444 235 452 248 ,
487 207 577 242 sicut
607 207 896 251 peregrinantes,
932 213 1070 240 transe-

66 272 169 305 gere,
197 260 326 305 quibus
346 260 506 305 profecto
527 265 650 292 contra
670 265 836 293 naturam
859 270 989 303 corpus
1008 270 1071 291 vo-

65 311 216 357 luptati,
245 311 366 344 anima
386 311 487 344 oneri
503 311 589 351 fuit,
618 323 741 345 eorum
762 323 826 355 ego
845 312 954 343 vitam
975 321 1071 342 mor-

65 370 210 409 temque
240 363 336 396 iuxta
366 363 527 397 aestimO.
589 363 680 397 Nam
711 363 759 395 ibi
785 361 906 402 quta,
939 361 1070 395 amisso

65 427 168 455 casu,
195 414 360 448 similiter
380 414 565 458 significat.
619 413 669 447 Ita
699 414 818 448 multis
837 419 917 458 post
933 413 1071 447 seculis.

64 465 236 511 Virgilius
257 466 347 511 [Ecl.
369 468 401 506 1,
418 464 518 514 30.]:
550 465 681 510 Longo
700 472 779 511 post
796 472 958 509 tempore
977 464 1071 499 veni.

166 517 292 550 Palam
332 524 365 551 et
400 518 500 552 Pone
537 518 575 551 in
610 517 789 551 adverbiis
825 519 1100 557 numeramus,'*

65 570 163 616 quod
179 569 254 602 fere
271 570 347 603 sine
364 582 446 604 casu
463 576 658 614 ponantur.
710 569 767 603 Sic
788 567 910 614 Usque
929 574 963 601 et
984 567 1073 601 Ver-

64 633 134 656 sus.
172 620 336 667 Secus44)
352 633 425 654 non
445 628 621 666 usurpant
637 621 754 660 docti,
782 620 851 654 nisi
871 632 937 664 pro
956 620 1072 660 aliter,

65 673 229 706 adverbii
243 673 514 718 significatione.
556 673 681 707 Cicero
697 684 762 717 pro
779 672 933 705 Planco:
963 671 1073 706 Cuius
1098 699 1101 715 ,Ι

65 736 130 769 ego
147 725 298 760 salutem
317 737 391 758 non
409 737 507 759 secus
523 737 564 758 ac
582 736 697 757 meam
718 724 811 757 tueri
830 724 955 757 debeo.

285 826 357 860 DE
393 825 852 862 CONIUNCTIONE.

141 895 422 930 Coniunctio
449 902 520 937 est,
548 907 640 942 quae
656 895 808 930 subinde
826 895 1072 940 superioribus

63 947 249 981 sententiis
276 947 364 982 alias
387 947 565 987 annectit,
602 954 662 987 ut,
695 947 777 981 lN‘ox
802 953 836 980 et
859 959 983 987 amor,
1020 947 1072 979 vi-

64 1011 224 1044 numque
257 997 348 1032 nihil
379 999 602 1032 moderabile
634 999 798 1032 suadent.
864 998 956 1033 Nam
989 997 1073 1032 huic

64 1051 282 1090 sententiae,
317 1063 388 1084 nox
419 1049 510 1084 nihil
543 1050 766 1083 moderabile
802 1052 947 1089 suadet,
987 1063 1072 1083 con-

64 1101 200 1135 iunctio
219 1102 376 1135 annectit
395 1114 556 1136 amorem
579 1109 613 1135 et
633 1102 770 1136 vinum.
810 1101 966 1136 Multum
985 1100 1073 1135 haec

64 1164 146 1198 pars
182 1153 357 1188 orationis
392 1154 567 1188 conducit·
589 1155 632 1187 ad
661 1160 756 1187 recte
786 1154 1070 1188 connectendam

66 1204 267 1238 orationem
281 1232 291 1245 ,
319 1218 431 1251 quare
456 1215 585 1239 natura
609 1206 868 1250 particularum
886 1204 993 1240 huius
1015 1218 1072 1250 ge-

65 1256 161 1291 neris
180 1256 371 1302 diligenter
390 1257 598 1290 excutienda
619 1263 682 1291 est.

457 1350 684 1385 Accidunt

171 1410 429 1445 Coniunctioni
449 1411 534 1445 tria:
563 1411 716 1456 Figura,
744 1411 928 1451 Potestas,
956 1411 1071 1446 Ordo.

168 1462 300 1508 Figura
319 1463 490 1508 simplex,
517 1470 557 1498 ut
578 1476 675 1499 nam.
711 1463 918 1509 Composita
934 1491 942 1504 ‚
970 1476 1072 1496 nam-

66 1526 147 1561 que.

169 1566 333 1601 Potestas
349 1566 562 1612 significatio
581 1575 642 1602 est.
688 1567 779 1602 Sunt
797 1574 914 1601 autem
934 1574 1070 1613 septem

65 1630 217 1662 specles:

169 1669 404 1715 Copulativa,
440 1677 494 1711 et,
532 1683 622 1717 que,
659 1684 825 1717 quoque,
864 1684 923 1710 ac,
952 1678 1099 1717 atque,3

67 1717 188 1762 etiam,
216 1718 336 1761 simul,
365 1729 440 1755 turn
452 1722 512 1769 45),
531 1729 585 1756 ut:
615 1722 704 1757 Cum
724 1736 809 1767 ego,
838 1730 911 1757 tum
933 1723 991 1755 alii
1010 1725 1071 1756 ad-
1097 1731 1099 1753 3

67 1779 181 1806 erant.
235 1772 303 1806 Sed
319 1774 383 1813 Ac,
412 1774 641 1808 collationem
664 1775 859 1820 aliquando
883 1775 1070 1819 significat,

64 1823 174 1858 Aliud
192 1822 281 1857 mihi
297 1826 495 1869 respondes
513 1838 553 1859 ac
568 1839 669 1870 rogo.

170 1875 436 1918 Disiunctivae,
465 1890 526 1918 ve,
555 1879 630 1919 vel,
659 1885 739 1919 aut,
767 1878 858 1919 sive,
885 1890 958 1911 sen.

167 1928 449 1970 Adversativae,
485 1936 539 1971 at,
574 1931 652 1970 sed,
689 1937 761 1970 ast,
797 1942 942 1968 verum,
972 1940 1070 1969 vero,

66 1991 196 2024 porro,
224 1980 343 2026 atqui,
369 1986 511 2022 tamen,
539 1994 760 2028 quanquam,
789 1982 964 2028 quamvis,
993 1980 1070 2020 etsi,

65 2030 166 2072 licet,
199 2031 338 2072 licebit,
373 2033 512 2067 saltem.
574 2034 666 2068 Nan.
692 2032 758 2067 bae
786 2035 963 2067 diversam
991 2045 1070 2066 sen-

66 2082 215 2116 tentiam
249 2084 427 2128 superiori
459 2085 672 2126 subiiciunt,
706 2093 744 2119 nt
774 2087 867 2131 apud
895 2085 1068 2119 Ovidium

67 2132 151 2183 [Ep.
170 2147 211 2168 ex
229 2135 348 2169 Ponto
367 2134 394 2176 l,
413 2135 448 2177 9,
464 2136 513 2170 39
531 2135 604 2184 sq.]
620 2152 624 2170 :

137 2210 167 2236 Si
186 2212 265 2235 modo
289 2218 344 2236 nou
363 2219 483 2243 censuS,
510 2220 560 2238 nec
578 2215 683 2238 clarum
702 2222 801 2239 nomeu
820 2221 946 2246 avorum,

172 2254 227 2278 sed
246 2255 369 2284 probitas
387 2262 503 2287 magnos
523 2257 716 2288 ingeniumque
735 2258 809 2282 facit.

67 2314 174 2350 Prior
192 2318 366 2349 sententia
386 2324 457 2357 est,
488 2319 712 2351 nobilitatem
737 2332 810 2352 non
827 2320 863 2352 in
883 2332 989 2354 censu
1010 2327 1070 2353 :rut
1096 2340 1098 2350 .

68 2367 248 2401 maiorum
267 2368 484 2413 imaginibus
502 2382 574 2403 esse
592 2371 764 2414 positam,
794 2373 941 2406 adversa
961 2373 1070 2406 subii-

68 2419 160 2452 citur
178 2420 351 2464 particula
364 2447 372 2461 ,
400 2422 480 2461 sed,
510 2422 545 2453 in
566 2423 744 2465 probitate
761 2430 793 2456 et
813 2425 943 2457 virtute
963 2424 1068 2458 sitam

68 2482 142 2504 esse
166 2472 404 2507 nobilitatem.
457 2475 512 2507 Ad
538 2471 632 2507 hunc
657 2475 818 2508 ordinem
850 2475 926 2509 lmo
960 2476 1069 2520 perti-

68 2529 148 2562 net,
183 2524 383 2568 corrigendi
420 2526 614 2570 particula,
653 2533 691 2559 ut
724 2529 818 2571 apud
854 2527 1067 2561 Terentium
1096 2543 1097 2546 ¹

103 2677 152 2704 44)
172 2675 271 2709 secus]
298 2677 339 2701 sic
363 2679 446 2702 Editt.
469 2679 560 2704 1546..
594 2686 615 2702 s.
636 2685 677 2710 a.;
709 2680 793 2705 Editt.
817 2681 909 2709 1526.,
938 2682 1014 2707 1529.
1042 2685 1068 2706 et

137 2718 219 2735 secus

103 2753 151 2782 45)
171 2752 248 2785 tm]
268 2754 317 2778 Ed.
339 2761 360 2778 s,
377 2760 417 2778 a.:
446 2762 521 2781 cum.
541 2758 606 2780 tum.

911 119 1241 155 GRAMMATICA
1277 120 1469 156 LATllx'A.

2053 121 2128 158 334

1094 246 1098 260 ·
1126 206 1278 256 [Heaut.
1298 209 1331 248 1,
1350 209 1382 249 1,
1401 205 1499 255 42.]:
1546 207 1642 254 Quid
1670 207 1742 242 dixi
1769 207 1903 242 habere
1931 207 2011 242 me?
2057 209 2132 242 imo

1124 258 1246 293 habui.

1230 311 1410 350 causales,
1426 323 1522 351 nam,
1540 323 1717 357 namque,
1734 313 1844 354 enim,
1863 312 2008 354 etenim,
2035 312 2134 358 quia,

1126 363 1312 408 quoniam,
1342 363 1501 407 qnando,
1529 365 1839 408 quandoquidem,
1868 365 1912 405 si,
1941 364 2133 410 siquidem,

1126 414 1215 452 nisi,
1251 413 1308 453 ni,
1344 414 1542 448 enimvero.
1604 413 1728 460 anue
1759 417 1933 460 particula
1963 429 2132 450 nonnun-

1127 479 1234 512 quam
1254 465 1479 498 adfirmativa
1500 472 1571 505 est,
1599 472 1637 499 nt
1656 464 1823 514 [Terent.
1841 468 1933 501 And.
1954 470 1986 508 1,
2004 469 2039 509 3,
2060 466 2133 517 1.]:

1127 517 1324 551 Enimvero
1344 516 1464 557 Dave,
1493 515 1583 550 nihil
1604 518 1671 551 loci
1693 525 1741 552 est
1760 519 1944 564 segnitiae.

1098 563 1101 615 ξ
1231 569 1308 602 Huc
1344 569 1526 614 pertinent
1564 571 1670 603 etiam
1700 571 1918 604 concedendi
1948 578 1981 604 et
2013 569 2135 616 prohi-

1126 621 1234 654 bendi
1270 621 1479 673 pprticulae.
1546 622 1619 662 Ut,
1655 621 1764 655 Iubeo
1800 630 1837 656 ut
1874 623 2008 657 venias.
2069 623 2136 664 Ne,

1128 673 1272 718 Quaeso
1296 685 1340 706 ne
1366 673 1486 706 facias.
1541 673 1633 707 Sunt
1659 674 1752 707 enim
1780 681 1813 708 et
1840 675 1929 708 aliae
1959 675 2136 719 significa-

1098 723 1100 729 *
1127 725 1243 758 tiones
1267 722 1396 758 harum
1422 736 1573 765 vocum,
1602 732 1641 759 ut
1659 727 1753 770 apud
1774 726 1963 770 Virgilium
1990 726 2081 772 [Ecl.
2100 726 2137 767 8,

1098 782 1100 787 “
1127 774 1226 824 41.];
1254 776 1302 810 Ut
1321 777 1407 816 vidi,
1433 782 1472 809 ut
1490 777 1592 820 perii,
1622 791 1710 823 quas
1728 779 1762 810 in
1782 778 1928 823 Syntaxi
1948 791 2137 824 perseque-

1098 844 1099 847 ¹
1126 841 1209 862 mur
1221 827 1280 874 ⁴²⁶).
1797 858 1799 860 .

1232 879 1447 913 Collectivae
1462 879 1529 926 ¹¹⁷),
1562 893 1666 925 ergO,
1701 881 1803 921 ideo,
1831 882 1960 925 igitur,
1990 882 2135 923 idcirco,

1127 938 1370 978 quapropter,
1403 932 1578 976 proinde,
1615 935 1865 979 quamobrem.
1935 933 2010 967 Hae
2039 934 2132 967 enim

1127 984 1393 1018 conclusionem
1432 984 1565 1017 rationi
1605 986 1833 1029 praepositae
1850 984 1896 1030 ²⁸)
1932 998 2135 1018 accommo-

1127 1037 1233 1069 dant:
1271 1033 1369 1069 Nihil
1395 1041 1444 1068 est
1466 1033 1607 1069 homini
1626 1037 1748 1070 utilius
1767 1037 1914 1071 scientia
1935 1038 2135 1078 literarum,

1126 1094 1208 1122 sunt
1226 1087 1335 1131 igitur
1351 1098 1483 1130 magno
1503 1089 1621 1122 studio
1641 1089 1830 1123 discendae
1847 1089 1984 1123 literae.

1230 1139 1392 1178 Ordinis,
1414 1141 1574 1184 insuper,
1600 1147 1737 1185 postea,
1760 1148 2009 1186 posteaquam,
2035 1141 2134 1173 dein-

1127 1203 1220 1236 ceps,
1245 1192 1386 1225 deinde.
1439 1190 1478 1223 ln
1496 1190 1562 1225 bac
1578 1193 1851 1237 significatione,
1880 1192 1942 1233 Ut,
1965 1204 2135 1226 nonnun-

1097 1263 1100 1294 ἦ
1127 1255 1235 1289 quam
1257 1242 1522 1291 usurpatur'ffl),

1097 1304 1100 1320 ⁸
1228 1294 1511 1340 Approbativae,
1540 1295 1700 1341 quidem,
1729 1296 1910 1342 equidem,
1941 1303 1997 1335 ut,
2022 1296 2135 1330 Discit

1097 1338 1099 1389 ¹]
1125 1345 1265 1387 literas,
1295 1353 1327 1380 et
1345 1354 1488 1381 strenue
1509 1348 1668 1393 quidem.

1096 1400 1100 1466 ἶ
1231 1398 1474 1444 Completivas
1519 1406 1696 1433 vocarunt
1741 1400 1986 1444 grammatici,
2035 1401 2133 1446 quod

1125 1450 1222 1483 nulla
1245 1451 1516 1495 significationis
1535 1453 1765 1492 necessitate,
1794 1454 1853 1486 sed
1880 1459 2028 1486 ornatus
2054 1464 2133 1496 gra-

1125 1501 1175 1535 tia
1204 1502 1413 1536 inseruntur
1443 1504 1621 1544 orationi,
1655 1505 1747 1538 sicut
1774 1504 1922 1538 Graecis
1948 1503 2038 1549 μέν,
2072 1501 2132 1549 δή.

1125 1553 1194 1588 Sed
1220 1552 1309 1588 mihi
1335 1556 1504 1589 interesse
1531 1556 1667 1602 aliquid
1694 1556 1834 1590 videtur
1857 1556 1951 1589 inter
1976 1556 2133 1590 Graecas

1124 1607 1222 1647 illas,
1250 1614 1283 1640 et
1305 1607 1518 1652 particulam
1546 1608 1723 1654 Quidem,
1751 1606 1931 1654 habetque
1960 1621 1998 1642 ea
2026 1609 2132 1653 plane

1125 1660 1351 1704 approbandi
1377 1660 1687 1704 significationem.
1743 1660 1868 1695 Cicero
1896 1661 1939 1693 de
1956 1660 2130 1694 amicitia:

1098 1717 1099 1720 ’
1125 1711 1197 1757 Qui
1231 1718 1349 1745 autem
1382 1712 1418 1744 in
1451 1712 1583 1745 virtute
1608 1726 1789 1747 summum
1814 1714 1948 1746 bonum
1974 1717 2129 1758 ponunt,

1098 1782 1099 1785 =
1125 1763 1308 1808 praeclare
1329 1763 1379 1796 iili
1399 1764 1564 1809 quidem,
1593 1766 1653 1798 sed
1671 1763 1758 1798 haec
1777 1765 1851 1810 ipsa
1872 1765 1985 1800 virtus
2005 1763 2127 1797 amici-

1097 1859 1099 1865 .
1125 1815 1211 1847 tiam
1232 1821 1264 1847 et
1283 1815 1391 1859 gignit
1412 1822 1445 1848 et
1465 1816 1635 1850 continet.

1096 1882 1099 1919 l
1563 1885 1677 1920 Ordo.

1095 1922 1099 1980 l
1226 1935 1414 1982 Quaedam
1434 1944 1516 1970 sunt
1535 1937 1812 1982 praepositivae,
1835 1944 1874 1971 ut
1891 1949 1988 1977 nam,
2006 1949 2130 1982 quare,

1096 1985 1097 2015 ἶ
1124 1987 1225 2028 ideo,
1254 1988 1408 2029 etenim,
1436 1996 1490 2029 at,
1520 1997 1592 2028 ast,
1622 2002 1706 2030 nec,
1735 1990 1783 2029 si,
1812 1989 1928 2042 quinay
1946 1988 2027 2027 nisi,
2056 2001 2129 2022 sen.

1123 2039 1206 2073 Non
1225 2041 1319 2073 enim
1338 2047 1432 2074 recte
1449 2042 1597 2075 dixeris:
1629 2041 1689 2075 Est
1708 2054 1790 2074 nam
1812 2042 1926 2074 bonus
1944 2040 2018 2080 vir,
2051 2041 2128 2074 sed:

1123 2092 1215 2126 Nam
1237 2098 1287 2126 est
1304 2093 1420 2127 bonus
1437 2093 1502 2126 vir.

1096 2186 1098 2193 y
1222 2142 1413 2189 'Quaedam
1450 2145 1728 2189 postpositivae,
1770 2151 1809 2178 ut
1844 2144 1960 2183 enirn,
1996 2150 2128 2184 autem,

1125 2207 1288 2241 quoque,
1314 2209 1411 2231 vero.
1466 2197 1614 2230 Rectum
1635 2204 1702 2230 est:
1731 2196 1795 2230 Est
1811 2197 1905 2230 enim
1926 2197 2042 2229 bonus
2061 2196 2127 2229 vir.

1096 2258 1099 2289 j
1124 2247 1204 2282 Non
1239 2255 1289 2282 est
1321 2256 1477 2282 rectum:
1516 2248 1620 2281 Enim
1655 2255 1706 2282 est
1735 2249 1852 2283 bonus
1883 2248 1948 2281 vir.
2011 2246 2049 2280 In
2074 2245 2129 2281 bis

1096 2292 1224 2340 fsunt,
1265 2313 1356 2346 quae
1390 2299 1592 2349 ἐγκλιτικαὶ
1622 2302 1811 2340 dicuntur,
1856 2301 1889 2333 id
1923 2306 1992 2337 est,
2036 2311 2128 2344 quae

1096 2354 1100 2412 ξ
1123 2364 1225 2386 suum
1253 2359 1377 2385 tonum
1403 2353 1568 2386 reiiciunt
1591 2353 1625 2385 in
1653 2355 1757 2386 tinem
1779 2353 1964 2392 dictionis,
1992 2351 2045 2383 cui
2068 2352 2128 2383 ad-

1158 2489 1206 2516 46)
1226 2491 1255 2511 ut
1274 2488 1343 2518 apud
1359 2488 1436 2517 Vin-g.
1457 2502 1490 2504 —
1511 2490 1730 2519 persequemur]
1752 2489 1779 2512 iu
1799 2489 1847 2512 Ed.
1868 2495 1890 2513 s.
1906 2494 1931 2512 a.
1953 2488 2003 2511 hoc
2021 2487 2127 2518 quidem

1193 2524 1253 2547 loco
1273 2524 1373 2546 desunt
1392 2523 1469 2551 (vide
1489 2526 1582 2547 notaui
1603 2524 1670 2551 ⁴9]-

1157 2566 1205 2594 47)
1225 2567 1423 2596 collectivam]
1451 2568 1498 2591 Ed.
1524 2568 1600 2591 1546.
1628 2566 1864 2590 Ratiocinativae.
1891 2567 1940 2589 Ed.
1961 2573 1984 2589 s,
2000 2572 2041 2589 a.:

1095 2585 1098 2639 l
1192 2601 1355 2631 tinniturum

1157 2646 1204 2672 48)
1227 2645 1416 2674 praepositae]
1437 2645 1485 2668 Ed.
1506 2652 1528 2669 s.
1544 2651 1584 2668 a.:
1611 2644 1815 2674 praepositivae

1157 2689 1204 2716 49)
1226 2689 1307 2711 Editt.
1331 2689 1421 2716 1546..
1448 2696 1470 2712 S.
1487 2694 1512 2712 a.
1540 2690 1589 2712 hoc
1615 2689 1675 2712 loco
1701 2688 1803 2711 addunt
1829 2688 1903 2710 illuni
1926 2685 2035 2715 virginii
2057 2691 2123 2708 ver-

1192 2730 1251 2747 sum
1272 2724 1327 2747 Eoi.
1343 2726 1369 2747 8.
1385 2725 1444 2749 41,;
1483 2724 1516 2747 t‘t
1537 2723 1607 2753 vidi,
1632 2726 1660 2746 ut
1681 2723 1763 2752 perii.
1791 2725 1818 2744 ut
1838 2728 1880 2744 ine
1899 2721 1987 2743 malus
2008 2719 2122 2743 abstulit

1191 2764 1281 2782 error.

2068 2565 2126 2587 Ra-
