2389 3037
95 94 171 134 297
759 89 882 125 XCVI.

439 175 756 221 significatio.

199 239 297 272 Haec
330 250 416 271 vero
454 237 492 270 in
528 236 655 281 primis
688 244 739 271 est
767 238 943 271 tradenda
972 236 1108 282 pueris,

96 305 182 326 nam
201 303 277 324 non
297 302 381 323 raro
403 287 461 322 hic
478 295 658 334 peccatur.

201 343 294 377 Sunt
313 348 432 376 autem
451 340 755 374 demonstrativa:
792 339 891 385 Ego,
920 340 1000 381 Tu,
1028 340 1107 381 Hic,

96 394 178 430 Iste.

200 445 387 479 Relativa:
422 443 474 485 Is,
502 442 600 489 Ipse,
629 443 714 489 Qui.

201 496 263 531 Ille
299 497 388 531 alias
424 496 751 530 demonstrativum
789 501 860 535 est,
897 494 987 528 alias
1017 494 1108 528 rela-

97 550 224 584 tivum.

201 600 266 635 Sui
295 612 381 633 vero
417 606 451 634 et
480 612 564 634 suus
595 598 778 642 reciproca
811 603 914 637 sunt,
951 595 1021 630 hoc
1046 603 1110 637 est,

99 654 143 686 ad
166 653 317 686 eandem
336 664 530 697 personam
550 651 721 688 redeunt,
749 661 840 694 quae
858 649 1110 694 praecedebat,

100 718 187 738 nam
207 705 356 738 interest
373 704 467 737 inter
482 701 589 736 haec:
618 701 727 734 Pater
746 701 856 741 iubet,
880 707 919 734 ut
935 702 980 734 ad
999 713 1033 734 se
1052 712 1110 733 ve-

101 757 192 798 nias,
221 763 268 795 et,
296 756 405 789 Pater
430 755 540 795 iubet,
566 760 606 787 ut
623 754 667 786 ad
686 752 804 797 ipsum
824 753 960 787 venias.
1015 752 1109 787 'Nam

102 821 183 843 cum
214 807 368 841 relativo
393 807 512 852 ipsum
536 812 640 846 utor,
676 804 837 849 significo
863 805 973 838 alium
999 816 1111 849 quen-

101 861 206 899 dam,
232 871 308 893 non
333 865 488 904 patrem.
542 857 605 891 Bis
629 857 760 897 vincit,
795 857 857 902 qui
880 870 915 890 se
943 856 1055 889 vincit
1072 857 1110 888 in

100 911 273 952 victoria,
315 911 413 945 aliud
446 910 533 950 erit,
573 909 602 943 si
632 909 744 942 dicas:
792 908 854 942 Bis
881 909 1012 948 vincit,
1049 907 1112 953 qui

99 964 221 1010 ipsum
246 962 359 996 vincit
383 963 421 995 in
446 961 610 996 victoria.
664 959 770 994 Item:
807 960 852 993 Et
872 973 935 995 sua
953 960 1113 994 riserunt

101 1015 243 1050 saecula
269 1015 509 1052 Maeoniden,
546 1025 621 1046 non
646 1013 757 1057 ipsius
784 1013 937 1047 saecula.
1005 1011 1111 1044 Valla

101 1068 294 1112 diligenter
318 1074 353 1100 et
375 1066 512 1100 utiliter
536 1065 721 1110 praecepit
736 1066 778 1098 de
797 1077 863 1099 usu
879 1062 1009 1098 harum
1028 1075 1112 1108 par-

100 1119 316 1159 ticularum,
343 1131 450 1164 quem
470 1117 587 1162 pueri,
614 1117 676 1152 ubi
695 1115 782 1150 haec
797 1117 915 1161 prima
934 1117 1111 1150 elementa

100 1170 382 1217 perdidicerint,
410 1170 612 1204 consulant.

206 1221 491 1266 Interrogativa:
532 1220 641 1265 Quis,
671 1220 800 1259 Cuius,
829 1219 941 1259 Cuia,
971 1219 1115 1258 Culum,

104 1273 236 1308 Cuias?

207 1323 431 1358 Possessiva:

102 1377 241 1411 Vester.

207 1427 383 1462 Gentilia:
423 1426 596 1466 Nostras,
623 1425 781 1460 Vestras.
1141 1438 1145 1663 Ι

487 1322 591 1357 Meus
600 1349 610 1363 ,

655 1322 776 1363 Tuus,
818 1323 930 1361 Suus,
973 1322 1116 1363 Noster,

523 1502 690 1537 Genus.

208 1563 275 1598 Est
297 1563 335 1596 in
360 1563 642 1608 pronominibus
665 1563 834 1608 perinde,
862 1564 954 1596 utin
972 1564 1117 1596 adiecti-

104 1617 157 1651 vis
189 1615 395 1650 nominum.

104 1668 339 1714 pronomina.

465 1615 559 1650 Nam
591 1628 657 1660 per
684 1616 754 1648 tria
780 1627 911 1660 genera
938 1622 1117 1660 vagantur

463 1727 573 1760 Num
587 1737 631 1758 er
642 1738 689 1760 us
705 1726 765 1772 ⁶³).

208 1785 390 1821 Numerus
400 1785 447 1832 64)
469 1786 555 1819 item
573 1793 613 1819 ut
630 1786 667 1819 in
684 1786 904 1821 nominibus.

503 1863 644 1909 Figur
655 1877 673 1897 a
687 1877 715 1899 e.

314 1923 486 1969 Simplex,
617 1931 657 1959 ut
683 1937 760 1970 ego.

311 1975 535 2021 Composita,
616 1983 655 2010 ut
678 1984 840 2022 egomet,
867 1977 975 2012 idem.

159 2035 265 2069 Varie
285 2043 404 2070 autem
426 2044 696 2081 componuntur
715 2038 948 2082 pronomina.

210 2088 376 2122 Primum
398 2088 493 2122 inter
510 2101 568 2129 se,
594 2095 635 2122 ut
651 2087 766 2124 isthic.

210 2140 398 2181 Secundo,
442 2153 522 2174 cum
549 2141 746 2182 adverbiis,
781 2141 936 2181 Eccum,
970 2139 1116 2181 Eccam,

104 2205 172 2237 pro
198 2204 278 2225 ecce
303 2204 407 2233 eum,
443 2204 521 2226 ecce
549 2205 640 2227 eam.
709 2193 848 2234 Ellum‚
894 2205 973 2226 ecce
1001 2193 1115 2227 illum.

104 2243 203 2277 Idem
222 2244 267 2277 ab
283 2244 312 2277 is
331 2250 365 2277 et
380 2245 525 2278 demum
543 2246 593 2279 fit.
1141 2207 1145 2311 '

211 2295 360 2336 Tertio,
402 2309 482 2330 cum
507 2297 686 2341 syllabicis
713 2297 994 2338 adiectionibus,
1029 2303 1115 2336 met,

106 2354 159 2388 te,
188 2359 246 2389 ce,
275 2354 346 2393 pte.

210 2399 288 2433 Met
311 2399 480 2433 adiicitur
503 2400 671 2434 omnibus
691 2401 829 2435 casibus
847 2401 987 2446 primae
1010 2407 1043 2434 et
1062 2413 1114 2434 se-

107 2453 244 2486 cundae
267 2464 465 2497 personae,
493 2459 654 2496 egomet,
682 2460 843 2487 tutemet.

211 2504 264 2537 Te
285 2504 452 2537 adiicitur
471 2505 549 2537 voci
569 2511 629 2545 tu,
660 2512 694 2537 et
712 2512 765 2545 te,
792 2512 832 2539 ut
853 2512 946 2545 tute,
972 2511 1052 2538 tete.

213 2555 282 2596 Ce,
309 2556 519 2601 pronomini
539 2555 616 2595 hic,
644 2555 760 2597 hicce,
788 2555 947 2591 huiusce.

142 2684 191 2715 63)
212 2685 287 2708 Haec
306 2685 450 2715 inscriptio
470 2686 497 2708 in
517 2686 564 2709 Ed.
588 2685 662 2709 1526.
682 2686 769 2708 deest.
1138 2688 1143 2720 ι

143 2727 190 2757 64)
210 2728 362 2756 Numerus]
382 2728 407 2752 in
429 2729 478 2752 Ed.
503 2729 576 2754 1529.
596 2730 619 2752 n.
636 2730 653 2753 i.
675 2730 761 2753 deest.
1138 2723 1143 2753 i

938 88 1272 126 GRAMMATICA
1298 88 1495 127 LATINA.

2093 93 2170 130 298

1264 177 1349 218 Pte,
1378 177 1563 218 ablativis,
1592 190 1692 219 mea,
1720 184 1801 219 tua,
1830 190 1914 219 sua,
1942 186 2087 220 nostra,
2115 192 2174 213 ve—

1162 235 1257 270 stra,
1284 236 1324 262 ut
1342 236 1505 273 meapte,
1534 237 1680 275 suapte,
1709 237 1774 264 etc.

1268 281 1335 314 Sed
1364 282 1402 314 in
1423 279 1479 315 his
1507 282 1832 326 compositionibus
1858 283 2051 317 observent
2070 283 2173 328 pueri

1163 333 1461 375 consuetudinem
1484 334 1673 367 emendate
1694 335 1934 380 loquentium.

1545 410 1574 443 P
1586 423 1603 444 e
1614 423 1632 444 r
1642 424 1656 444 s
1668 424 1688 444 o
1700 424 1723 444 n
1736 424 1752 444 a
1765 424 1795 446 e.

1268 468 1374 502 Tres:
1436 469 1562 503 Prima
1592 470 1667 516 Ego
1681 499 1689 511 ,
1733 472 1895 506 Secunda
1925 472 1982 506 Tu
1996 499 2005 513 ,
2049 472 2173 506 Tertia

1163 518 1243 555 Iste.

1595 573 1748 609 Casu&

1265 636 1379 671 Iidem
1407 635 1471 682 qui
1495 635 1532 667 in
1557 635 1717 668 nomine.
1772 635 1907 669 Verum
1928 635 2086 669 vocativi
2102 647 2177 669 nou

1165 696 1216 724 est
1238 703 1323 723 usus
1350 690 1387 722 in
1414 687 1582 721 omnibus
1608 687 1900 731 pronominibus.
1964 688 2040 729 Tu,
2073 687 2176 721 Meus

1165 748 1199 775 et
1222 741 1375 781 Noster,
1418 739 1617 772 admittunt
1640 739 1848 779 vocativos,
1884 739 2036 774 dicimus
2062 739 2175 773 enim:

1164 793 1215 827 mi
1234 793 1385 838 Virgili,
1410 804 1488 824 mea
1511 791 1730 836 Glycerium.

1269 844 1475 878 Declinatio
1511 849 1563 876 est
1600 855 1641 876 ex
1675 842 1823 875 Donato
1857 844 2033 887 petenda,
2070 855 2176 888 quem

1165 909 1307 942 semper
1331 902 1478 941 oportet
1500 894 1621 939 pueris
1648 894 1686 927 in
1709 894 1877 928 manibus
1903 907 1997 935 esse,
2032 901 2072 928 nt
2095 895 2177 927 inde

1166 949 1372 994 analogiam
1393 948 1430 981 in
1451 946 1668 980 declinando
1688 959 1728 979 ac
1742 946 1972 991 coniugando
1993 947 2143 981 discant.

1482 1023 1546 1057 De
1574 1023 1788 1058 Articulo
1804 1023 1864 1070 65).

1271 1086 1400 1120 Obiter
1425 1083 1482 1118 hic
1503 1085 1657 1118 docendi
1679 1091 1763 1118 sunt
1782 1085 1906 1129 pueri,
1934 1084 2021 1131 quid
2040 1085 2181 1119 intersit

1168 1139 1262 1171 inter
1280 1132 1487 1183 pronomen
1506 1143 1541 1170 et
1558 1137 1762 1170 articulum.
1813 1136 1876 1170 Est
1892 1137 1987 1170 enim
2009 1137 2181 1171 articulus

1168 1202 1244 1223 non
1271 1190 1333 1236 qui
1359 1190 1397 1222 in
1415 1189 1661 1223 Grammatica
1686 1195 1827 1222 tantum
1855 1189 2098 1222 declinatione
2124 1201 2181 1222 ca-

1169 1254 1227 1276 sus
1246 1248 1308 1276 aut
1325 1253 1456 1286 genera
1477 1241 1634 1282 indicat,
1663 1241 1724 1275 sed
1741 1253 1813 1286 quo
1833 1241 1870 1274 in
1887 1253 2056 1275 sermone
2073 1240 2179 1274 etiam

1171 1300 1304 1327 certam
1332 1305 1409 1327 rem
1437 1294 1729 1327 demonstramus
1740 1292 1800 1339 66).
1862 1292 2036 1326 Latinum
2063 1305 2181 1326 exem-

1170 1346 1269 1391 plum
1297 1345 1456 1391 proponi
1479 1345 1619 1379 nullum
1644 1351 1772 1389 potest.
1826 1344 1919 1379 Nam
1937 1344 2090 1379 Latinus
2109 1357 2180 1379 ser-

1141 1427 1144 1434 1
1171 1410 1230 1431 mo
1257 1398 1294 1430 in
1319 1398 1528 1431 universum
1548 1403 1646 1430 caret
1662 1396 1842 1437 articulis,
1871 1394 2181 1441 Ge1·mani⁶⁷)ha-

1170 1451 1257 1483 bent
1284 1450 1473 1490 articulos,
1502 1450 1811 1495 quemadmodum
1835 1455 1869 1481 et
1886 1448 2035 1489 Graeci,
2063 1447 2183 1495 ἄναρ-

1170 1501 1272 1548 θροι]
1295 1508 1367 1542 est,
1396 1514 1475 1535 cum
1501 1500 1678 1545 particula
1703 1500 1761 1533 ein
1784 1506 1952 1533 utuntur:
1987 1500 2035 1535 Es
2054 1500 2099 1534 ist
2123 1501 2181 1533 ein

1171 1565 1256 1586 man
1274 1555 1330 1586 da.
1386 1553 1628 1586 Articulatum
1650 1558 1719 1586 est:
1748 1549 1809 1584 Ich
1827 1550 1897 1585 hab
1916 1554 1997 1586 dem
2016 1565 2101 1585 man
2118 1553 2180 1586 das

1171 1606 1243 1650 gelt
1268 1607 1403 1650 geben,
1446 1602 1570 1640 ἔδωκα
1594 1606 1648 1651 τῷ
1676 1601 1789 1650 ἀνδρὶ
1814 1602 1855 1638 τὸ
1881 1601 2079 1653 ἀργύριον.
2142 1602 2181 1637 ld

1142 1670 1144 1672 ’
1171 1657 1300 1691 Latine
1321 1670 1397 1690 non
1417 1664 1512 1690 recte
1532 1664 1664 1690 vertas:
1695 1656 1789 1689 Dedi
1806 1653 1891 1689 huic
1912 1657 1991 1689 viro
2009 1654 2102 1689 hanc
2120 1668 2181 1700 pe—

1172 1710 1329 1743 cuniam.
1395 1709 1489 1744 Nam
1529 1715 1756 1753 praesentem
1794 1720 1893 1748 rem,
1930 1721 2004 1741 uon
2040 1715 2179 1741 tantum

1172 1768 1328 1801 certam,
1371 1761 1591 1806 pronomina
1626 1762 1891 1794 demonstrant.
1967 1759 2064 1804 Ergo
2100 1773 2179 1793 cum

1170 1812 1294 1846 Latini
1316 1819 1468 1846 utuntur
1500 1812 1675 1856 particula
1700 1812 1767 1845 Hic
1788 1812 1826 1844 in
1848 1811 2085 1852 declinando,
2118 1824 2182 1844 vo-

1170 1866 1318 1899 luerunt
1347 1864 1505 1898 mutuari
1533 1877 1551 1897 a
1577 1864 1795 1909 pronomine
1821 1870 1947 1897 notam
1976 1876 2121 1898 casuum
2148 1870 2182 1896 et

1171 1929 1364 1961 generum,
1392 1929 1467 1950 non
1486 1916 1677 1949 articulum
1698 1917 1854 1957 tradere,
1882 1928 1954 1961 quo
1975 1916 2011 1948 in
2029 1916 2181 1961 loquen-

1171 1970 1217 2002 do
1243 1976 1440 2003 uteremur.
1502 1967 1600 2001 Haec
1621 1968 1808 2001 committo
1837 1967 2002 2001 fidelibus
2035 1979 2179 2011 praece-

1172 2021 1354 2065 ptoribus,
1389 2027 1429 2054 ut
1454 2020 1635 2065 copiosius
1658 2020 1846 2064 explicent.
1921 2019 1996 2053 Nec
2020 2025 2179 2063 praeter-

1172 2074 1289 2106 eunda
1332 2078 1435 2105 erant
1470 2079 1621 2117 propter
1655 2071 1844 2106 stultitiam
1863 2069 1910 2117 6θ’)
1947 2072 2176 2117 quorundam

1171 2124 1535 2164 Grammatistarum,
1577 2124 1639 2170 qui
1681 2125 1882 2157 docuerunt
1897 2121 1944 2169 68)
1987 2123 2176 2156 articulum

1171 2189 1244 2210 esse
1273 2178 1366 2222 apud
1396 2175 1557 2209 Latinos.

1518 2270 1591 2304 DE
1613 2270 1831 2305 VERBO.

1274 2340 1434 2374 Verbum
1466 2347 1518 2374 est
1549 2353 1619 2374 vox
1652 2341 1856 2385 significans
1879 2352 1984 2385 agere
2009 2347 2070 2374 aut
2092 2341 2179 2385 pati,

1169 2399 1208 2426 ut
1232 2393 1444 2431 verberare,
1473 2392 1567 2426 actio
1594 2400 1663 2434 est,
1694 2393 1811 2438 passio
1831 2393 2026 2426 verberari.
2083 2392 2177 2426 Neu-

1170 2452 1222 2478 tra
1241 2457 1386 2491 quoque
1407 2445 1514 2478 verba
1536 2446 1802 2490 propemodum
1824 2445 2026 2489 significant
2043 2445 2174 2489 passio>

1202 2565 1251 2596 635)
1272 2564 1410 2597 Articuio]
1433 2566 1483 2590 Ed.
1505 2573 1527 2590 S.
1544 2572 1586 2590 a.:
1614 2566 1756 2590 Articulis

1202 2607 1249 2639 66)
1272 2609 1519 2638 demonstramus]
1540 2609 1624 2634 Editt.
1647 2610 1733 2639 1546„
1755 2616 1777 2632 s.
1794 2615 1834 2633 a.:
1862 2608 2060 2640 significamus.

1202 2652 1250 2683 67)
1271 2652 1420 2681 Germani}
1443 2653 1527 2678 Editt.
1551 2653 1638 2677 ¹5⁴6..
1660 2660 1682 2675 s.
1703 2658 1744 2676 a.:
1772 2653 1903 2676 Germani
1925 2657 1992 2675 vero

1202 2694 1249 2726 68)
1270 2694 1416 2719 stultitiam
1503 2695 1667 2728 docuerunt]
1695 2696 1778 2720 Editt.
1802 2696 1893 2723 1546.,
1926 2702 1946 2717 s.
1966 2700 2006 2718 a.:

1257 2748 1262 2754 .
1277 2750 1282 2755 .
1302 2731 1471 2755 contendunt

2040 2693 2176 2718 inscitiam
