2389 3037
52 92 129 130 457
257 92 296 127 11.
348 89 674 125 EXHORTATIO
705 87 1014 123 MAXIMHJAM
1044 89 1109 122 AD
1138 87 1340 122 BELLUM
1373 89 1551 124 TURCls
1580 90 1916 127 [aream-DUM.
2045 94 2120 130 453

52 180 250 220 Pontificis,
278 191 378 212 arma
398 179 551 211 abiicere
567 177 692 217 nollet,
709 183 744 210 et
761 177 963 210 minaretur
980 177 1061 209 urbi
1116 188 1198 210 casu
1211 203 1220 217 ,
1248 189 1323 211 non
1348 175 1510 211 humano
1528 178 1699 219 consilio,
1728 180 1789 214 sed
1810 180 1983 215 divinitus
2002 182 2038 215 in
2056 180 2123 216 hoc

51 233 210 272 Romae,
238 232 310 264 iam
330 230 504 265 sollicitus
522 231 567 263 de
590 229 732 274 publica
760 229 939 263 Ecclesiae
963 234 1060 261 tran·
1114 229 1296 273 fastigium
1321 241 1443 263 rerum
1468 227 1712 266 humanarum
1738 239 1902 267 evectum
1927 245 2020 275 esse,
2048 247 2124 268 non

50 284 252 331 quillitate,
287 284 403 329 deque
430 281 553 315 Italiae
584 282 749 315 libertate
776 281 1060 320 Maximilianus,
1084 288 1088 339 1
1114 288 1154 314 ut
1178 281 1360 315 licentiam
1388 279 1538 316 liaberet
1555 297 1701 318 suarum
1720 286 1958 330 cupiditatum
1980 286 2124 331 explen-

52 336 163 370 armis
194 347 235 369 ex
262 333 363 368 Italia
389 331 628 368 retrahendos
654 346 728 368 esse
754 334 878 368 Gallos
910 333 1060 373 censuit,
1114 333 1264 374 darum,
1290 335 1351 368 sed
1367 340 1408 368 ut
1425 335 1534 369 totius
1553 337 1692 380 generis
1707 335 1859 371 humani
1875 338 2023 372 utilitati
2040 351 2124 372 con-

50 388 160 434 idque
188 387 306 422 subito
333 386 526 420 contractis
549 387 689 431 magnis
713 386 844 431 copiis,
872 384 1059 419 concitatis
1085 417 1087 430 ³
1114 385 1267 426 suleret,
1296 392 1329 419 et
1345 392 1385 419 ut
1399 385 1467 419 Dei
1485 388 1637 431 gloriam
1657 401 1697 421 ac
1714 390 1899 434 religionis
1918 391 2123 437 tranquilli-

51 440 160 474 etiam
186 439 312 484 Anglis
340 445 374 472 et
396 438 626 484 Burgundis,
661 439 820 484 perfecit.
881 437 938 471 Ad
966 435 1059 470 hanc
1084 436 1087 492 1
1114 443 1224 470 tatem
1250 438 1444 483 praecipue
1468 440 1686 475 defenderet.
1747 441 1870 486 Quare
1898 445 2040 477 animos
2063 455 2123 477 eo-

49 492 281 526 excellentem
312 490 448 536 ingenii
485 499 592 537 atque
631 490 742 524 animi
777 490 850 523 vim
887 491 1059 524 adiunxe-
1083 514 1086 546 Ξ
1113 502 1215 530 rum,
1244 503 1336 536 quos
1362 491 1473 525 armis
1496 491 1652 533 vicerat,
1679 505 1808 527 sanare
1835 500 1869 527 et
1894 495 1938 527 ad
1964 495 2122 529 officium

50 551 107 579 rat
130 543 382 577 admirabilem
409 545 593 590 quandam
621 542 932 583 moderationem,
966 554 1058 588 quae
1084 548 1086 593 1
1112 554 1283 576 revocare
1309 543 1458 583 maluit,
1493 556 1602 590 quam
1626 545 1788 580 funditus
1815 558 1875 580 eos
1892 547 2022 580 delere.
2074 545 2124 582 Et

50 607 159 642 quam
194 595 395 630 necessaria
417 596 462 630 sit
487 596 523 628 in
546 607 685 630 summa
715 601 912 639 potestate,
948 608 1056 641 quam
1084 609 1085 630 1
1112 607 1217 640 saepe
1253 601 1403 640 propter
1438 597 1740 642 tranquillitatem
1780 596 1977 633 Christiani
2013 599 2124 640 orbis,

49 647 146 682 utilis
168 647 408 693 reipublicae,
445 654 621 694 quantum
649 645 781 680 haheat
801 659 908 681 verae
928 647 1058 687 laudis,
1083 642 1086 682 1
1112 648 1343 692 gravissimas
1367 647 1519 682 iniurias
1545 649 1796 684 dissimulavit.

48 701 211 745 exempla
239 706 445 733 monstrant
471 700 660 746 utriusque
685 700 837 743 generis.
1081 685 1086 738 1
1219 699 1308 734 Cum
1337 706 1436 734 tanta
1464 700 1501 734 in
1525 713 1567 734 eo
1592 701 1756 746 publicae
1773 702 1896 737 salutis
1915 709 2005 737 esset
2025 715 2123 745 cura,

153 753 246 787 Nam
272 750 360 785 haee
386 752 500 785 virtus
525 752 562 784 in
588 752 709 785 multis
740 751 1058 796 praestantissimis
1083 739 1086 790 1
1112 752 1281 787 excitavit
1297 765 1378 786 eum
1397 765 1473 785 non
1491 753 1607 788 solum
1628 754 1812 798 potentia,
1837 756 1897 788 sed
1913 756 2030 788 multo
2046 768 2122 788 ma-

48 802 220 838 heroibus
247 804 492 844 desideratur,
526 804 588 849 qui
612 804 649 837 in
676 803 837 838 victoriis
862 804 946 837 facti
974 810 1059 838 sunt
1082 795 1085 854 1
1112 805 1164 849 gis
1185 804 1335 839 felicitas
1352 805 1509 850 Selymi,
1538 805 1600 851 qui
1625 806 1744 840 subito
1768 807 1905 851 potitus
1923 813 1999 840 erat
2018 807 2121 852 Syria

47 856 264 896 insolentes,
291 856 458 901 superbi,
485 856 665 896 crudeles,
694 862 729 889 et
747 856 869 889 omnia
890 857 935 889 ad
956 869 1056 890 suam
1082 856 1085 910 1
1112 864 1219 903 atque
1238 856 1423 902 Aegypto,
1452 864 1492 891 ut
1517 858 1686 892 omnihus
1702 859 1781 893 aliis
1798 859 1952 903 negotiis
1970 859 2124 901 omissis,

47 907 169 953 potius
190 908 383 942 utilitatem
403 920 465 943 seu
483 908 740 948 ambitionem,
768 921 879 954 quam
898 909 943 942 ad
960 920 1057 941 com-
1082 913 1084 934 1
1111 909 1252 954 Regum
1289 921 1329 942 ac
1362 909 1575 954 Principum
1612 911 1777 945 omnium
1814 911 1924 945 totius
1952 910 2122 956 Europae

47 972 195 994 munem
231 960 383 995 salutem
420 958 610 994 hominum
648 960 862 995 retulerunt.
929 960 1057 1006 Neque
1084 974 1085 1002 3
1112 961 1253 996 animos
1282 963 1327 995 ad
1354 961 1607 1007 reprimendos
1628 962 1767 997 Turcas
1793 964 1988 997 accendere
2015 975 2123 997 cona-

47 1013 143 1046 enim
172 1019 234 1046 aut
250 1012 448 1058 Pompeius
472 1012 648 1047 irritasset
671 1011 863 1046 Caesarem
888 1019 951 1047 aut
969 1012 1057 1046 Cae—
1082 1007 1085 1073 1
1111 1020 1222 1047 retur.
1277 1013 1396 1059 Quam
1419 1015 1463 1047 ad
1481 1026 1557 1047 rem
1578 1012 1735 1049 habebat
1752 1013 1959 1050 hortatores
1982 1015 2122 1050 amicis-

46 1077 106 1100 sar
139 1065 301 1099 irritatus
336 1078 416 1099 cum
454 1072 555 1099 tanto
584 1065 807 1111 reipublicae
836 1065 1055 1099 detrimento
1083 1106 1085 1110 y
1111 1066 1222 1100 simos
1245 1065 1382 1110 Reges,
1425 1067 1641 1111 cognatione
1675 1079 1716 1101 ac
1740 1068 1945 1102 foederibus
1969 1067 2037 1102 sibi
2062 1069 2122 1102 de-

45 1117 226 1162 privatam
244 1117 415 1151 iniuriam
434 1118 531 1152 ultus
545 1124 649 1158 esset,
676 1117 745 1152 nisi
762 1124 914 1164 uterque
933 1118 1055 1151 animo
1082 1131 1084 1165 g
1110 1119 1271 1159 vinctos,
1307 1124 1341 1151 et
1366 1118 1428 1164 qui
1452 1119 1635 1163 periculo,
1668 1121 1765 1166 quod
1792 1132 1810 1153 a
1829 1120 1958 1154 Turcis
1982 1120 2123 1164 impen-

47 1182 113 1203 suo
139 1182 277 1204 morem
304 1183 446 1214 gerere,
476 1182 585 1216 quam
605 1170 642 1203 in
660 1182 852 1203 commune
869 1170 1056 1205 consulere
1110 1172 1237 1209 debat,
1273 1177 1376 1204 erant
1404 1171 1581 1215 proximi,
1608 1171 1831 1206 Vladislaum
1860 1172 1995 1216 Regem
2021 1172 2121 1206 Hun-

46 1222 266 1266 reipublicae
295 1223 489 1256 maluisset.
544 1222 627 1256 Non
653 1222 767 1254 dicam
794 1220 851 1255 hic
875 1223 918 1255 de
945 1222 1056 1268 Sylla,
1081 1228 1084 1267 1
1110 1224 1250 1267 gariae,
1280 1229 1315 1256 et
1335 1223 1606 1267 Sigismundum
1630 1224 1764 1269 Regem
1790 1224 1978 1258 Poloniae.

47 1273 168 1307 Mario
197 1280 231 1307 et
256 1274 453 1313 similibus,
489 1286 644 1319 quorum
672 1286 747 1307 non
773 1275 888 1308 solum
915 1274 1054 1307 infinita
1081 1277 1084 1319 1
1215 1273 1339 1320 ltaque
1373 1287 1453 1309 cum
1486 1276 1625 1310 videret
1655 1278 1700 1309 ad
1729 1289 1805 1310 rem
1832 1283 1971 1310 tantam
1997 1275 2121 1309 Italiae

48 1325 220 1366 ambitio,
257 1327 319 1360 sed
343 1325 536 1359 crudelitas
554 1326 661 1359 etiam
682 1327 871 1360 barbarica
900 1327 985 1360 odio
1003 1327 1056 1359 di-
1082 1336 1084 1365 1
1110 1327 1376 1372 tranquillitate
1397 1340 1486 1372 opus
1507 1340 1601 1368 esse,
1630 1329 1788 1373 primum
1809 1328 1968 1363 Venetos
1987 1329 2121 1362 fractos

46 1389 117 1421 gna
138 1378 216 1411 fuit.
276 1378 424 1423 Quanto
449 1378 528 1422 plus
552 1390 659 1411 verae
683 1378 800 1412 laudis
826 1379 945 1412 meriti
972 1385 1056 1412 sunt
1109 1379 1181 1412 iam
1206 1379 1316 1423 longo
1340 1380 1458 1420 bello,
1487 1392 1528 1413 ac
1552 1387 1713 1425 petentes
1739 1393 1885 1426 pacem,
1914 1380 2020 1415 certis
2035 1392 2120 1413 con-

46 1428 254 1474 Scipiones,
288 1430 351 1475 qui
374 1431 464 1463 adeo
490 1430 591 1463 domi
617 1430 768 1464 modesti
798 1431 965 1471 fuerunt,
1004 1437 1056 1470 ut,
1083 1432 1084 1476 1
1110 1431 1308 1466 ditionibus
1335 1431 1401 1465 sibi
1423 1432 1606 1473 adiunxit,
1635 1439 1669 1466 et
1688 1446 1731 1466 ne
1752 1445 1822 1479 qua
1849 1433 1923 1466 odii
1952 1440 2015 1466 aut
2036 1432 2120 1465 belli

47 1481 214 1527 quamvis
245 1493 321 1514 non
352 1481 490 1515 levibus
518 1482 661 1516 iniuriis
685 1483 895 1527 Provocati‚
933 1490 1055 1516 tamen
1082 1490 1084 1499 ¹
1110 1484 1246 1518 semina
1275 1490 1392 1517 essent
1416 1484 1577 1530 reliqua,
1613 1491 1646 1518 et
1668 1485 1842 1518 beneficio
1869 1484 2029 1518 devincti
2046 1497 2120 1518 me-

45 1531 139 1567 nihil
162 1533 272 1578 paulo
297 1531 545 1568 vehementius
569 1546 729 1580 unquam
757 1535 924 1575 fecerint,
955 1535 1054 1568 nulla
1109 1535 1218 1570 liores
1251 1542 1388 1575 essent,
1425 1536 1563 1583 aliquot
1596 1537 1722 1577 urbes,
1756 1537 1792 1570 in
1818 1538 1949 1583 quibus
1974 1536 2118 1570 Verona

47 1597 143 1618 nova
170 1585 319 1619 consilia
344 1592 469 1618 contra
494 1586 588 1630 leges
610 1587 844 1631 susceperint.
1109 1594 1206 1628 erat,
1234 1588 1331 1621 ultro
1356 1588 1425 1623 illis
1453 1590 1576 1629 cessit,
1611 1602 1651 1622 ac
1678 1591 1852 1623 tenendas
1878 1589 1993 1628 dedit;
2029 1595 2063 1622 et
2081 1594 2121 1622 ut

152 1637 252 1671 Talis
275 1637 343 1671 fuit
365 1637 403 1670 in
428 1637 680 1671 Maximiliano
706 1639 929 1678 moderatio,
964 1651 1055 1673 sem-
1108 1652 1229 1683 regem
1247 1639 1423 1674 Franciae
1450 1642 1494 1674 ad
1518 1654 1748 1675 communem
1770 1642 1880 1676 totius
1899 1641 1996 1675 orbis
2018 1638 2121 1675 Chri-

46 1701 112 1734 per
135 1695 175 1722 ut
198 1701 427 1723 communem
455 1689 552 1723 orbis
578 1690 877 1736 tranquillitatem
905 1691 1055 1735 privatis
1109 1692 1215 1726 stiani
1234 1686 1376 1726 causain
1397 1693 1621 1738 adiungeret,
1650 1706 1774 1738 passus
1793 1700 1844 1728 est
1863 1706 1942 1728 eum
1965 1694 2120 1727 retinere

46 1747 82 1774 et
108 1740 324 1775 utilitatibus
349 1748 383 1774 et
409 1741 594 1775 affectibus
611 1743 817 1775 anteferret.
872 1743 985 1787 Saepe
1004 1743 1055 1775 vi·
1082 1742 1084 1747 ⁴
1108 1742 1374 1779 jMediolanum.

47 1799 126 1826 ctor
149 1805 229 1826 cum
252 1793 368 1826 aliena
388 1805 519 1837 regna,
549 1807 627 1827 cum
649 1796 875 1828 adversarios
894 1795 1055 1829 funditus
1082 1833 1084 1839 Ι
1214 1794 1264 1828 Ita
1299 1803 1422 1841 pacata
1451 1794 1603 1841 Europa
1635 1809 1732 1830 anno
1758 1797 1808 1831 M.
1823 1796 1998 1831 1,.XV111.
2024 1798 2119 1831 Con-

46 1845 165 1878 delere
191 1852 330 1889 posset,
367 1851 488 1878 tamen
516 1847 681 1890 perfectis
710 1846 811 1880 hellis
839 1847 995 1881 ostendit
1019 1859 1054 1880 se
1082 1845 1084 1866 1
1108 1854 1256 1881 ventum
1275 1848 1458 1893 Augustae
1478 1849 1628 1890 indixit,
1656 1851 1693 1883 in
1714 1862 1786 1895 quo
1808 1856 2008 1890 conventu,
2037 1862 2118 1883 cum

44 1897 213 1943 publicae
237 1897 510 1943 tranquillitatis
534 1900 690 1932 tuendae
714 1901 818 1932 causa
837 1912 938 1932 arma
959 1912 1054 1933 sum-
1109 1901 1153 1933 de
1179 1900 1279 1932 omni
1306 1900 1447 1933 ratione
1474 1902 1647 1935 movendi
1671 1902 1755 1935 belli
1786 1903 1957 1936 adversus
1980 1901 2118 1936 Turcas

46 1949 143 1984 sisse.
185 1948 277 1983 Nam
296 1950 468 1994 repressis
487 1948 662 1991 hostibus,
688 1951 748 1997 qui
768 1951 950 1996 publicam
969 1964 1053 1984 con·
1109 1959 1200 1986 esset
1226 1965 1306 1986 cum
1333 1953 1560 1987 Germanicis
1587 1954 1818 1999 Principibus
1840 1955 2117 1993 deliberaturus,

45 2002 284 2035 turbaverant
311 2002 631 2048 tranquillitatem,
659 2010 692 2036 et
716 2003 848 2037 iniusta
866 2004 958 2037 bella
978 2017 1054 2036 mo-
1109 2004 1267 2045 curavit,
1302 2012 1341 2038 ut
1363 2018 1404 2038 eo
1430 2006 1597 2039 venirent
1622 2008 1729 2040 etiam
1749 2006 1909 2039 Romani
1931 2005 2116 2040 Pontificis

47 2060 195 2094 verant,
223 2054 381 2087 mirabili
405 2055 593 2088 clementia
620 2068 682 2089 seu
707 2068 890 2097 errorem,
918 2068 980 2090 seu
1005 2062 1054 2089 te·
1109 2063 1143 2090 et
1166 2057 1329 2091 omnium
1349 2057 1488 2102 Regum
1515 2059 1642 2103 legati,
1669 2065 1709 2092 ut
1730 2059 1880 2103 intelligi
1903 2065 2023 2103 posset
2040 2070 2117 2091 cae-

46 2105 251 2139 meritatem
271 2108 479 2140 condonare
500 2107 626 2141 solitus
646 2114 708 2142 est.
750 2108 800 2141 Ac
818 2109 845 2142 si
866 2108 945 2154 quis
964 2108 1054 2142 alius
1109 2116 1205 2143 teros
1222 2109 1337 2154 Reges
1360 2122 1435 2143 non
1460 2111 1646 2145 defuturos
1672 2124 1745 2145 esse
1771 2111 1957 2144 communi
1975 2122 2115 2144 causae.

46 2157 187 2202 Regum
214 2159 286 2191 ulla
315 2165 452 2199 aetate,
479 2157 537 2193 hic
563 2172 645 2193 vere
667 2161 846 2205 praestitit
869 2161 925 2200 id,
955 2161 1054 2207 quod
1109 2161 1234 2196 Multis
1257 2162 1327 2194 iam
1350 2162 1454 2196 annis
1470 2175 1544 2196 non
1568 2163 1687 2196 fuerat
1710 2163 1936 2208 frequentior
1960 2174 2117 2196 conven-

47 2211 92 2244 ad
116 2223 298 2244 summum
318 2210 452 2255 Regem
474 2212 717 2246 Alexandrum
732 2213 943 2247 Aristoteles
970 2212 1055 2247 scri·
1109 2220 1178 2248 tus.
1217 2214 1310 2248 Nam
1330 2214 1513 2248 Electores
1532 2215 1579 2248 ibi
1600 2222 1702 2248 erant
1717 2228 1789 2255 sex,
1813 2222 1847 2248 et
1866 2215 2117 2248 caeteriPrin-

45 2263 129 2308 psit,
157 2274 237 2296 cum
256 2260 424 2297 hortatur
443 2276 538 2304 eum,
565 2271 604 2297 ut
621 2265 827 2299 meminerit
843 2277 953 2309 regna
974 2265 1055 2298 dari
1109 2266 1203 2311 cipes
1239 2267 1460 2311 potentiores
1489 2267 1653 2313 plerique
1687 2280 1824 2301 omnes.
1887 2267 2049 2301 Aderant
2083 2272 2116 2299 et

45 2314 195 2350 summis
225 2315 330 2355 viris,
363 2322 404 2349 ut
437 2316 606 2349 universo
633 2317 753 2361 generi
782 2315 944 2351 humano
971 2330 1054 2362 pro—
1080 2338 1083 2363 j
1107 2319 1247 2363 Regum
1279 2319 1519 2363 plurimorum
1551 2320 1669 2364 legati.
1730 2319 1863 2354 Leonis
1889 2320 1948 2356 X.,
1984 2318 2115 2353 summi

45 2367 136 2408 sint,
170 2379 245 2400 non
269 2374 309 2401 ut
335 2368 481 2413 superbi
507 2374 539 2400 et
562 2370 813 2404 contumeliosi
833 2370 903 2404 sint
924 2371 1055 2403 adver-
1079 2368 1085 2768 1
1108 2371 1313 2411 Pontificis,
1358 2372 1464 2415 legati
1500 2378 1604 2404 erant
1636 2370 1842 2405 Matthaeus
1865 2371 2024 2415 Langius
2049 2371 2115 2404 Ar-

46 2432 104 2454 sus
126 2419 393 2454 imbecilliores.
1109 2421 1358 2468 chiepiscopus
1376 2423 1659 2467 salzburgensis,
1688 2431 1718 2457 et
1739 2422 1901 2458 Thomas
1921 2423 2115 2457 Caietanus

148 2471 240 2505 Nam
266 2485 346 2506 cum
373 2479 503 2506 natura
530 2479 639 2512 esset,
669 2480 707 2506 ut
733 2486 750 2505 a
781 2473 1055 2518 sapientissimis
1110 2474 1312 2509 Cardinalis
1339 2475 1372 2509 S.
1389 2475 1497 2515 Sixti,
1528 2477 1589 2522 qni
1614 2473 1787 2522 quoniam
1816 2489 1858 2509 ex
1883 2477 1971 2509 urbe
1997 2475 2112 2508 Roma

46 2523 134 2557 viris
158 2524 301 2565 audivi,
330 2524 391 2570 qui
416 2537 496 2558 cum
517 2524 796 2558 familiarissime
816 2533 974 2567 norunt,
1001 2526 1054 2559 in·
1109 2527 1345 2567 adveniebat,
1374 2541 1446 2561 non
1465 2528 1584 2562 statim
1607 2528 1711 2561 initio
1734 2535 1932 2562 conventus
1953 2528 2087 2560 aderat.

46 2575 152 2620 genio
170 2576 447 2617 modestissimo,
464 2576 607 2610 accessit
628 2576 734 2610 etiam
751 2578 973 2612 sanctissima
991 2579 1055 2611 do—
1212 2578 1338 2624 Itaque
1363 2580 1494 2614 Caesar
1528 2579 1632 2613 initio
1661 2580 1870 2625 Principum
1897 2592 1937 2613 ac
1963 2578 2112 2623 populo-

45 2627 159 2661 ctrina
180 2625 405 2662 Christianae
428 2629 634 2674 religionis,
663 2642 754 2675 quae
774 2642 854 2663 eum
878 2630 1055 2664 incitabat
1109 2644 1189 2664 rum
1209 2631 1426 2665 Germaniae.
1453 2644 1576 2666 causas
1603 2633 1760 2672 audivit,
1791 2639 1825 2665 et
1850 2629 2114 2664 controversias

47 2691 126 2713 cum
145 2681 189 2713 ad
207 2686 363 2715 caeteras
379 2681 528 2716 virtutes
544 2682 724 2721 colendas,
744 2688 819 2714 tum
836 2683 992 2715 maxime
1010 2684 1053 2715 ad
1109 2683 1274 2723 diremit,
1302 2696 1347 2717 ne
1374 2697 1443 2729 qua
1472 2685 1611 2728 privata
1638 2684 1811 2718 dissensio
1836 2690 1958 2727 postea
1981 2681 2113 2715 delibe-

46 2732 334 2765 moderationem
355 2733 391 2765 in
412 2733 585 2777 imperio.
614 2740 653 2767 ut
672 2733 891 2768 meminisset
919 2747 954 2768 se
979 2747 1054 2767 non
1110 2736 1268 2769 rationes
1285 2737 1327 2769 de
1345 2736 1437 2768 bello
1459 2736 1615 2769 Turcico
1636 2736 1903 2770 interturbaret.
1933 2734 1977 2768 Et
1998 2746 2113 2779 quon>
