2453 3037
297 124 346 160 95

401 210 558 256 Quintae
575 207 838 253 coniugationis
857 207 986 247 verba,
1015 207 1098 253 quia
1116 205 1298 240 characte-

295 262 454 297 risticam
473 266 729 296 consonantem
749 259 948 303 praesentis
967 271 1042 292 non
1061 265 1216 299 mutant,
1245 260 1299 292 su-

296 322 375 348 tura
410 313 615 348 discrimine
645 317 810 345 accentus
846 317 975 344 notant
994 310 1059 357 ¹⁶),
1110 317 1150 344 ut
1181 308 1300 357 κρίνω

296 368 424 411 κρινῶ.
485 363 573 397 Item
598 362 789 408 aliquotIes
815 362 1035 408 penultimae
1062 362 1195 396 vocalis
1222 375 1300 406 pas-

295 418 415 455 sione,
444 427 535 460 quae
554 421 594 448 ut
608 414 727 448 brevis
751 414 816 455 sit,
852 415 890 447 fit
917 427 934 447 c
958 414 1092 461 ψοίλλω
1118 416 1247 461 ψαλῶ,
1283 426 1300 446 e

297 465 434 511 σπείρω
471 468 612 512 σπερῶ,
656 463 782 512 φαίνω
821 468 950 512 φανῶ,
1000 464 1136 501 στέλλω
1170 467 1300 509 στελῶ,

294 515 429 563 κάμνω
450 519 571 563 καμιῦ.

399 568 452 602 De
471 569 649 602 anomalis
665 566 757 601 nihil
774 569 971 613 praecipio,
992 575 1031 602 ut
1048 567 1186 613 sunt¹⁷)
1205 565 1301 602 καίω

298 617 442 665 καύσω,
469 618 566 655 πλέω
582 617 745 663 πλεύσω,
774 617 844 665 ῥέω
861 617 993 665 ῥεύσω,
1023 618 1122 655 πνέω
1140 615 1300 654 πνεύσω.

297 671 383 706 Item
396 672 441 718 ¹⁸)
464 670 564 717 μέλω
586 668 753 717 μελήσω,
797 670 900 711 αὔξω
927 668 1100 717 αὑξήσω,
1146 677 1180 704 et
1205 670 1302 704 simi-

296 724 343 757 lia
361 723 424 769 ¹⁹),
454 730 487 756 et
505 723 665 757 Atticum
682 730 734 756 est
756 721 901 768 νομίζω
919 725 1039 768 νομιῶ
1058 735 1124 767 pro
1142 719 1301 766 νομίσω.

296 775 378 821 Quo
398 782 502 820 pacto
514 774 560 822 ²⁰)
580 773 686 809 huius
703 776 841 807 formae
860 775 992 808 similia
1011 774 1227 808 afficiuntur.

667 845 783 879 Τυπῶ
811 844 907 877 unde
918 843 934 876 ?

388 905 592 939 Secundum
612 905 773 938 futurum
793 904 1029 948 significando
1051 915 1069 936 a
1090 902 1209 947 primo
1228 914 1303 936 non

301 957 440 997 differt,
474 956 591 989 variat
616 956 660 988 ab
685 968 726 988 eo
752 956 827 990 sola
852 953 1141 989 characteristica
1175 966 1303 988 conso-

297 1015 407 1042 nante
425 1014 574 1042 mutata.
610 1007 668 1040 Fit
684 1013 803 1041 autem
822 1007 969 1041 secundi
987 1007 1100 1041 futuri
1118 1004 1304 1040 character

297 1073 315 1094 e
331 1060 441 1105 primi
458 1059 569 1093 futuri
591 1059 805 1099 formativa,
834 1060 862 1093 si
888 1059 1085 1093 mollescat.
1139 1058 1305 1092 Mutatur

297 1124 381 1157 ergo
400 1110 687 1145 characteristica
708 1110 756 1144 sic
769 1110 830 1157 21).

616 1188 771 1222 Prima
810 1187 983 1231 regula.

409 1257 446 1292 Si
489 1269 657 1302 praesens
700 1256 840 1290 duabus
881 1254 1167 1289 consonantibus
1213 1254 1304 1295 finit,

299 1310 454 1344 transfer
470 1310 506 1342 in
523 1309 684 1342 futurum
711 1309 908 1342 secundum
929 1319 1008 1340 eam
1029 1312 1304 1346 consonantem,

298 1373 391 1408 quae
407 1366 460 1395 est
476 1360 742 1405 coniugationis
760 1359 909 1404 propria
923 1385 932 1399 ‚
960 1365 1000 1392 ut

298 1409 428 1449 τύπτω
443 1414 552 1448 τυπῶ
711 1425 736 1446 π
761 1418 795 1444 et
818 1410 847 1457 β
868 1410 1007 1456 primae
1026 1409 1305 1454 coniugafionis,

297 1462 455 1511 βλάπτω
470 1462 607 1510 βλαβιΐ
739 1462 909 1507 propriae
927 1468 1010 1496 sunt
1021 1488 1029 1501 ‚
1055 1473 1130 1494 non
1145 1473 1180 1497 τ.

568 1540 777 1574 Secunda
810 1539 965 1584 regula
983 1538 1043 1583 2²).

403 1609 466 1643 Sin
484 1609 591 1642 fuerit
609 1608 646 1641 in
664 1607 845 1653 praesenti
862 1607 995 1652 duplex
1019 1617 1179 1640 consona
1203 1602 1245 1648 ζ,
1273 1610 1308 1637 et

301 1663 323 1702 ξ
339 1661 377 1694 in
396 1661 518 1695 futuro
542 1660 683 1705 primo,
711 1660 868 1694 secundo
894 1672 919 1708 y
941 1658 1068 1699 facies,
1105 1664 1145 1691 ut
1166 1653 1307 1703 κράζω,

300 1710 446 1759 κράξω,
475 1714 607 1761 κραγῶ
623 1711 681 1759 2³).
744 1711 841 1745 Idem
867 1712 906 1744 fit
933 1710 1052 1744 verbis
1077 1709 1114 1742 in
1139 1719 1239 1749 σσω,
1269 1713 1309 1741 ut

303 1761 474 1810 ὂρύσσω,
517 1761 661 1811 ὀρύξω,
704 1762 834 1811 ὀρυγιῦ
849 1762 909 1809 23).
979 1762 1043 1795 Sin
1074 1767 1194 1795 autem
1208 1759 1256 1805 24)
1289 1756 1312 1802 ζ

300 1814 409 1849 habet
444 1827 466 1851 σ
499 1816 536 1848 in
568 1816 690 1849 suturo
722 1816 842 1859 primo
868 1814 951 1859 (scis
977 1814 1072 1847 enim
1100 1812 1308 1856 ambiguum

302 1868 459 1911 primum
472 1867 639 1903 >futurum
660 1873 811 1912 quartae
829 1865 1097 1910 coniugationis
1122 1863 1231 1910 esse),
1257 1875 1309 1897 se-

302 1920 419 1952 cundo
439 1917 464 1954 ὃ
481 1919 596 1952 facies.
652 1914 807 1965 φράζω,
832 1914 990 1965 φράσω,
1022 1913 1171 1963 φραδῶ.
1335 1887 1338 1967 i

1335 1972 1339 1992 ι

590 2004 752 2038 Tertia
780 2004 941 2048 regula
957 2003 1017 2050 25).

407 2074 445 2108 Si
462 2073 568 2107 unica
588 2072 769 2117 praesenti
788 2083 946 2106 consona
965 2071 1002 2104 in
1018 2072 1087 2104 fine
1110 2069 1175 2110 sit,
1212 2076 1311 2104 ante·
1335 2030 1340 2121 Ι

1337 2126 1339 2141 l

1337 2142 1339 2157 1

306 2138 414 2173 quam
449 2122 695 2170 diphthongus
725 2124 789 2164 sit,
833 2122 1007 2157 intercide
1041 2119 1310 2167 diphthongum

343 2229 388 2260 16)
409 2226 519 2260 notant]
535 2228 575 2252 sic·
590 2228 674 2254 Editt.
687 2228 761 2252 1542.
778 2234 855 2258 sqq.;
876 2227 959 2252 Editt.
977 2227 1170 2251 1522—1541.
1192 2227 1259 2251 nota

344 2273 391 2301 17)
412 2273 490 2300 sunt]
511 2272 538 2295 in
558 2272 642 2295 Editt.
664 2271 855 2294 1522-1541.
875 2271 963 2295 deest.

343 2315 389 2347 18)
409 2314 483 2339 πλέω
499 2328 533 2332 —
551 2315 632 2343 item]
653 2314 679 2337 in
700 2313 783 2337 Editt.
800 2313 996 2338 1522—1541.
1014 2314 1121 2338 desunt.

347 2360 393 2388 19)
412 2355 487 2386 αὔξω
506 2372 539 2374 -
558 2358 687 2386 similia]
707 2358 740 2380 ab
760 2356 820 2380 iisd⁴
840 2357 922 2381 Editt.
941 2359 1051 2383 absunt.

341 2401 390 2433 20)
411 2400 499 2434 νομιῶ
510 2402 645 2430 —pacto]
662 2400 702 2424 sic
717 2400 802 2425 Editt.
816 2400 890 2424 1542.
906 2407 982 2430 sqq.;
1002 2400 1087 2425 Editt.
1104 2399 1313 2425 1522—1541.:
1340 2396 1341 2412 ἶ

380 2437 488 2468 νομίσω
508 2435 612 2468 νομιῶ,
634 2435 675 2459 sic
1341 2441 1343 2464 ¹,

343 2480 393 2506 21)
412 2480 536 2502 Mutatur
555 2491 589 2495 -α
611 2478 675 2506 sicu]
701 2477 728 2500 in
747 2477 829 2501 Editt.
853 2477 969 2501 1522⁸-
987 2477 1063 2502 1541.
1091 2478 1125 2501 ab
1151 2477 1193 2500 his
1221 2475 1315 2500 verbis
1341 2469 1343 2499 ἶ

379 2515 491 2543 subseq.
513 2513 606 2536 Prima
625 2513 732 2542 Regula
752 2512 855 2541 incipit.
1342 2521 1343 2541 l

345 2557 394 2585 22)
415 2557 490 2580 Haec
508 2555 653 2585 inscriptio
673 2556 706 2578 ab
727 2555 810 2579 Editt.
827 2554 1021 2578 1522—1541.
1042 2556 1129 2579 abest.
1342 2552 1343 2555 ¹

346 2600 396 2628 23)
417 2596 505 2630 κράζω
525 2600 577 2622 etc.
599 2613 626 2615 ῳ
652 2594 762 2629 ὀρύσσω
782 2596 847 2629 ctcz]
874 2598 941 2621 haec
966 2598 1018 2621 duo
1040 2598 1165 2628 exempla
1184 2596 1211 2621 in
1231 2596 1316 2621 Editt.

384 2634 492 2658 1522—
504 2634 577 2657 1541.
595 2639 648 2656 non
664 2634 688 2658 11,
704 2634 738 2662 1,,
760 2633 808 2655 sed
824 2633 851 2655 in
867 2633 945 2655 huius
967 2633 1083 2662 regulae
1101 2633 1154 2656 fine
1175 2633 1316 2663 leguntur.

346 2676 394 2706 24)
414 2677 462 2699 Sin
476 2677 582 2704 autem]
600 2675 639 2698 sic
654 2675 736 2698 Editt.
750 2674 825 2698 15⁴2.
843 2681 919 2704 sqq.;
941 2674 1022 2698 Editt.
1041 2674 1251 2699 1522—1541.:
1271 2674 1319 2698 aut

345 2718 394 2749 25)
415 2719 510 2743 Tertia
529 2719 641 2751 regula]
663 2718 702 2741 sic
725 2718 807 2742 Eunt.
829 2718 902 2742 ¹542.
921 2724 997 2747 sqq.;
1029 2717 1318 2742 Euitt.1522—1541.
1344 2731 1345 2734 =

383 2755 516 2778 Secunda.

870 120 994 156 PHIL.
1032 120 1145 156 MEL.
1174 119 1380 155 SCRIPTA
1412 117 1754 154 PHILOLOGICA.

2305 120 2357 156 96

1353 217 1511 240 consona
1532 212 1720 245 manente,
1747 212 1787 239 ut
1804 201 1934 253 φεύγω
1952 207 2083 253 φυγῶ,
2114 202 2226 240 λείπω
2247 208 2357 251 λιπῶ,

1353 256 1497 293 {ted-900
1517 257 1658 302 ἐλυθῶ,
1687 255 1856 303 οἰκτείρω
1875 258 2054 302 οἶκταροΐ,
2081 255 2233 304 φθείρω
2249 257 2357 305 φθα-

1354 312 1431 356 ρῶ,
1461 306 1601 355 σπείρω
1618 311 1762 354 σπαρῶ.
1818 309 1875 342 Sic
1891 310 1934 341 de
1954 308 2032 342 aliis
2061 308 2208 354 quintae
2233 309 2359 343 coniu-

1355 361 1531 406 gationis,
1576 367 1616 394 ut
1648 359 1784 395 στέλλω
1815 362 1951 395 σταλῶ.
2020 359 2253 406 Quamquam
2282 372 2359 394 non

1354 411 1443 446 haec
1466 419 1605 446 tantum
1620 439 1629 453 ‚
1670 412 1730 446 sed
1755 418 1789 444 et
1812 418 2034 444 caeterarum
2059 412 2359 456 coniugationum

1357 477 1416 505 ea,
1454 477 1546 509 quae
1575 464 1749 509 liquidam
1773 469 1855 496 ante
1880 476 1895 497 ε
1922 461 2056 496 habent
2081 464 2117 496 in
2146 463 2361 508 penultima,

1355 530 1371 551 ε
1388 517 1425 549 in
1443 529 1466 550 α
1486 522 1647 555 vertant,
1683 522 1721 549 ut
1745 513 1865 549 πλέκω
1889 517 2042 560 πλακιῦ,
2076 512 2199 562 τρέπω
2226 517 2360 563 τραποῦ

1356 567 1494 613 etc.²⁶).

1460 627 1523 660 Sin
1541 626 1674 660 vocalis
1694 626 1799 659 unica
1824 637 2021 659 consonam
2047 625 2185 670 praeit,
2212 627 2360 671 longam

1356 679 1394 712 in
1431 678 1623 723 ancipitem
1641 677 1688 723 Ἦ)
1724 678 1869 710 brevem
1905 678 2124 711 transforma
2161 676 2298 727 τρώγω
2312 677 2362 725 ²⁸)

1356 732 1508 778 τραγιῦ,
1535 731 1631 763 unde
1652 727 1901 777 τραγήματα,
1929 729 1966 761 id
1985 736 2056 770 est,
2084 729 2233 762 bellaria
2253 742 2363 775 quae-

1357 794 1498 827 cunque
1517 794 1577 815 esu
1594 787 1690 826 apta.

1463 842 1571 887 Quod
1590 841 1674 887 si29)
1693 841 1824 875 vocalis
1843 854 1906 886 per
1923 853 1997 875 sese
2015 841 2135 874 brevis
2154 847 2228 882 est,
2263 839 2362 876 haud

1359 906 1443 927 raro
1461 893 1576 928 simile
1601 899 1653 927 est
1676 894 1872 927 secundum
1899 894 2061 926 futurum
2085 892 2287 937 praesenti,
2323 900 2365 928 ut

1358 943 1453 993 λέγω
1470 947 1587 993 λεγιῦ,
1616 945 1724 990 idque
1734 944 1781 990 3⁰)
1802 946 2022 978 internosces
2038 950 2141 985 tono,
2169 950 2209 978 ut
2224 940 2364 992 γράφω

1356 996 1570 1045 νραφῶᾞ)

1462 1056 1515 1090 De
1541 1056 1715 1101 impuris,
1754 1056 1915 1102 inquies,
1952 1055 2069 1089 verbis
2097 1053 2188 1089 haec
2210 1061 2364 1091 tantum.

1357 1107 1471 1152 Igitur
1514 1115 1547 1142 et
1592 1120 1768 1153 purorum
1814 1108 2009 1141 verborum
2044 1108 2200 1142 secunda
2241 1108 2365 1142 futura

1357 1166 1491 1194 statuo.

1687 1235 1839 1268 Prima
1868 1236 2038 1280 regula.

1464 1303 1650 1349 Disyllaba
1682 1303 1909 1338 circumflexa
1942 1316 2008 1337 nec
2039 1305 2196 1337 secunda
2229 1305 2365 1347 futura,

1358 1367 1424 1388 nec
1451 1357 1627 1389 secundos
1654 1355 1808 1389 aoristos
1824 1355 1980 1395 faciunt,
2008 1361 2047 1388 ut
2065 1357 2182 1397 ποιῶ,
2212 1362 2247 1389 et
2264 1356 2364 1390 simi-

1358 1406 1427 1452 lia,
1457 1419 1549 1453 quae
1569 1413 1650 1440 ante
1668 1409 1699 1441 ιῦ
1715 1413 1975 1441 consonantem
1996 1418 2072 1439 non
2089 1404 2235 1442 habent.

1656 1491 1861 1525 Secunda
1889 1492 2064 1536 regula.

1465 1561 1621 1607 Reliqua
1640 1561 1769 1595 inflexa
1786 1567 1868 1594 ante
1891 1564 1922 1597 αἶ
1946 1567 2208 1595 consonantem
2232 1559 2368 1596 haben-

1362 1614 1432 1654 tia,
1477 1613 1672 1647 admittunt
1699 1613 1903 1660 quidemffl)
1928 1614 2085 1647 secunda
2109 1613 2229 1646 futura
2255 1620 2291 1647 et
2314 1626 2367 1648 se-

1363 1666 1500 1699 cundos
1525 1664 1697 1705 aoristos‚
1733 1666 1796 1699 sed
1818 1665 1945 1710 primis
1970 1665 2106 1710 syllaba
2130 1676 2202 1698 una
2225 1665 2369 1699 brevio-

1363 1717 1495 1764 resss'2),
1523 1723 1562 1750 ut
1578 1714 1726 1758 δουπῶ,
1753 1713 1956 1763 δουπήσω,
1984 1715 2194 1762 ἐδούπησα,
2222 1714 2368 1759 ὃουπῶ,

1363 1767 1526 1805 ἔδουπον
1536 1768 1603 1815 ³³),
1631 1780 1853 1815 quamquam
1880 1775 1914 1802 et
1937 1766 2024 1802 haec
2041 1768 2090 1803 eis
2107 1774 2273 1812 tempora
2289 1780 2366 1803 non

1364 1827 1448 1856 sunt
1465 1821 1650 1866 sequentia
1669 1821 1879 1854 admodum.

1467 1873 1563 1906 Pura
1582 1884 1657 1905 non
1675 1872 1803 1906 inflexa
1819 1872 1869 1906 sic
1885 1872 2001 1904 forma
2016 1897 2025 1911 ,
2052 1877 2091 1904 ut
2112 1866 2248 1906 παύσω
2269 1872 2368 1915 ποιῶ,

1362 1920 1494 1959 κατ’σω
1512 1926 1593 1959 καιῦ
1606 1923 1665 1969 3⁴⁸).

1732 1998 1854 2046 ἕτυψα
1886 1999 1981 2031 unde
1992 1996 2007 2030 ἓ

1468 2059 1640 2094 Aoriston
1658 2059 1816 2103 primum
1839 2065 1909 2099 est,
1937 2057 2123 2103 praeteriti
2144 2057 2373 2103 significatio,

1365 2117 1405 2144 ut
1433 2123 1451 2144 e
1489 2111 1737 2156 superioribus
1768 2110 1893 2157 liquet.
1961 2109 2157 2144 Formatur
2194 2122 2214 2143 a
2249 2110 2372 2144 futuro

1399 2229 1449 2259 26)
1470 2231 1638 2287 Qtuamquam
1657 2241 1691 2245 —-
1710 2226 1806 2260 τραπιιῖ
1825 2227 1895 2255 etc]
1922 2227 1955 2250 ab
1982 2225 2066 2250 Editt.
2089 2225 2204 2251 1522-
2219 2226 2297 2253 1541,
2321 2227 2373 2252 ah-

1436 2271 1487 2288 sun
1504 2284 1511 2289 .

1402 2317 1452 2345 27)
1471 2316 1633 2346 ancipitem]
1653 2315 1679 2339 in
1698 2315 1782 2338 Editt.
1800 2313 1992 2338 1522—1541.
2013 2314 2101 2338 deest.

1401 2366 1448 2398 28)
1467 2364 1578 2398 τρώγω]
1597 2366 1647 2389 Ed.
1668 2365 1743 2389 1538.
1764 2370 1862 2389 errore
1882 2366 2009 2396 typogr.:
2035 2362 2129 2399 τράγω

1405 2420 1455 2448 29)
1474 2419 1513 2448 si]
1536 2419 1562 2442 in
1582 2418 1631 2443 Ed.
1648 2418 1722 2441 1538.
1742 2418 1853 2443 excidit.

1405 2472 1455 2501 30)
1475 2469 1568 2503 idque]
1589 2471 1615 2493 in
1636 2470 1719 2494 Editt.
1737 2469 1928 2493 1522—1541.
1950 2469 2038 2493 deest.

1403 2523 1451 2555 31)
1471 2521 1598 2556 wama]
1616 2523 1700 2549 Editt.
1719 2522 1910 2546 1522—1541.
1930 2522 1956 2546 1ι.
1970 2522 1987 2546 1.
2007 2520 2127 2545 addunt:
2147 2520 2217 2544 Item
2232 2517 2374 2552 χραισμαῗ.

1404 2574 1456 2633 32.)1
1473 2574 1581 2632 quidtem
1600 2575 1628 2598 et
1645 2574 1694 2597 sed
1709 2573 1804 2603 primis
1817 2586 1852 2590 —
1868 2571 2027 2601 breviores]
2041 2571 2069 2595 in
2082 2570 2168 2595 Editt.
2183 2570 2374 2596 1522—1541.

1459 2616 1528 2633 esun
1545 2626 1550 2632 .

1405 2662 1454 2690 33)
1476 2661 1535 2684 Hae
1559 2661 1577 2684 5
1602 2660 1707 2684 formae
1733 2666 1776 2689 gr.
1803 2660 1830 2683 in
1857 2659 1941 2683 Editt.
1964 2658 2168 2683 1522-1541.
2197 2658 2263 2689 post
2288 2657 2376 2683 verba

1441 2695 1613 2727 „sequentia
1633 2693 1813 2719 adanodum.''
1835 2695 1973 2725 leguntur.

1403 2748 1451 2776 34)
1472 2746 1567 2773 κιιὺσω
1586 2746 1667 2780 menz]
1690 2749 1723 2772 ab
1743 2747 1827 2772 Editt.
1846 2747 2039 2772 1522—1541.
2061 2747 2171 2771 absunt.
