2389 3037
77 93 154 132 489
354 91 412 128 Ill.

77 182 132 217 bis
149 192 295 227 quoque
312 179 538 225 diligentiam
555 185 591 213 et
606 179 711 212 fidem
728 179 984 224 praestandam
1000 190 1089 219 esse,

78 240 138 274 ut,
169 239 348 279 quantum
374 244 394 266 a
422 232 528 266 nobis
551 231 738 277 provideri
761 237 898 276 potest,
930 231 1088 264 maxime

76 285 250 320 idoneum
276 285 471 330 eligamus,
511 296 581 330 qua
607 283 645 317 in
672 296 710 317 re
733 284 892 329 primum
918 281 1087 317 habenda

77 344 130 373 est
151 337 246 371 ratio
270 337 391 382 legum
416 342 647 377 nostrarum,
683 342 718 370 et
741 335 989 370 iurisiurandi.
1040 334 1088 368 Et

78 389 253 437 quoniam
270 386 329 422 hic
348 401 559 434 congressus
575 389 760 423 institutus
779 394 843 429 est,
867 399 943 421 non
959 393 1000 421 ut
1015 387 1087 421 suf-

75 441 190 487 fragia
216 442 395 481 feramus,
430 442 491 475 sed
516 448 556 475 ut
572 441 685 475 libere
704 441 975 486 colloquamur,
1003 451 1085 473 cum

76 495 121 528 de
143 493 312 528 universa
335 493 540 538 republica,
567 499 643 527 tum
663 495 708 527 de
724 493 916 526 electione:
953 491 1086 532 dicam,

76 545 164 593 quid
181 543 271 579 mihi
290 545 446 579 maxime
464 547 631 580 videatur
648 558 666 579 e
684 544 869 590 republica
886 556 972 579 esse.
1008 543 1085 578 Etsi

76 604 197 632 autem
229 597 381 632 mirifice
413 610 528 643 angor
559 598 681 631 animo
717 598 761 630 de
786 603 918 631 eventu
943 596 1086 630 electio-

74 649 149 684 nis:
198 656 322 684 tamen
362 648 451 684 haec
492 663 549 684 res
584 647 753 683 nonnihil
788 649 885 683 levat
919 649 1083 683 animum

74 714 197 736 meum
219 714 324 743 cura,
358 704 457 748 quod
479 708 583 736 antea
608 701 761 747 polliciti
783 701 885 743 estis,
922 714 986 736 vos
1008 713 1083 735 non

76 754 332 789 commissuros
356 767 451 795 esse,
480 761 520 788 ut
535 754 706 799 suffragia
723 754 949 788 dissentiant.
1003 753 1085 788 Dis-

76 807 211 852 putabo
237 807 348 851 igitur
373 806 542 847 liberius,
571 819 726 852 vosque,
754 813 795 840 ut
818 806 913 840 idem
931 805 1084 847 faciatis,

75 856 264 892 adhortor.
318 858 460 892 DeInde
477 859 616 893 collatis
636 858 890 903 opinionibus,
917 858 993 892 sine
1011 857 1085 903 pri·

75 911 166 945 vatis
185 910 390 952 affectibus,
426 917 465 944 ut
487 912 589 944 decet
614 911 814 956 principes,
849 923 1006 956 quorum
1030 922 1084 944 sa·
1110 926 1113 959 ἐ

74 963 232 1008 pientiae
258 969 293 996 et
316 963 443 997 virtuti
467 975 523 998 res
542 964 705 997 omnium
723 963 879 996 maxima
901 974 1085 996 commen-

75 1016 158 1048 data
182 1021 252 1055 est,
279 1027 391 1049 unam
415 1015 630 1049 sententiam
654 1015 846 1059 eligemus,
875 1027 967 1061 quae
986 1014 1084 1048 vide-

74 1067 173 1101 bitur
186 1066 376 1101 utilissima
397 1068 589 1102 universae
605 1067 826 1112 reipublicae
844 1065 1083 1102 Christianae.

75 1119 251 1154 Existimo
279 1132 345 1154 vos
374 1132 499 1154 omnes
534 1121 577 1153 de
604 1120 719 1154 tribus
747 1119 933 1154 sententiis
962 1119 1083 1165 dispu-

75 1178 168 1205 tare:
198 1183 245 1204 an
261 1184 324 1205 rex
341 1172 480 1206 Galliae
497 1172 542 1206 sit
559 1173 605 1206 ad
621 1171 818 1217 Imperium
836 1173 1084 1212 accersendus,

76 1230 138 1258 aut
159 1223 311 1258 Carolus
336 1223 413 1258 Rex
436 1224 652 1269 Hispaniae;
699 1236 745 1257 an
771 1236 856 1257 vero
883 1224 994 1258 satius
1026 1224 1083 1265 sit,

75 1276 234 1321 aliquem
266 1275 397 1320 eligere
423 1288 465 1310 ex
490 1276 639 1310 caeteris
664 1276 884 1310 Germaniae
910 1276 1083 1322 principi-

73 1328 159 1368 bus,
193 1327 257 1373 qui
280 1328 413 1362 virtute
437 1335 471 1362 et
497 1329 658 1373 potentia
683 1329 762 1363 aliis
789 1329 1003 1362 antecellere
1030 1329 1083 1362 vi-

74 1380 214 1413 deatur.
256 1379 311 1413 De
330 1378 386 1414 his
404 1381 573 1415 omnibus
589 1392 768 1426 exponam
786 1381 946 1414 breviter
963 1393 1081 1415 meam

74 1431 298 1478 opinionem.

177 1483 233 1518 De
249 1484 355 1519 Gallo
380 1483 541 1518 arbitror
563 1497 630 1519 nos
654 1484 824 1530 impediri
847 1485 981 1520 nostris
996 1485 1083 1530 legi-

73 1538 160 1577 bus,
189 1543 224 1570 et
246 1536 495 1572 iureiurando.
549 1536 613 1571 Est
638 1537 733 1570 enim
756 1537 887 1571 diserte
909 1538 1083 1572 constitu-

75 1595 170 1629 tum,
205 1601 250 1622 ne
275 1595 419 1629 extero,
453 1589 515 1624 sed
538 1589 758 1623 Germanico
786 1589 944 1635 principi
968 1591 1083 1635 impe-

75 1641 168 1675 rium
204 1642 518 1681 commendemus,
553 1653 599 1674 ne
633 1639 702 1675 hoc
730 1648 870 1675 tantum
900 1644 1008 1676 decus
1036 1643 1082 1676 ad
1108 1669 1111 1687 3

75 1700 213 1729 exteras
234 1693 402 1727 nationes
428 1694 687 1733 transferatur,
720 1700 754 1726 et
770 1706 845 1727 non
865 1695 975 1728 modo
993 1695 1083 1728 Ger-

74 1745 196 1779 mania
221 1745 343 1779 veniat
370 1745 409 1778 in
431 1746 661 1786 servitutem,
692 1746 753 1779 sed
780 1746 887 1779 etiam
913 1746 950 1779 in
967 1745 1082 1787 Italia,
1108 1769 1110 1784 2

902 1797 976 1833 Nec
994 1811 1080 1832 vero

1108 1859 1109 1863 ’
1134 1851 1207 1890 bat,
1237 1853 1412 1896 quosdam
1433 1852 1503 1885 iam
1525 1854 1748 1899 principatus
1768 1855 1941 1900 rapuisse,
1970 1855 2141 1901 brevique

75 1804 137 1832 aut
153 1804 249 1832 statu
266 1797 466 1839 Ecclesiae,
493 1797 647 1831 mutatio
664 1804 847 1844 sequatur.

74 1850 224 1884 dubium
262 1857 333 1891 est,
376 1850 512 1895 Regem
542 1850 721 1883 Gallicum
749 1863 823 1884 esse
847 1850 1080 1895 peregrinum

74 1902 296 1948 principem,
324 1909 359 1936 et
383 1915 424 1936 eo
451 1909 621 1947 appetere
644 1900 713 1936 hoc
736 1902 916 1947 fastigium
931 1930 940 1943 ,
974 1910 1015 1937 ut
1035 1904 1080 1937 ad

72 1967 156 1990 suos
181 1955 397 1995 transferat,
425 1954 516 1989 sicut
539 1954 634 1988 idem
662 1954 818 1989 maiores
842 1955 952 2000 ipsius
974 1967 1080 2001 saepe

73 2007 184 2042 armis
201 2008 246 2040 ad
261 2019 297 2041 se
316 2004 500 2040 retrahere
519 2007 640 2040 conati
655 2013 749 2042 sunt.
793 2007 866 2042 Nec
887 2008 963 2042 sine
983 2020 1080 2042 acer-

72 2059 175 2095 rimis
200 2059 516 2100 dimicationibus,
553 2059 704 2094 Carolus
726 2059 894 2100 Crassus,
922 2067 955 2094 et
974 2059 1079 2094 Otto-

72 2124 156 2153 nes,
189 2111 450 2158 possessionem
476 2110 622 2156 Imperii
645 2112 682 2144 in
699 2112 895 2146 Germania
921 2113 1079 2147 retinue-

72 2170 169 2198 runt.
223 2164 332 2209 Quod
358 2170 476 2197 autem
500 2164 612 2210 aliqui
634 2165 793 2198 reserant
810 2171 986 2199 vetustam
1007 2165 1079 2198 ori-

72 2216 192 2261 ginem
221 2215 446 2249 Francorum
476 2215 614 2261 Regum
651 2218 695 2250 ad
724 2217 950 2258 Germanos,
990 2215 1078 2251 haec

71 2268 208 2302 leviora
234 2274 338 2309 sunt,
375 2280 483 2314 quam
508 2274 548 2302 ut
571 2268 751 2314 principes
775 2276 874 2303 tanta
900 2270 1076 2314 sapientia
1104 2284 1105 2305 ι

72 2327 107 2354 et
131 2320 308 2365 gravitate
332 2321 517 2365 praeditos
544 2333 690 2354 movere
715 2322 880 2356 debeant.
935 2322 1077 2357 Consti-

72 2372 163 2406 tutio
181 2373 339 2418 postulat
357 2373 464 2406 talem
484 2372 586 2417 eligi,
615 2374 676 2419 qui
697 2386 778 2408 vere
797 2374 843 2408 sit
862 2372 988 2409 haeres
1012 2375 1076 2408 ali-

72 2424 173 2459 cuius
203 2425 371 2465 ditionis,
407 2437 498 2471 quae
526 2423 608 2458 huic
632 2432 756 2459 nostro
780 2425 936 2471 Imperio
960 2433 1074 2472 paret.

71 2476 220 2523 Alioqui
246 2477 275 2511 si
297 2477 379 2511 illae
398 2484 535 2511 veteres
552 2478 696 2511 fabulae
714 2479 827 2513 Gallis
845 2480 1075 2524 patrocinan-

73 2534 151 2568 tur,
178 2529 328 2573 perinde
344 2536 517 2574 poterunt
543 2542 560 2562 a
578 2529 708 2564 Turcis
723 2530 874 2564 Troiam
899 2539 1074 2577 repetere,

73 2586 180 2626 atque
211 2592 230 2613 a
256 2581 360 2615 nobis
388 2582 597 2627 imperium:
646 2582 728 2628 quia
756 2581 946 2627 perhibent
970 2598 1006 2619 se
1030 2586 1074 2617 ab

72 2631 237 2666 Hectoris
272 2633 345 2666 filio
381 2641 480 2668 ortos
514 2647 598 2668 esse.
662 2634 751 2667 Cum
788 2636 896 2679 igitur
925 2643 1074 2677 constet,

73 2684 213 2718 excludi
240 2684 417 2719 Gallicum
454 2687 589 2731 Regem
626 2687 881 2722 constitutione
918 2690 1074 2734 publica,

74 2748 182 2782 quam
200 2737 308 2771 iurati
328 2738 365 2771 in
383 2738 554 2773 electione
574 2740 777 2786 sequimur:
807 2738 895 2773 nibil
915 2754 1004 2785 opus
1023 2749 1073 2776 est

467 91 532 126 DE
559 89 838 127 ELECTIONE
864 90 931 126 ET
960 90 1317 128 CORONATIONE
1346 92 1527 128 CAROLI
1553 94 1596 130 V.
1626 94 1866 131 CAESARIS.

2068 96 2145 133 490

1142 178 1249 223 longa
1285 179 1553 224 disputatione,
1597 194 1807 229 quanquam
1845 182 1952 217 etiam
1986 184 2015 218 si
2047 185 2149 218 natio

1141 228 1232 264 nihil
1267 231 1481 277 impediret,
1524 234 1768 269 dissuaderem
1802 233 1898 269 hanc
1924 236 2149 271 electionem.

1140 282 1306 317 Primum
1343 284 1441 317 enim
1477 285 1514 318 in
1544 286 1779 321 Germaniam
1818 289 2051 323 adducendus
2082 288 2151 322 erit

1141 334 1278 369 Gallus.
1340 336 1528 381 Quantum
1558 351 1598 372 ea
1628 339 1665 372 in
1699 352 1738 373 re
1764 340 1916 385 periculi
1943 341 2031 381 erit,
2068 353 2149 375 cum

1141 387 1315 421 exercitus
1339 388 1551 432 peregrinus
1573 390 1811 426 distribuetur
1839 393 1877 426 in
1902 393 2008 427 urbes
2033 391 2151 437 Impe-

1139 438 1201 472 rii!
1256 439 1314 472 An
1340 441 1570 484 superbiam,
1607 449 1641 476 et
1661 443 1829 479 libidines
1855 445 2017 492 equitum
2037 445 2150 479 Galli-

1139 503 1265 525 corum
1287 491 1449 527 civitates
1465 494 1605 528 ferent?
1660 495 1728 530 Sed
1746 497 1843 530 aliud
1863 497 2049 543 impendet
2069 509 2150 542 gra·

1140 543 1218 578 vius
1244 544 1395 579 malum.
1452 544 1581 580 Veniet
1605 547 1772 583 inimicus
1796 548 1950 591 Carolo,
1980 551 2078 595 quod
2103 562 2148 583 ne

1140 595 1196 630 cui
1227 597 1378 631 dubium
1415 596 1481 638 sit,
1521 598 1594 632 iam
1630 600 1763 634 bellum
1800 602 2054 636 denuntiatum
2084 608 2148 643 est,

1139 647 1289 695 antiqua
1334 650 1480 683 foedera
1524 650 1829 696 Burgundionum
1875 661 1909 688 et
1955 653 2147 688 Gallorum

1138 701 1298 736 rescissa.
1351 701 1492 736 Bellum
1521 703 1628 736 etiam
1650 704 1805 750 Neapoli
1823 705 1956 740 inferre
1975 706 2145 741 decrevit.

1137 751 1262 799 Itaque
1281 766 1361 787 cum
1385 755 1638 790 detrectabunt
1654 757 1847 802 imperium
1867 758 2056 793 Gallorum
2074 758 2148 792 Au-

1138 806 1259 839 striaci
1287 812 1319 839 et
1335 806 1488 851 Belgae,
1517 814 1551 841 et
1576 806 1763 843 habebunt
1786 810 1846 843 alii
1872 811 2027 844 aliorum
2047 811 2147 855 prin-

1139 857 1259 902 cipum
1297 859 1414 892 studia
1451 866 1559 906 atque
1593 862 1742 895 auxilia:
1784 862 1954 897 videbitis
1982 874 2146 896 arsuram

1139 910 1235 943 civili
1262 910 1357 944 bello
1381 911 1589 946 universam
1616 913 1865 948 Germaniam.
1920 915 2037 948 Porro
2065 927 2145 948 cum

1139 962 1207 994 alia
1242 963 1347 1010 nobis
1380 964 1633 1009 prospicienda
1667 973 1766 1000 sunt:
1810 974 1886 1000 tum
1920 964 1989 1000 hoc
2014 973 2145 1000 natura

1138 1011 1297 1059 primuni
1327 1022 1397 1055 est,
1436 1029 1481 1050 ne
1515 1024 1639 1051 nostra
1669 1019 1794 1052 electio
1819 1019 1922 1053 civile
1947 1019 2082 1052 bellum
2109 1019 2145 1052 in

1139 1066 1336 1100 Germania
1362 1070 1546 1103 accendat.
1601 1068 1676 1104 Iam
1701 1071 1729 1105 si
1749 1071 1894 1105 Gallum
1920 1071 2146 1115 elegerimus,

1139 1120 1322 1164 oportebit
1343 1132 1409 1154 nos
1429 1122 1599 1166 suffragia
1617 1130 1739 1157 nostra
1761 1124 1865 1158 tueri.
1921 1123 1993 1157 Ubi
2013 1124 2041 1157 si
2058 1123 2146 1156 inci-

1137 1172 1198 1205 det
1213 1171 1392 1206 discordia
1413 1185 1491 1207 cum
1509 1173 1729 1217 Austriacis,
1757 1188 1843 1209 num
1864 1188 1964 1210 arma
1981 1188 2146 1220 geremus

1109 1223 1111 1258 ’ζ
1137 1224 1182 1256 ad
1204 1224 1482 1269 opprimendam
1501 1228 1650 1260 domum
1670 1227 1864 1262 Austriae?
1912 1228 1986 1263 Nec
2002 1240 2069 1262 nos
2086 1240 2146 1261 ve-

1137 1282 1193 1310 tus
1225 1277 1472 1318 necessitudo,
1512 1291 1577 1312 nec
1605 1280 1790 1325 sanguinis
1817 1280 2045 1321 coniunctio,
2080 1292 2146 1313 nec

1136 1328 1265 1362 merita
1296 1335 1330 1362 et
1361 1330 1533 1365 nobilitas
1563 1332 1693 1366 domus
1719 1333 1950 1374 Austriacae,
1987 1332 2144 1378 denique

1136 1392 1211 1414 non
1231 1380 1473 1415 Maximiliani
1497 1395 1640 1423 manes,
1670 1397 1688 1417 a
1707 1391 1808 1418 tanto
1832 1385 1964 1419 scelere
1986 1386 2145 1418 deterre-

1136 1432 1250 1466 bunt?
1310 1433 1451 1468 Deinde
1484 1437 1663 1480 oppressis
1683 1437 1902 1477 Austriacis,
1938 1449 1983 1470 an
2009 1437 2144 1482 putatis

1135 1485 1339 1519 libertatem
1358 1488 1507 1521 caeteris
1525 1489 1749 1534 principibus
1773 1489 1811 1522 in
1833 1496 1911 1523 tuto
1937 1489 2040 1523 fore?
2095 1489 2144 1522 Ut

1136 1537 1387 1571 Mediolanum
1415 1552 1489 1573 non
1516 1542 1642 1574 reddet
1664 1554 1826 1587 unquam
1844 1541 2055 1583 Germanis,
2082 1541 2144 1582 ita,

1136 1590 1197 1623 ubi
1215 1590 1369 1634 poterit,
1398 1592 1587 1626 Gallorum
1609 1594 1808 1638 potentiam
1830 1594 1985 1639 augebit.

1241 1640 1341 1676 Nihil
1373 1657 1429 1677 me
1465 1644 1523 1677 illa
1560 1647 1748 1690 magnifica
1782 1647 1959 1691 promissa
1983 1652 2143 1686 movent,

1137 1706 1229 1740 quae
1247 1695 1409 1730 audistis.
1454 1696 1535 1730 Non
1555 1704 1680 1742 pacta,
1708 1711 1781 1732 non
1800 1700 1893 1744 leges
1913 1700 1992 1743 plus
2010 1699 2142 1738 valent,

1136 1758 1245 1791 quam
1265 1746 1466 1788 iracundia,
1494 1750 1674 1793 superbia,
1701 1751 1851 1784 ambitio
1868 1751 2026 1784 victoris.
2069 1751 2143 1784 Sci-

1135 1810 1214 1832 mus
1231 1798 1375 1832 Gallnm
1400 1800 1435 1832 in
1452 1802 1589 1845 patria,
1619 1815 1726 1848 quam
1745 1810 1875 1837 natura
1896 1815 2018 1836 amare
2036 1803 2141 1836 ‹lebe-

1135 1903 1299 1936 orbatam
1317 1904 1484 1939 videbitis
1503 1906 1726 1951 principibus
1746 1908 1951 1942 universam
1971 1908 2140 1942 Galliam.

1133 1954 1197 1989 Est
1215 1956 1365 1990 omnino
1386 1957 1511 1992 Gallus
1529 1959 1666 1993 excelso
1694 1959 1816 1993 animo
1844 1960 2047 2005 praeditus;
2079 1961 2140 1993 sed

1133 2007 1240 2042 nimis
1261 2009 1411 2054 cupidus
1432 2008 1679 2046 Monarchiae.
1734 2012 1808 2046 Nos
1829 2019 1947 2046 autem
1968 2011 2037 2045 nisi
2055 2012 2141 2045 Ari-

1133 2061 1341 2094 stocratiam
1375 2062 1579 2107 principum
1608 2063 1645 2097 in
1670 2064 1863 2097 Germania
1896 2064 1995 2097 omni
2023 2064 2140 2097 consi-

1132 2112 1202 2153 lio,
1237 2114 1405 2148 omnibus
1428 2115 1565 2149 viribus
1591 2128 1631 2149 ac
1661 2116 1780 2150 nervis
1806 2117 2006 2151 tuebimur:
2045 2116 2139 2149 male

1133 2166 1360 2200 consulemus
1385 2167 1575 2201 universae
1600 2169 1813 2213 posteritati.
1881 2169 2003 2203 Minus
2030 2168 2137 2201 etiam

1132 2224 1279 2251 movent
1304 2231 1361 2252 me
1385 2219 1444 2252 illa
1472 2220 1627 2264 gloriosa
1657 2221 1833 2265 promissa
1862 2222 1905 2255 de
1929 2221 2024 2255 bello
2044 2221 2139 2254 Tur-

1132 2270 1179 2304 cis
1202 2270 1402 2306 inserendo.
1457 2271 1634 2318 Equidem
1662 2286 1817 2317 agnosco
1843 2273 2136 2307 coniunctionem

1131 2322 1368 2364 Germaniae,
1396 2322 1539 2365 Italiae,
1573 2332 1606 2358 et
1628 2325 1789 2365 Galliae,
1817 2338 1989 2370 magnum
2019 2338 2059 2358 ac
2082 2338 2137 2360 sa-

1130 2375 1245 2408 lutare
1277 2376 1496 2421 praesidium
1520 2376 1690 2423 Europae
1713 2390 1808 2419 esse,
1843 2378 1872 2412 si
1899 2378 1978 2424 quis
1999 2383 2138 2412 teneret

1129 2434 1274 2472 pacatas
1304 2434 1339 2462 et
1362 2428 1580 2464 obedientes.
1657 2430 1726 2464 Sed
1752 2430 1876 2464 Gallus
1898 2428 1989 2463 nihil
2013 2442 2136 2474 gerere

1129 2481 1301 2515 adversus
1341 2480 1478 2515 Turcas
1514 2488 1576 2515 aut
1609 2482 1725 2523 volet,
1773 2489 1835 2516 aut
1868 2483 2020 2527 poterit,
2067 2481 2134 2516 nisi

1130 2532 1229 2577 prius
1258 2533 1404 2567 domitis
1428 2533 1463 2566 in
1483 2533 1676 2567 Germania
1695 2534 1833 2579 Belgis,
1869 2535 1905 2567 in
1928 2533 2026 2567 ltalia
2049 2545 2134 2566 vero

1128 2591 1338 2630 recuperata
1357 2585 1524 2631 Neapoli.
1579 2587 1651 2621 Has
1671 2588 1715 2620 ad
1740 2599 1795 2620 res
1815 2599 1957 2619 armare
1975 2586 2133 2625 Gallum,

1101 2641 1103 2646 “
1129 2635 1197 2670 hoc
1224 2644 1297 2678 est,
1326 2639 1370 2670 ad
1395 2639 1536 2672 crudele
1560 2639 1693 2673 bellum
1719 2639 1850 2684 inipso
1871 2637 2023 2682 imperio
2041 2637 2132 2670 exci-

1128 2690 1293 2731 tandum,
1318 2696 1441 2724 nostra
1460 2691 1635 2726 autoritas
1653 2703 1883 2737 nequaquam
1902 2690 2017 2723 debet.
2058 2689 2132 2724 Nec

1129 2749 1191 2783 est,
1211 2743 1307 2788 quod
1326 2741 1416 2776 mihi
1435 2743 1625 2790 quisquam
1646 2743 1791 2777 obiiciat
1810 2741 1998 2776 vaticinari
2014 2754 2069 2775 me
2088 2742 2132 2774 de
