2389 3037
0 1577 8 1798 ,-——-V-——--——v
0 1557 4 1569 -

6 2543 10 2566 ις,
6 2462 14 2528 ,,,,,

5 2374 11 2414 -.-
5 2346 9 2364 -
0 1838 11 2339 w-pu--wae

87 144 134 180 21
610 135 733 171 XCIV.
788 130 1119 169 GRAMMATICA
1154 131 1351 166 GRAECA
1386 130 1615 166 INTEGRA.
2096 133 2147 168 22

345 224 550 269 Regulae
580 222 826 267 speciales.

446 291 518 325 De
560 291 723 325 tonis.

186 354 240 388 Ex
265 354 410 400 syllabis
435 353 526 386 aliae
554 358 637 386 sunt
660 352 809 395 long;,1e
835 349 925 382 aliae
949 348 1088 386 breves

82 408 119 441 id
140 407 237 452 quod
255 418 362 451 supra
382 404 568 438 admonui.
624 402 698 436 Iam
718 409 751 436 et
769 402 969 435 dictionum
996 399 1088 432 aliae

83 464 167 494 sunt
183 458 474 503 monosyllabae,
501 456 593 489 aliae
614 455 831 500 disyllabae,
860 452 951 485 aliae
974 453 1086 485 πολυ-

84 507 264 556 σύλλαβοι
271 536 280 545 .

335 585 398 619 De
426 582 766 628 monosyllabis
782 581 843 627 27).

330 655 489 696 ‘Brevis‚
518 660 552 687 et
570 652 732 691 acuitur,
758 649 853 697 ut‘ae)
872 648 956 694 σός,
987 647 1071 694 μέν.

530 711 739 751 Positione,
784 717 819 744 et
847 710 1008 750 acuitur,
1050 715 1091 743 ut

559 762 642 808 ἅλς,
672 759 785 811 φρύξ.

535 815 660 849 Vocali
679 828 741 849 seu
764 811 992 859 diphthongo
1014 825 1089 846 non

560 873 768 907 contracta,
797 872 831 899 et
858 866 1017 905 acuitur,
1051 870 1091 898 ut

554 918 690 964 χθών,
716 917 840 965 φρήν,
864 916 959 963 χείρ·

533 971 660 1004 Vocali
678 983 741 1004 seu
757 968 984 1014 diphthongo
1007 980 1091 1001 con-

558 1029 692 1063 tracta,
736 1029 770 1055 et
794 1021 1009 1061 inflectitur,
1051 1026 1091 1054 ut

557 1076 648 1113 νοῦς
667 1087 684 1107 a
702 1072 810 1118 νόος,
843 1075 925 1120 φῶς
943 1086 960 1105 a
982 1070 1089 1119 φάος.

532 1124 620 1158 Item
639 1128 714 1171 μῦς
730 1132 795 1158 etc.

88 758 220 793 Omnis
239 770 315 791 mo·
359 750 362 755 ’

87 810 277 856 nosyllaba

85 868 151 896 aut
169 868 221 895 est

344 919 470 963 Longa

190 1186 254 1220 Sat
278 1185 387 1221 fuerit
404 1184 493 1220 haec
511 1186 554 1219 de
573 1185 832 1231 monosyllabis
853 1185 1090 1229 praecepisse.

85 1237 277 1272 Caeterum
305 1245 339 1272 te
368 1236 558 1276 inhortor,
599 1250 644 1269 ne
678 1237 809 1281 frigide
840 1236 1090 1280 monosyllaba

86 1296 238 1329 tractes,
281 1301 373 1335 quae
405 1290 462 1321 vel
500 1288 748 1327 differentiae,
799 1288 855 1320 vel
891 1285 1091 1335 ἐγκλίσεων

87 1353 192 1375 causa
209 1341 398 1374 variantur
417 1335 449 1388 ᾦ
471 1335 501 1375 ὦ
520 1339 543 1385 ἤ
558 1337 580 1385 ἡ
598 1353 620 1385 η
639 1340 660 1385 ἡ
677 1339 736 1386 ²⁹).

189 1391 344 1426 Articuli
370 1403 436 1436 per
463 1403 537 1425 sese
558 1392 745 1436 pa.tebunt

85 1442 203 1478 tiones
229 1450 295 1478 etc.

799 1388 888 1423 Item
904 1391 1091 1435 praeposi-

370 1520 549 1563 Regula
590 1520 803 1554 secunda.

190 1588 465 1634 Monosyllabae
503 1595 652 1629 acutae,
696 1589 865 1635 obliquus
896 1585 1121 1650 disyllabus*

86 1640 327 1686 posteriorem
354 1640 468 1681 acuit,
501 1647 541 1675 ut
565 1639 667 1688 φρήν
695 1637 854 1689 φρενός,
882 1639 949 1688 λίψ
977 1638 1093 1687 λιβός,
1119 1645 1122 1668 ¹
1147 1627 1297 1674 notrsmjg
1322 1632 1489 1676 Ποιηῖθῦ·

87 1691 166 1740 θήρ
186 1688 307 1740 θηρός
331 1698 397 1726 etc·
405 1691 466 1739 ³⁰)-

138 1769 201 1802 De
230 1768 484 1814 disyllabis
513 1779 561 1800 ac
594 1769 908 1814 polysyllabis
937 1780 1043 1801 con-

452 1819 726 1866 iunctimffl).

193 1889 248 1924 Ab
265 1889 417 1924 ultimae
437 1889 594 1934 syllabae
613 1896 775 1935 tempore
795 1889 924 1923 Graeci
943 1889 1021 1922 toni
1042 1889 1095 1923 iu-

87 1942 222 1976 dicium
241 1948 312 1982 est,
337 1941 386 1975 sic
404 1953 423 1974 a
443 1941 666 1986 penultimae
682 1949 845 1987 tempore
862 1940 1012 1975 Latinus
1037 1954 1095 1975 ve-

92 1993 199 2038 stigat
213 2000 353 2027 tonum.
389 1992 550 2026 Proinde
569 2006 712 2040 semper
732 1994 898 2039 inspicies
915 1993 1094 2034 ultimam,

91 2057 185 2092 quae
202 2051 305 2079 acuta
326 2044 414 2085 erit,
442 2044 471 2079 si
490 2044 590 2078 finiet

145 2094 225 2141 εύς,
253 2103 294 2130 ut
309 2093 498 2143 βασιλεύς.

142 2147 173 2184 ui
190 2148 382 2182 nominum
395 2175 405 2189 ,
432 2154 473 2181 ut
493 2147 663 2195 Σαπφώ.

141 2198 176 2240 ίς
191 2200 528 2245 patronymicorum
540 2227 550 2241 ,
578 2206 618 2233 ut
634 2198 827 2247 Νεστορίς.

143 2248 187 2291 ἅς
202 2252 541 2297 patronymicorum
556 2279 565 2292 ,
593 2258 632 2285 ut
643 2248 761 2291 Ἰλιάς.

141 2301 206 2343 κός
225 2303 485 2337 adiectivorum
498 2330 507 2344 ,
534 2310 574 2337 ut
590 2303 714 2343 κακός.

141 2353 205 2394 τός
240 2354 440 2388 verbalium
476 2355 735 2389 adiectivorum
768 2356 1010 2417 simplicium,
1055 2362 1094 2389 ut

716 2406 881 2454 χριστός.

139 2453 211 2502 μός
227 2458 427 2491 verbalium
455 2457 761 2492 substantivorum
786 2459 1026 2504 simplicium,
1053 2466 1093 2493 ut

714 2508 903 2558 λογισμός.

123 2590 174 2622 27)
194 2592 271 2617 Haec
288 2592 436 2623 inscriptio
457 2593 485 2617 in
506 2594 591 2618 Editt.
612 2593 803 2617 1522—1541.
825 2595 911 2619 deest.

125 2634 172 2666 28)
192 2637 220 2659 et
238 2636 346 2660 acuitur
367 2638 411 2665 ut]
432 2637 459 2660 in
479 2636 542 2662 iisd.
562 2637 647 2661 Editt.
669 2637 776 2661 desunt.

123 2678 173 2706 29)
192 2672 222 2711 ᾗ]
243 2679 284 2703 sic
302 2681 378 2703 recte
396 2680 553 2710 Ed.1557.;
580 2681 664 2704 Euat.
681 2680 871 2706 1522—1548.
892 2676 917 2712 ἧ.

121 2721 171 2753 30)
190 2723 260 2746 Tota
279 2723 346 2746 haec
365 2724 464 2754 regula
483 2725 516 2747 ab
536 2725 621 2749 Editt.
640 2724 830 2748 1522—1541.
849 2726 937 2749 abest.

121 2763 173 2796 ³1)
192 2765 373 2795 coniunctim]
393 2767 422 2790 in
442 2767 502 2791 iisd.
522 2768 607 2792 Editt.
628 2767 715 2791 deest.

1195 217 1259 263 τής
1282 218 1480 251 verbalium
1506 217 1813 252 substantivorum
1841 217 2078 262 simplicium,
2107 225 2147 252 ut

1254 301 1257 304 .
1767 266 1931 314 ποιητής.

1194 316 1264 366 τήρ
1289 320 1487 353 verbalium
1513 321 1822 354 substantivorum
1840 321 2078 365 simplicium,
2106 327 2146 355 ut

1774 371 1910 418 σωτήρ.

1196 419 1218 468 ή
1235 423 1435 456 verbalium
1454 424 1761 457 substantivorum
1775 451 1783 463 ,
1811 431 1850 457 ut
1865 421 2008 472 γραφή.

1247 482 1349 516 Adde
1378 482 1433 518 his
1460 483 1633 530 pleraque
1657 484 1695 516 in
1718 497 1749 523 ις
1771 484 1917 529 quintae
1936 484 2145 517 declinatio-

1143 533 1219 574 nis,
1246 541 1286 568 ut
1304 533 1430 582 ἀκρίς,
1459 537 1607 570 locusta.

1248 585 1336 619 Item
1357 588 1394 620 in
1412 601 1475 634 ρος
1492 595 1525 621 et
1548 591 1609 628 λος
1633 594 1667 621 et
1688 601 1731 633 ης
1752 588 2013 621 adiectivorum
2039 588 2145 621 decli-

1144 637 1303 672 nationis
1327 640 1466 683 primae
1496 646 1778 675 contractorum.
1841 640 2014 686 Adeoque
2042 640 2145 673 fami-

1144 688 1242 723 liaris
1266 697 1373 725 tonus
1400 699 1451 725 est
1479 698 1603 726 acutus
1628 692 1764 726 ultimis
1790 692 1979 725 nominum
2006 693 2147 726 deriva-

1145 747 1264 775 torum
1279 769 1288 782 ,
1315 749 1355 776 ut
1372 740 1462 783 θεός
1477 756 1495 776 a
1514 741 1640 788 θεάω,
1667 745 1905 789 contemplor,
1935 751 2041 790 atque
2058 744 2146 779 haec

1146 806 1211 827 usu
1239 793 1506 839 deprehendes,
1548 797 1680 840 regulis
1710 796 1898 841 complecti
1924 809 2031 830 nemo
2061 809 2145 831 sane

1146 846 1290 889 poterit.

1402 932 1645 980 Regula³2)
1675 936 1889 969 secunda.

1249 1000 1354 1034 Recti
1382 1002 1418 1034 in
1446 1016 1486 1042 ος
1510 1009 1634 1037 acutus
1657 1010 1780 1037 manet
1816 1010 1851 1037 et
1875 1004 1912 1037 in
1937 1005 2148 1040 accusativis

1147 1058 1182 1085 et
1204 1053 1376 1087 vocativis
1396 1055 1576 1089 omnibus.
1628 1055 1685 1088 Sic
1703 1056 1938 1090 foemininam
1952 1084 1961 1098 ‚
1995 1057 2043 1091 sic
2060 1071 2147 1093 neu-

1147 1110 1240 1138 tram
1260 1105 1552 1139 terminationem
1573 1107 1808 1142 arbitrabere.

1462 1155 1590 1198 λευκός
1694 1157 1828 1195 λευκόν

1458 1209 1569 1256 λευκή
1693 1208 1840 1257 λευκήν.

1470 1293 1643 1339 Regula
1673 1297 1825 1331 tertia.

1250 1361 1416 1407 Quorum
1435 1363 1651 1396 nominativi
1679 1366 1773 1398 a'cuti
1790 1373 1895 1405 sunt,
1925 1379 2049 1400 eorum
2067 1368 2149 1402 ulti-

1148 1425 1224 1447 mas
1244 1414 1282 1446 in
1299 1415 1466 1449 omnibus
1486 1415 1653 1459 genitivis
1668 1428 1708 1449 ac
1725 1418 1855 1452 dativis
1873 1419 2030 1454 inflectes

1457 1465 1587 1506 λευκός
1690 1471 1826 1504 λευκοῦ

1463 1515 1552 1557 θεός
1693 1519 1790 1555 θεοῦ

1251 1576 1302 1610 lta
1323 1578 1361 1610 fit
1381 1584 1416 1611 et
1436 1578 1472 1610 in
1491 1579 1699 1614 nominibus
1719 1581 1951 1616 verbalibus
1941 1595 1977 1615 in
1998 1596 2082 1629 της,
2111 1591 2150 1618 ut

1543 1630 1709 1665 Aliarum
1736 1634 2034 1668 terminationum
2060 1637 2149 1671 obli-

1149 1692 1240 1725 quos
1258 1681 1475 1715 declinando
1496 1682 1620 1717 disces.

1300 1766 1361 1800 De
1387 1767 1700 1813 polysyllabis
1728 1770 1998 1818 seorsimss).

1439 1835 1615 1880 Regula
1640 1836 1866 1883 primam).

1252 1901 1293 1935 ln
1310 1903 1473 1949 polysyll
1467 1905 1553 1943 ιι,1)ι
1582 1905 1681 1940 cuius
1699 1906 1825 1941 ultima
1845 1914 1897 1941 est
1915 1908 2012 1952 long(
2013 1922 2036 1949 ι,
2054 1910 2149 1955 (mo-

1149 1955 1196 1987 do
1225 1966 1300 1988 non
1329 1956 1434 1988 cadat
1462 1956 1499 1989 in
1528 1957 1687 2000 priorem
1708 1959 1890 2004 regulzmm
1918 1966 1956 1993 ut
1977 1959 2150 2008 ἀληθής,)

1148 2007 1350 2051 penultima
1371 2010 1524 2049 acuitur,
1547 2007 1762 2057 Ὠριγενης,
1780 2009 2055 2058 Ἀριστοτέλης,
2084 2026 2147 2060 φι-

1149 2057 1332 2106 λοσοφία,
1372 2059 1575 2120 θεολογία,
1610 2060 1725 2108 ἑλενη.
1795 2062 1899 2096 Tolle
1926 2064 2088 2098 derivata
2116 2072 2150 2098 et

1149 2110 1371 2146 differentias
1393 2109 1544 2160 γενετή,
1579 2110 1726 2149 {tanaim

1438 2198 1613 2242 Regula
1643 2201 1857 2235 secunda.

1252 2265 1291 2300 In
1309 2267 1530 2312 polysyllaba
1542 2294 1551 2306 ,
1578 2268 1677 2302 cuius
1696 2269 1822 2303 ultima
1844 2277 1896 2304 est
1914 2271 2044 2312 brevis,
2062 2284 2149 2317 pen-

1147 2318 1274 2352 ultima
1307 2319 1434 2362 longa,
1486 2320 1628 2353 acuitur
1663 2323 1970 2366 antepenultima,
2013 2330 2053 2357 ut
2081 2323 2149 2359 ἄν-

1147 2369 1323 2417 θρωπος,
1352 2366 1607 2417 παράκλητος,
1637 2369 1832 2418 διοίκησις,
1862 2373 2023 2421 ἐλέησον.
2079 2375 2150 2409 De-

1147 2434 1205 2455 me
1233 2423 1519 2463 contractioncs,
1549 2430 1587 2456 ut
1612 2425 1863 2471 ποιοῦμενΉ).

1182 2541 1230 2569 32)
1250 2539 1402 2599 Βθξᾶυῐιῑ]
1428 2541 1496 2565 haec
1521 2547 1574 2566 vox
1601 2542 1628 2565 ιἰι
1654 2542 1737 2565 Editt.
1760 2542 1950 2567 1522-1541.
1978 2544 2002 2568 Ιι.
2023 2543 2040 2567 Ι.
2068 2544 2095 2566 et
2121 2543 2148 2567 ἰιι

1218 2583 1294 2605 seqq.
1334 2578 1401 2600 eest.

1181 2619 1232 2648 33)
1251 2619 1419 2644 seorsim.
1462 2620 1603 2650 Regula
1627 2619 1759 2650 prima]
1783 2620 1849 2643 haec
1877 2621 1905 2644 in
1934 2620 2017 2644 Editt.

1220 2655 1294 2678 ¹541.
1316 2655 1425 2678 desunt.

1182 2698 1228 2729 34)
1249 2698 1333 2721 Deme
1353 2710 1386 2714 -
1406 2696 1566 2728 antoniusfl]
1591 2698 1658 2721 bace
1685 2698 1711 2721 ἰιι
1737 2697 1822 2721 Editt.
1841 2698 1914 2720 15⁴2.
1935 2698 1962 2720 et
1982 2704 2057 2727 seqq,
2082 2698 2106 2721 Ιι.
2131 2699 2148 2723 Ι.

1218 2734 1366 2762 leguntur-3
1387 2733 1413 2755 in
1426 2732 1511 2757 Editt.
1531 2732 1721 2756 1522—1541.
1745 2732 1839 2755 cadem
1859 2731 1952 2755 verbis
1973 2733 2149 2763 „penultima

1218 2768 1302 2798 longa
1312 2765 1338 2798 ‚''
1358 2769 1384 2790 et
1405 2765 1566 2796 „acuitur”
1587 2767 1752 2797 interposita
1771 2767 1842 2790 sunt.

1508 2800 1566 2837 2*

2041 2620 2107 2644 1522
2116 2634 2148 2637 —
