2421 3037
774 112 898 147 PHlL.
929 111 1041 145 MEL.
1070 109 1274 144 SCRIPTA
1302 108 1433 141 VAffll
1463 106 1769 143 ARGUMENTI.
2234 111 2307 145 712

243 123 313 157 711

1100 196 1246 224 Parisiis
1270 194 1365 232 apud
1388 192 1555 222 Simonem
1579 192 1771 223 Colmaeum
1794 191 1998 223 MDXXII.
2043 194 2074 223 8.
2088 193 2118 233 ’)

1526 244 1759 283 Argentorali
1790 246 1884 285 apud
1906 244 2069 275 Ioannem
2091 244 2308 285 Hervagium

372 202 528 243 Philippi
551 197 822 230 Melanchthonis
846 197 1050 227 Dialectica.

377 253 531 291 Philippi
557 248 830 279 Melanchthonis
855 247 1115 287 Gompendiaria
1148 246 1344 276 dialectices
1377 247 1474 274 ratio.

417 291 642 325 MDXXIII.
686 293 774 330 8⁰²)

373 365 414 368 -—
438 363 478 367 —
504 347 600 379 (Idem
626 344 736 379 ludex)
763 342 944 381 Augustae
973 341 1139 372 Vindelic.
1160 351 1224 380 per
1247 339 1320 378 Sig.
1346 338 1458 378 (irim,
1491 349 1600 368 mense
1626 338 1790 378 Augusto.
1824 338 1916 368 1523.
1962 339 1982 368 6
2006 341 2106 378 plagg.
2151 340 2182 369 8.
2195 338 2256 377 ***)

370 397 631 437 Gompemliaria
656 395 847 424 dialectices
873 396 981 424 ratio.
1014 392 1166 422 Authore
1183 391 1346 432 Philippo
1364 390 1634 420 Melanchthone.
1682 390 1722 419 In
1748 392 1874 429 inclyta
1898 391 2048 420 Basilea.
2072 408 2114 412 —
2149 391 2195 429 (ln
2216 389 2309 429 finez)

416 440 610 470 Excussum
637 438 797 467 Basileae
827 437 922 476 apud
948 435 1108 466 Thomam
1140 433 1295 474 Voljium.
1342 433 1447 464 Anno
1478 445 1499 463 a
1524 433 1654 463 Christo
1678 439 1759 463 nato
1784 431 1835 463 M.
1850 432 1891 463 D.
1905 432 2052 463 XXIII.
2098 433 2214 463 Mense
2238 431 2310 462 Au-

418 489 528 521 gusto.
576 482 695 519 5.****)

329 537 411 564 Nova
434 536 518 563 huius
545 536 607 563 libri
633 534 689 562 Ed.
712 533 837 561 adaucta
861 540 890 560 et
917 532 1068 569 recognita
1093 530 1199 567 prodiit
1224 539 1249 558 a.
1276 528 1372 558 1527.
1397 531 1437 557 sic
1460 530 1615 567 inscripta:

373 587 567 617 Dialectica
600 583 683 613 Phil.
707 583 787 612 Mel.
812 582 855 612 ab
879 588 1001 611 autore
1024 581 1175 609 adaucta
1201 587 1233 609 et
1257 582 1455 618 recognita,
1486 582 1536 608 ica
1562 586 1597 608 u!
1623 582 1657 608 in
1680 579 1793 607 multis
1816 583 1962 606 ueterem
1985 587 2051 607 non
2075 586 2178 616 queas
2202 586 2310 615 agno-

417 639 519 659 scere.
571 627 728 665 Epe'tome
752 627 975 663 Dialectices,
1012 622 1203 653 Theobaldo
1228 622 1402 653 Billicano
1434 628 1563 652 autore.
1622 621 1757 651 Scholia
1781 623 1815 649 in
1843 619 1990 660 Topica,
2025 626 2146 650 auctore
2168 619 2309 659 Hegea-

416 671 603 711 dorphino,
634 672 745 699 omnia
769 672 837 698 iam
862 678 978 698 recens
1002 667 1102 696 edica.
1133 685 1176 688 —
1222 666 1272 706 (ln
1298 668 1389 703 fiue:)
1422 664 1613 703 Hagenoae
1637 665 1732 705 apud
1757 663 1829 694 Iob.
1855 663 2036 693 seem-ium.
2088 663 2190 693 Anno
2215 663 2310 693 1527.

418 713 540 745 Mense
566 714 698 754 Aprili.
744 712 783 743 ll
810 714 913 751 plagg.
956 712 985 741 8.
1003 710 1042 748 †)

330 769 375 796 Ex
399 769 443 796 his
468 769 688 805 l'rolegouienis
712 767 905 803 intelligitur,
944 765 1019 791 hunc
1047 764 1153 790 librum
1179 763 1278 790 decies
1302 762 1347 789 vel
1376 763 1514 790 undecies
1546 761 1704 798 prodiisse:
1751 760 1780 795 1)
1806 759 1950 798 Lipsiae
1976 758 2088 795 1520„
2125 757 2161 797 2)
2192 756 2310 786 Witte-

244 807 370 848 bergae
393 810 440 849 (2²)
466 805 578 848 1520.)
607 809 643 845 3)
671 808 829 837 Basileae
857 806 968 844 1521„
1001 806 1035 843 4)
1063 805 1207 843 Lipsiae
1230 803 1340 840 1521„
1370 804 1405 841 5)
1432 803 1624 842 Hagenuae
1648 802 1759 840 1523„
1788 802 1824 838 6)
1852 801 2010 832 Basiteae
2036 801 2148 839 1522,
2177 801 2213 842 7)
2245 798 2310 834 Pa-

243 853 468 893 risus-1522„
498 855 535 891 8)
565 853 792 890 Argentorate·
808 849 920 886 1523„
949 850 985 887 9)
1013 847 1191 886 Augustae
1220 846 1485 882 Vindet.15·23.,
1517 846 1573 885 10)
1600 845 1760 875 Basileae
1778 845 1890 882 1523„
1922 845 1979 884 11)
1995 842 2186 883 Hagenoae
2204 841 2312 882 1522,

244 906 283 925 ex
307 898 411 935 quibus
436 899 523 927 hasce
548 905 607 926 tres
631 897 722 925 Editt.
750 897 778 923 in
805 896 935 922 inanibus
953 894 1063 922 habeo:
1099 891 1130 929 l)
1149 891 1214 921 Ed.
1231 891 1330 929 [Aps.
1349 890 1459 928 1520,
1490 890 1526 929 2)
1546 889 1608 919 Ed.
1627 888 1720 929 Lips.
1740 888 1836 919 1521.
1860 897 1890 918 et
1913 887 1948 928 3)
1968 887 2033 919 Ed.
2048 886 2188 927 Hagen.
2204 886 2309 924 1521„

244 950 316 978 quas
342 943 489 970 numeris:
521 939 582 970 Ed.
604 940 648 976 1.,
676 938 740 968 Ed.
755 938 802 974 2.,
828 936 893 966 Ed.
909 935 938 966 3.
961 936 1091 974 siguabO.

331 993 528 1021 Melanthonis
559 992 688 1030 epistola
718 989 932 1027 nuncupatoria
962 988 999 1016 ad
1031 987 1169 1016 loannem
1196 986 1472 1023 Schwertfegerum
1504 987 1560 1013 iam
1591 986 1670 1013 inter
1700 985 1839 1022 epistolas
1870 985 1898 1012 in
1930 983 2016 1012 huius
2039 984 2178 1022 Corporis
2201 982 2268 1010 Vol.
2288 982 2312 1009 Ι.

244 1044 275 1072 p.
292 1033 486 1065 152—154.
511 1037 580 1065 data
603 1041 663 1070 est,
701 1038 885 1071 quapropter
910 1033 938 1060 h.
961 1032 979 1060 1.
1005 1032 1157 1059 omittitur.
1188 1045 1229 1051 —
1280 1030 1401 1057 Librum
1425 1030 1519 1067 ipsum
1543 1038 1580 1056 ex
1604 1026 1763 1057 Editione
1790 1026 1965 1066 Lipse'ensi
1983 1036 2015 1055 α.
2040 1026 2135 1056 1521.
2167 1023 2246 1064 (Ed.
2264 1023 2313 1062 2.)

245 1077 292 1106 hic
315 1079 519 1108 recudendum
542 1088 699 1113 curamus,
733 1077 880 1112 adscripta
905 1076 985 1103 varia
1010 1074 1137 1102 lectione
1162 1073 1333 1102 Editionuin
1359 1071 1385 1100 l.
1410 1078 1440 1100 et
1463 1070 1493 1101 3.

1551 1072 1595 1099 Ex
1629 1071 1867 1101 annotationibus
1900 1071 2109 1108 marginalibus
2138 1069 2313 1108 insigniores

245 1126 359 1149 tantum
382 1121 533 1158 addimus,
564 1123 597 1151 iis
621 1120 749 1156 omissis,
784 1128 860 1156 quae
885 1118 957 1146 nihil
982 1118 1035 1145 nisi
1061 1126 1146 1144 voces
1170 1122 1270 1144 textus
1295 1116 1440 1153 repetitas
1464 1115 1616 1143 exhibent.

280 1245 313 1278 *)
334 1248 408 1271 Haec
427 1247 475 1271 Ed.
497 1247 612 1271 affertur
631 1254 648 1271 a
671 1247 799 1271 Pauzero
821 1248 836 1270 Ι,
854 1247 872 1272 Ι.
899 1246 964 1270 Vol.
981 1245 1054 1268 vul.
1082 1252 1107 1275 p.
1122 1244 1164 1267 79.
1192 1249 1233 1266 nr,
1251 1242 1326 1266 ¹333.

280 1288 332 1320 **)
354 1289 432 1313 Hanc
453 1290 499 1314 Ed.
513 1307 520 1315 ,
547 1296 616 1320 quae
636 1291 663 1314 in
685 1290 812 1315 Biblioth.
833 1290 921 1312 senat.
944 1287 1065 1311 Norimb.
1086 1288 1197 1310 exstat.
1223 1285 1369 1310 Panzerus
1390 1287 1406 1310 l.
1425 1288 1441 1311 Ι.
1468 1288 1528 1311 Vol.
1546 1287 1591 1311 Vl.
1616 1295 1639 1317 p.
1658 1288 1713 1311 104.
1741 1293 1781 1313 nr.
1796 1288 1856 1312 668.
1878 1290 2017 1312 recenset.

282 1332 354 1365 ***)
376 1334 452 1358 Hanc
471 1334 538 1362 Ed„
566 1341 636 1364 quae
654 1334 682 1358 in
702 1334 797 1358 eadem
819 1333 943 1357 Bibliotli.
964 1332 1149 1357 asservatur,
1180 1330 1326 1354 Panzerus
1346 1332 1476 1354 recenset
1496 1331 1511 1353 l.
1530 1331 1546 1353 1.
1570 1331 1697 1354 v01.1x.
1721 1338 1744 1361 p.
1759 1331 1818 1355 382.
1839 1337 1878 1355 nr.
1892 1330 1951 1354 212.
1973 1337 1995 1355 c.

282 1375 373 1408 ****)
394 1377 469 1401 Haec
489 1377 537 1403 Ed.
560 1379 722 1402 recensetur
741 1383 758 1401 a
777 1376 909 1400 Pauzero
931 1376 947 1400 1.
964 1375 980 1398 Ι.
1002 1374 1066 1398 Vol.
1081 1373 1128 1398 IX.
1152 1380 1176 1403 p.
1193 1373 1254 1398 400.
1276 1379 1316 1396 ur.
1331 1373 1393 1397 50⁴.
1416 1374 1439 1397 b.

281 1420 319 1452 †)
341 1422 415 1446 Haec
434 1421 484 1445 Ed.
503 1427 519 1445 a
539 1421 668 1446 Panzero
689 1421 847 1452 praemissa
865 1420 1034 1444 asservatur
1056 1419 1082 1442 in
1105 1418 1230 1441 Biblioth.
1255 1419 1343 1442 senat.
1365 1417 1484 1443 Norimb.

687 1600 1168 1639 COMPENDIARIA
1205 1597 1624 1635 DIALECTICES
1657 1596 1854 1634 RATIO

838 1670 1067 1701 Pn1L1PPo
1102 1668 1445 1699 MELANTHONE
1476 1668 1719 1698 AUCTORE.

448 1759 510 1793 De
545 1759 730 1794 ratione
764 1758 1039 1794 disserendi.
1274 1762 1280 1796 s

1275 1817 1277 1820 ·
1306 1807 1478 1842 iudIcium
1504 1819 1651 1841 revoces
1662 1821 1669 1846 ;
1699 1820 1806 1854 quem
1833 1806 1927 1840 enim
1945 1812 2075 1840 natura
2095 1805 2199 1840 nohis
2219 1804 2316 1838 ordi-

345 1826 540 1861 Dialectica
577 1834 628 1862 est
661 1827 852 1862 artificium
888 1827 1052 1872 apposite
1091 1838 1131 1859 ac
1166 1822 1278 1874 pro-l

240 1879 318 1924 prie
334 1880 378 1912 de
396 1892 613 1926 quocunque
630 1877 787 1913 themate
810 1879 1021 1914 disserendi.
1067 1877 1250 1922 Simplici-
1274 1877 1278 1920 Ι

239 1937 294 1965 ter
325 1932 420 1965 enirn
453 1932 624 1978 cuiusque
659 1929 828 1966 thematis
864 1938 1032 1965 naturam
1064 1937 1097 1963 et
1129 1936 1249 1974 partes

241 1984 420 2025 ostendit,
456 1990 489 2017 et
512 1985 609 2030 quod
628 1984 868 2029 proponitur,
901 1984 991 2017 adeo
1010 1982 1114 2016 certis
1131 1981 1249 2016 verbis

240 2037 474 2086 praescribit,
502 2044 631 2070 utnon
648 2037 761 2081 possit
780 2048 856 2069 non
881 2033 1123 2082 deprehendi,
1151 2035 1249 2080 quic-

242 2093 329 2139 quid
353 2092 464 2131 inest,
497 2090 571 2125 sive
596 2089 692 2130 veri,
727 2089 801 2123 sive
823 2088 915 2123 falsi.
988 2088 1021 2121 A
1044 2085 1249 2121 Rhetoricis

242 2145 441 2189 discrepat,
478 2144 576 2189 quod
601 2140 689 2176 haec
715 2141 942 2186 splendidam
972 2140 1106 2185 magis,
1144 2146 1178 2172 et
1204 2140 1249 2172 ad

242 2203 387 2242 captum
418 2196 630 2240 popularem
665 2194 867 2227 orationem
902 2193 1104 2231 instruunt,
1138 2191 1250 2225 diale-

242 2249 330 2282 ctica
359 2254 492 2282 certam
522 2254 555 2281 et
571 2254 731 2281 exactam
749 2248 951 2286 adornant,
980 2252 1014 2279 et
1031 2246 1138 2290 plane
1156 2243 1249 2277 indi-

243 2313 318 2334 cem
338 2300 513 2334 orationis
531 2298 769 2339 Rhetoricae,
797 2312 859 2334 seu
877 2298 1061 2333 amussim.
1104 2296 1160 2330 De
1178 2308 1249 2342 qua

241 2365 280 2386 re
307 2354 400 2386 infra
427 2353 464 2385 in
488 2366 592 2387 usum
613 2352 813 2386 dialectices
829 2351 993 2397 pluribus
1010 2362 1125 2395 agam.
1179 2348 1249 2382 Ne-

242 2419 311 2452 que
339 2406 527 2452 quisquam
549 2404 743 2438 Dialectica
770 2410 872 2450 putet
895 2404 992 2437 aliud
1016 2415 1111 2442 esse,
1139 2412 1248 2447 quarn

241 2458 394 2492 rationis
420 2455 600 2491 humanae
631 2470 695 2491 ceu
723 2457 821 2491 filum
850 2457 1058 2503 quoddam,
1093 2467 1165 2500 quo
1191 2466 1249 2486 cu-

242 2511 369 2557 iusque
401 2510 452 2543 rei
481 2511 748 2553 cognoscendae
778 2516 944 2542 naturam
975 2514 1167 2553 partesque
1192 2517 1249 2538 or-

243 2563 326 2597 dine
353 2563 511 2610 quodam
539 2562 773 2605 vestigamus,
803 2574 874 2607 quo
902 2561 939 2594 in
961 2559 1088 2606 quavis
1104 2571 1142 2592 re
1161 2558 1249 2604 quid

242 2616 332 2654 veri,
361 2615 447 2661 quid
464 2615 543 2648 falsi
560 2614 617 2653 sit,
645 2614 889 2659 perquirimus
901 2613 943 2657 l).
990 2612 1112 2658 Quare
1132 2622 1248 2656 neque

282 2728 309 2757 l)
330 2725 478 2750 Annotatio
499 2724 676 2755 marginalis:
703 2723 856 2746 Dialectica
874 2727 929 2745 non
949 2724 1005 2745 tam
1024 2727 1072 2744 ars
1089 2724 1147 2753 est,
1169 2726 1249 2751 quam

315 2762 451 2784 naturalis
470 2760 578 2791 quidam
599 2758 718 2783 omnium
737 2759 886 2781 thematum
908 2758 1120 2780 tractandorum
1140 2756 1249 2780 ductus.

1304 1756 1407 1789 labor
1431 1755 1524 1789 ullus
1548 1755 1655 1789 fuerit
1680 1755 1830 1801 adsequi
1846 1753 2042 1788 Dialectica
2055 1780 2064 1794 ,
2091 1753 2122 1788 si
2139 1754 2183 1787 ad
2201 1752 2315 1786 animi

1306 1872 1388 1893 nem
1415 1861 1746 1904 cognoscendarum
1773 1871 1894 1892 rerum
1914 1858 2064 1898 insevit,
2092 1855 2180 1891 haec
2197 1856 2315 1901 expri-

1305 1918 1421 1946 munt.
1475 1910 1593 1956 Vulgo
1609 1911 1743 1945 idiotae
1763 1917 1798 1944 et
1811 1911 2001 1944 literarum
2018 1916 2181 1954 expertes
2201 1920 2315 1954 quan-

1304 1965 1386 1997 dam
1417 1975 1537 1997 rerum
1562 1963 1857 2009 consequentiam
1880 1962 2066 1995 communi
2088 1967 2240 1995 naturae
2259 1972 2315 1993 ca-

1304 2022 1368 2061 ptu
1396 2022 1566 2056 cernunt,
1595 2016 1790 2060 videntque
1814 2026 2024 2059 progressus
2043 2020 2078 2047 et
2102 2012 2315 2046 antecessio-

1304 2081 1386 2108 nes,
1421 2074 1456 2101 et
1482 2081 1523 2101 ex
1548 2068 1627 2102 aliis
1653 2067 1720 2100 alia
1751 2067 1942 2110 colligunt,
1981 2064 2037 2098 hic
2062 2065 2136 2110 ipse
2162 2071 2314 2098 naturae

1303 2133 1448 2160 sensus,
1477 2118 1565 2153 haec
1583 2119 1734 2153 rationis
1753 2119 1878 2153 semita
1896 2117 2091 2152 Dialectica
2111 2123 2173 2151 est.

1408 2198 1560 2232 Fructus
1585 2198 1855 2244 dialecticae2)‚
1884 2203 1935 2231 est
1959 2195 2108 2241 proprie
2126 2201 2161 2228 et
2179 2199 2313 2233 exacte,

1304 2252 1348 2284 de
1372 2252 1590 2297 quocunque
1616 2248 1794 2290 themate,
1824 2250 1932 2295 idque
1959 2249 2087 2282 ordine
2112 2247 2157 2280 ad
2181 2247 2314 2280 docen-

1305 2305 1390 2338 dum
1417 2303 1693 2336 accommodato
1720 2314 1824 2348 posse
1852 2302 1981 2336 dicere.
2041 2298 2212 2345 Inprimis
2236 2297 2312 2331 dia-

1304 2355 1468 2389 lecticum
1492 2355 1682 2389 artificium
1711 2356 1801 2388 ordo
1821 2354 2070 2392 commendat,
2098 2351 2255 2398 quicum
2278 2354 2313 2381 et

1303 2409 1341 2441 in
1364 2407 1553 2447 discendo,
1583 2415 1616 2441 et
1636 2407 1674 2441 in
1691 2407 1854 2441 docendo
1872 2405 2070 2451 plurimum
2089 2401 2220 2436 habeat
2235 2413 2313 2434 mo-

1305 2459 1437 2500 menti,
1471 2459 1609 2494 facilius
1631 2460 1832 2505 certiusque
1852 2471 1932 2492 curn
1957 2457 2118 2497 discunt,
2146 2461 2223 2488 tum
2247 2454 2312 2486 do-

1305 2519 1385 2546 cent
1398 2539 1406 2553 ,
1437 2512 1498 2557 qui
1513 2512 1731 2546 Dialecticne
1747 2511 1854 2556 periti
1873 2516 1968 2544 sunt.
2005 2508 2115 2554 Quod
2131 2506 2169 2539 in
2188 2515 2311 2540 caussa

1305 2571 1376 2604 est,
1411 2576 1473 2598 cur
1506 2562 1612 2599 huius
1637 2564 1779 2598 artificii
1806 2563 1985 2596 rationem
2012 2572 2052 2594 ac
2075 2571 2179 2594 usum
2206 2557 2311 2592 Plato

1305 2622 1494 2661 tantopere
1514 2618 1655 2662 probet.

1337 2754 1368 2786 2)
1388 2756 1490 2779 Annot.
1510 2759 1615 2784 marg:
1641 2753 1712 2777 Vide
1731 2750 1804 2776 iutra
1824 2751 1856 2775 de
1875 2756 1926 2774 usu
1945 2748 2115 2774 dialecticae.
