2421 3037
262 134 336 171 639

260 221 414 257 ecclesiis
444 224 593 264 propter
622 214 738 248 studia
774 219 806 245 et
842 213 886 245 ad
924 211 1071 244 alendos
1097 214 1258 253 pastores
1284 227 1286 257 3

260 277 471 308 manserunt
491 280 599 313 penes
618 263 830 299 Monac-hos.
1285 261 1287 283 ι

785 124 907 160 PHIL.
936 122 1050 158 MEL.
1079 118 1284 156 SCRIPTA
1310 115 1441 150 VARII
1472 114 1777 151 ARGUMENTI.

1312 210 1433 238 neant.

2241 111 2318 147 640

1489 203 1535 237 Et
1551 203 1636 236 novi
1654 215 1693 236 ac
1716 201 1897 248 peregrini
1924 200 2036 245 magis
2062 205 2145 234 sunt
2171 198 2318 232 obnoxii

1314 255 1485 290 invidiae.
1538 255 1631 288 Hinc
1656 255 1824 288 oriuntur
1850 251 2048 287 certamina
2072 257 2107 284 et
2133 250 2318 285 factiones.

365 325 452 357 Cum
477 326 594 352 autem
622 318 693 351 iam
722 322 907 349 mutentur
930 311 1150 347 Monasteria
1166 338 1173 351 ‚
1207 322 1260 342 re-
1286 305 1288 346 ζ
1313 309 1508 342 Prodesset
1523 312 1646 340 tamen
1657 307 1700 340 ad
1711 308 1827 339 sannae
1844 304 2087 338 celebritatem
2105 302 2191 335 addi
2206 314 2319 336 unum

262 376 456 410 ctissimum
484 378 554 411 est,
598 376 637 403 ut
662 371 756 402 bona
784 380 905 401 rursus
930 366 1193 400 transferantur
1217 362 1259 394 ad
1287 360 1290 414 ξ

261 427 436 461 iuvandas
456 421 620 457 ecclesias
646 428 678 454 et
701 419 861 459 scholas,
895 431 933 451 ac
960 419 1003 451 ad
1030 416 1176 449 alendos
1202 426 1261 459 pa-
1289 444 1291 472 ἱ

260 485 374 514 stores
405 482 439 509 et
469 485 644 519 pauperes
677 471 919 507 scholasticos.
987 470 1103 504 Nemo
1134 466 1265 499 militat
1290 482 1292 511 3,

261 530 334 565 suis
351 527 538 572 stipendiis
551 553 558 566 ,
583 525 700 570 inquit
717 522 923 566 Paulus-5⁸).
955 520 999 554 Et
1014 519 1081 553 liae
1102 531 1186 563 opes
1204 518 1264 550 da·
1290 536 1294 590 l

262 580 359 628 taess)
375 585 457 614 sunt
468 577 647 617 Ecclesiis,
676 583 715 610 ut
732 576 803 610 sint
820 575 995 619 stipendia
1015 571 1221 605 docentium
1234 569 1265 616 ⁷)
1291 594 1294 644 Ι

267 641 299 669 et
318 631 544 666 discentium.
598 627 694 661 ldem
721 627 906 660 clamitant
934 631 1069 657 veteres
1099 633 1265 655 canones.
1292 650 1295 672 1

264 686 349 720 Ideo
367 683 454 717 boni
473 681 539 714 viri
560 687 593 714 et
610 686 774 725 potentes
792 679 830 712 in
845 676 1042 722 Republica
1053 675 1083 722 ⁸)
1102 674 1267 707 annitan-
1294 682 1297 718 ἰ

266 746 325 772 tur
340 735 508 769 omnibus
523 733 660 766 viribus
673 760 681 771 ,
715 739 755 766 ut
777 744 817 765 ex
843 730 971 775 opibus
988 725 1268 765 Monachorum,
1295 720 1298 762 Ξ

266 794 442 836 quantum
463 785 619 819 obtineri
636 790 766 829 potest,
784 783 1051 816 constituantur
1069 776 1269 812 parochiae

266 849 300 876 et
320 837 483 874 scholae.
537 837 650 881 Saepe
668 837 766 870 soleo
785 847 849 879 per
865 835 983 867 iocum
1003 832 1152 865 recitare
1175 837 1270 863 vete-
1296 862 1299 878 1

266 905 343 928 rem
368 889 583 924 versiculum
608 890 651 921 de
674 886 748 926 bis,
781 887 843 933 qui
876 884 1028 919 accusati
1060 884 1097 917 in
1131 881 1271 917 iudiciis
1297 880 1299 910 ἱ

266 945 441 991 praedam
474 941 684 975 dividebant
710 952 790 972 cum
817 938 1011 977 iudicibus,
1055 943 1094 969 ut
1117 949 1152 970 se
1179 934 1271 968 redi-

268 1002 420 1031 merent.
473 993 656 1027 Sententia
675 991 840 1025 versiculi
861 988 948 1023 haec
968 996 1037 1022 est:
1067 988 1139 1033 Qui
1159 987 1270 1021 multa

267 1050 408 1082 furatus
426 1052 488 1085 est,
518 1052 552 1078 et
570 1056 680 1089 pauca
701 1045 762 1076 dat
779 1043 901 1081 iudici,
931 1041 1099 1080 elabitur,
1117 1038 1135 1075 ὃ
1156 1035 1273 1074 πολλὰ

268 1098 428 1146 κλέψας,
455 1095 518 1131 καὶ
537 1094 645 1145 ὀλίγα
660 1093 770 1136 δοὺς,
800 1090 1028 1142 ἐκφεύξεται.
1084 1092 1140 1125 Sic
1156 1093 1198 1124 de
1219 1089 1274 1123 his

270 1149 534 1195 direptionibus
554 1147 856 1181 monasteriorum
878 1146 1057 1178 interdum
1076 1144 1175 1181 dico,
1203 1141 1275 1175 Eos

273 1203 335 1249 qui
354 1207 479 1235 tenent
498 1200 576 1234 illas
593 1199 854 1244 possessiones,
890 1197 919 1231 si
936 1197 1061 1231 saltem
1082 1208 1194 1240 pauca
1216 1196 1275 1227 de-

273 1256 434 1288 ciderent
449 1253 494 1285 ad
512 1251 686 1285 Ecclesias
704 1258 738 1284 et
754 1248 902 1284 Scholas
918 1249 1107 1288 iuvandas,
1133 1246 1274 1280 veniam

273 1317 419 1352 sperare
454 1316 569 1349 posse.
650 1303 809 1336 Caeteris
841 1302 1000 1346 profecto
1032 1300 1133 1334 nullo
1167 1299 1276 1332 modo
1303 1306 1306 1339 ξ

273 1357 530 1403 ignoscendum
550 1362 620 1395 est,
649 1355 711 1400 qui
730 1354 912 1387 devoratis
929 1351 984 1387 his
1002 1352 1132 1397 opibus
1155 1352 1279 1385 sinunt

274 1416 436 1455 pastores
455 1420 534 1441 cum
552 1406 697 1440 familiis
713 1406 807 1439 fame
827 1406 945 1451 perire
958 1432 966 1445 ‚
994 1402 1134 1438 scholas
1151 1402 1279 1443 deseri,

275 1460 436 1505 extingui
453 1460 638 1493 literarum
660 1458 789 1492 studia.
844 1457 953 1491 Vides
971 1463 1112 1496 autem,
1143 1461 1277 1502 quanta

276 1514 321 1549 sit
339 1512 522 1558 opulentia
545 1511 805 1544 coenobiorum
834 1509 943 1543 totius
968 1508 1126 1542 ditionis.
1194 1506 1279 1540 Inde

275 1566 306 1601 si
324 1566 368 1598 ad
386 1564 534 1603 reditus,
562 1575 652 1608 quos
671 1562 742 1595 iam
760 1560 869 1595 habet
880 1561 1088 1600 Academia,
1105 1560 1280 1592 adderen-

278 1625 337 1652 tur
353 1616 422 1650 tria
442 1622 504 1649 aut
521 1621 677 1660 quatuor
693 1613 792 1647 milia
815 1625 1009 1647 aureorum
1031 1624 1171 1650 annua,
1201 1623 1280 1656 pos-

278 1676 357 1704 sent
381 1667 531 1702 honesta
560 1666 738 1711 stipendia
763 1672 796 1698 et
814 1664 1034 1698 Doctoribus
1051 1671 1084 1697 et
1102 1663 1282 1709 aliquibus

278 1720 499 1767 pauperibus
515 1716 735 1753 scholasticis
753 1717 933 1751 constitui.
975 1716 1110 1750 Mirum
1133 1721 1183 1749 est
1200 1727 1283 1760 pro-

278 1775 393 1813 fecto,
428 1772 456 1806 si
481 1783 556 1804 non
581 1770 769 1814 impetrari
795 1776 933 1815 potest,
968 1775 1008 1802 ut
1031 1781 1072 1801 ex
1098 1773 1199 1801 tanto
1225 1779 1284 1801 cu-

280 1825 378 1859 mulo
389 1822 421 1871 9)
441 1823 620 1857 tantillum
638 1822 826 1867 perveniat
843 1823 887 1855 ad
904 1818 1072 1855 Scholam
1084 1847 1093 1860 ‚
1123 1832 1214 1866 quae
1234 1825 1285 1853 est

276 1877 514 1922 ⁴praecipuum
534 1880 788 1908 ornamentum
807 1874 917 1908 totius
934 1872 1093 1907 ditionis.
1146 1871 1286 1905 Incum-

280 1930 342 1962 bes
366 1928 475 1972 igitur
498 1933 673 1972 quantum
699 1926 853 1970 poteris,
890 1932 929 1959 nt
960 1925 1097 1971 aliquid
1127 1924 1210 1957 inde
1242 1924 1286 1957 ad

279 1979 512 2016 Academiam
534 1978 729 2012 derivetur.

385 2030 425 2064 In
440 2031 626 2064 Facultate
645 2030 775 2063 artium
802 2027 942 2063 habetis
968 2029 1107 2075 aliquot
1128 2029 1288 2062 eruditos

281 2083 495 2128 Magistros,
523 2089 557 2116 et
574 2082 752 2116 rationem
779 2080 906 2115 haberi
934 2082 1197 2126 praesentium,
1226 2080 1288 2127 qui

282 2141 365 2170 sunt
384 2135 524 2175 idonei,
552 2135 639 2169 utile
658 2141 710 2169 est
727 2134 848 2168 multis
872 2135 915 2167 de
941 2133 1067 2168 causis.
1129 2132 1287 2167 Invitan-

284 2194 342 2220 tur
362 2187 457 2220 enim
471 2186 516 2232 ¹⁰)
538 2187 681 2227 caeteri,
698 2193 736 2220 ut
757 2187 792 2219 in
813 2186 1006 2220 Academia
1027 2185 1196 2220 libentius
1213 2197 1288 2219 ma-

319 2296 371 2325 52)
394 2298 416 2321 1.
431 2296 496 2321 cor.
514 2296 541 2328 9,
560 2296 585 2320 7.
1315 2303 1317 2337 i

319 2338 351 2369 6)
371 2337 465 2371 datae]
485 2339 568 2365 Cod.:
599 2339 664 2372 date
1316 2342 1317 2372 χ

320 2380 351 2412 7)
370 2381 539 2414 docentium]
560 2383 642 2407 Cod.:
669 2383 812 2407 docentum
1316 2384 1318 2411 ὲ

321 2428 351 2455 8)
373 2425 541 2455 Republica]
557 2426 641 2451 Cod.:
668 2427 771 2457 Repub.
1315 2415 1318 2480 ἱ

320 2467 351 2500 9)
372 2469 494 2498 cumulo]
515 2469 597 2494 Com:
625 2470 732 2493 rumulo

326 2511 370 2539 ¹⁰)
391 2510 475 2543 enini]
498 2512 564 2536 Cod.
585 2513 664 2536 habet
683 2512 842 2542 scripturae
862 2512 1069 2543 compendium:
1097 2518 1131 2536 ,ιι
1315 2486 1319 2533 i

1317 361 1487 406 aliquem,
1505 359 1567 404 qui
1590 358 1817 391 antecelleret
1835 357 1996 396 caeteris,
2025 361 2059 388 et
2076 353 2171 388 tueri
2188 354 2320 387 virtute

1316 414 1435 446 locum
1456 418 1587 457 posset.
1642 410 1769 443 Talem
1787 409 1907 443 iudico
1924 420 1997 442 esse
2014 403 2238 440 Ioachimum
2256 404 2322 438 Ca-

1318 465 1514 498 merarium
1528 491 1536 505 ,
1563 462 1825 509 quiTubingac
1841 460 1968 506 estu),
1996 458 2058 505 qui
2077 463 2226 503 propter
2244 468 2324 490 eru-

1319 517 1495 550 ditionem
1524 527 1655 559 magno
1681 514 1760 548 usui
1795 519 1885 547 esset
1915 513 2057 546 futurus
2082 508 2255 549 Scholae,
2290 513 2325 541 et

1320 582 1439 603 mores
1467 568 1541 602 eius
1560 573 1644 601 sunt
1668 564 1943 603 modestissimi,
1977 569 2011 596 et
2038 568 2167 596 natura
2193 558 2325 594 abhor—

1321 633 1402 654 rens
1422 633 1439 653 a
1458 619 1672 653 factionibus
1691 624 1724 651 et
1741 616 1941 651 discordiis.
2002 613 2179 648 Existimo
2205 618 2323 647 autem

1322 685 1424 718 posse
1444 672 1475 705 ei
1496 670 1716 716 persuaderi,
1734 676 1772 703 ut
1790 682 1825 704 se
1842 669 1885 701 ad
1903 680 1967 701 vos
1983 666 2155 700 conferat.
2182 663 2229 698 Et
2245 676 2327 709 pos-

1323 732 1375 760 set
1395 736 1466 758 esse
1487 724 1707 768 gubernator
1727 721 1836 756 totius
1854 715 2104 764 Philosophici
2118 713 2239 751 studii.
2272 714 2327 749 Iu-

1296 800 1298 818 ζ
1323 778 1403 811 dico
1428 775 1535 809 etiam
1563 775 1749 820 Micyllum
1778 787 1817 807 :ic
1842 771 2042 806 Sturmium
2066 770 2217 803 idoneos
2241 779 2328 802 esse.

1324 829 1392 864 Sed
1408 828 1607 862 Sturmium
1630 827 1687 860 vix
1703 826 1859 859 dimittet
1873 823 2084 868 Argentina.

1429 880 1531 925 Opus
1565 886 1615 914 est
1651 878 1758 912 etiam
1784 878 1885 912 vobis
1910 872 2168 910 Mathematico
2193 871 2329 917 profes-

1326 945 1426 973 sore,
1461 934 1505 966 de
1532 945 1603 978 quo
1629 931 1665 964 in
1690 930 1879 964 consilium
1907 926 2131 961 adhibendus
2155 924 2224 959 erit
2237 923 2330 958 Bor-

1326 998 1445 1020 nerus.

1431 1037 1477 1071 Et
1505 1037 1594 1070 ordo
1620 1036 1814 1069 lectionum
1843 1031 2142 1079 praescribendus
2169 1034 2260 1063 esset
2291 1039 2331 1060 ac

1329 1096 1444 1124 certus
1484 1100 1655 1122 numerus
1692 1087 1961 1121 ordinariarum
1999 1083 2195 1118 lectionum
2232 1079 2331 1114 insti-

1329 1143 1504 1178 tuendus,
1534 1140 1698 1173 videlicet
1722 1146 1822 1179 octo,
1852 1144 1913 1171 aut
1930 1136 2082 1171 circiter.

1382 1192 1535 1239 Physica
1557 1191 1758 1226 Aristotelis

1383 1245 1578 1279 Dialectica
1597 1242 1801 1278 Aristotelis

1384 1298 1572 1332 Elementa
1591 1296 1804 1330 Dialectices
1823 1306 1862 1327 ac
1880 1291 2091 1326 Rhetorices
2113 1296 2153 1324 ut
2171 1286 2338 1323 Caesarei

1384 1349 1579 1384 Dialectica

1386 1402 1533 1438 poetica
1549 1400 1653 1435 lectio

1387 1453 1559 1488 Oratoria
1582 1453 1686 1486 lectio
1706 1450 1925 1495 Quintiliani
1947 1456 1981 1485 et
1997 1449 2182 1484 Ciceronis

1386 1505 1475 1539 Item
1492 1503 1617 1539 Ethica
1638 1515 1703 1550 per
1720 1503 1826 1537 vices.

1440 1556 1719 1591 Mathematicae
1749 1557 1852 1590 duae.
1923 1554 2088 1600 Quarum
2124 1553 2237 1587 altera
2268 1558 2341 1586 tra-

1335 1611 1452 1644 denda
1481 1616 1514 1643 et
1540 1609 1690 1644 subinde
1722 1608 1918 1653 repetenda
1949 1612 2033 1640 sunt
2060 1605 2269 1646 Elementa,
2302 1611 2343 1638 ut

1336 1660 1588 1697 Arithmetica.
1631 1660 1761 1694 Libelli
1781 1661 1824 1694 de
1841 1658 2002 1705 sphaera
2013 1658 2079 1706 12),
2105 1664 2140 1693 et
2157 1657 2342 1693 Secundus

1336 1715 1459 1749 Plinii,
1529 1714 1585 1748 Ad
1618 1714 1766 1747 alteram
1801 1710 2003 1747 Theoricae
2035 1711 2271 1746 Planetarum
2308 1715 2343 1744 et

1338 1768 1471 1802 similes
1492 1766 1576 1800 libri
1602 1766 1819 1811 pertineant.

1443 1819 1580 1854 Graeca
1614 1818 1823 1863 praelectio.
1887 1816 1979 1852 Nam
2007 1816 2160 1852 Ebraica
2185 1819 2231 1852 ad
2257 1819 2343 1853 alte—

1340 1885 1420 1906 rum
1440 1885 1481 1906 ex
1500 1869 1695 1915 Theologis
1722 1870 1890 1915 pertinet.

1445 1925 1501 1957 Ad
1532 1921 1597 1958 has
1622 1922 1881 1968 praelectiones
1911 1923 2080 1957 accedere
2116 1923 2344 1958 consuetudi-

1342 1990 1424 2011 nem
1446 1976 1654 2022 disputandi
1671 1989 1711 2009 ac
1727 1975 1953 2010 declamandi
1970 1976 2129 2021 prodest.

1446 2029 1603 2063 ineunda
1624 2035 1675 2063 est
1691 2029 1799 2062 etiam
1816 2029 1923 2069 ratio,
1940 2034 1980 2062 ut
1997 2028 2109 2075 aliqui
2127 2028 2288 2074 praesint
2306 2028 2344 2061 in

1343 2082 1510 2127 Collegiis
1535 2088 1706 2127 tanquam
1724 2082 1887 2115 custodes
1913 2087 1946 2114 et
1969 2081 2231 2125 gubernatores
2248 2080 2344 2115 illius

1342 2131 1558 2175 iuventutis,
1586 2145 1678 2181 quae
1696 2133 1744 2167 ibi
1768 2131 1918 2167 habitat.

1380 2255 1425 2283 11)
1445 2254 1485 2277 Ex
1512 2254 1553 2277 his
1580 2254 1674 2277 vei-bis
1700 2253 1885 2284 intelligitur,
1919 2253 1986 2277 haec
2010 2253 2083 2277 inter
2109 2258 2198 2278 auuos
2227 2253 2294 2277 1535
2317 2253 2345 2276 et

1415 2289 1490 2313 1541.
1511 2295 1576 2313 esse
1596 2290 1709 2320 scripta.
1748 2288 1902 2313 loachimus
1915 2288 2094 2313 Camerarius
2114 2287 2188 2312 enim
2207 2293 2252 2314 an.
2269 2287 2344 2312 1535.

1412 2325 1446 2347 ab
1461 2324 1555 2348 Uirico
1571 2324 1645 2348 Duce
1656 2323 1916 2355 wirtembergensi
1930 2324 2064 2348 evocatus
2074 2340 2081 2354 ,
2100 2328 2118 2348 a
2131 2329 2204 2348 novo
2216 2323 2346 2354 Gymna-

1412 2359 1453 2383 sio
1473 2359 1719 2391 Not-imbergensi,
1740 2359 1782 2383 cui
1801 2359 1865 2382 inde
1884 2360 1919 2382 ab
1938 2364 1982 2383 an.
1998 2358 2073 2382 1526.
2094 2357 2253 2389 praefectus
2272 2358 2345 2387 erat,

1413 2394 1546 2425 migravit
1566 2394 1592 2418 in
1613 2394 1789 2418 Academiam
1802 2394 2003 2424 Tubingensem
2023 2394 2051 2417 et
2070 2393 2186 2423 denique
2203 2398 2249 2417 an.
2267 2392 2344 2416 ¹541.

1412 2431 1529 2453 vocatus
1548 2430 1582 2454 ab
1601 2429 1738 2459 Heni-ico,
1764 2430 1837 2453 Duce
1857 2429 2013 2457 saxoniae,
2038 2428 2159 2458 Lipsiam
2178 2427 2271 2457 venit,
2291 2426 2345 2451 ibi-

1414 2470 1465 2494 que
1485 2465 1572 2489 bonas
1593 2464 1692 2489 lite-ias
1712 2464 1831 2488 feliciter
1850 2464 1951 2488 docuit.

1382 2506 1426 2539 12)
1447 2506 1597 2540 Spliaera,]
1618 2508 1701 2532 Coti:
1727 2509 1843 2541 sphera,
