2389 3037
87 84 171 122 ,409

95 172 207 206 Piscis
222 171 259 203 in
277 170 466 216 aequoreis
484 182 548 214 per
563 176 596 203 te
617 181 691 202 non
707 169 830 202 interit
848 169 968 209 undis,

148 222 291 256 Invenit
305 229 340 256 et
361 229 461 256 muto
479 234 586 267 quem
606 221 701 265 legat
720 233 781 254 ore
803 221 936 262 cibum,

97 275 280 321 Quicquid
316 272 423 308 habet
458 274 581 314 tellus,
628 285 693 318 per
721 280 753 306 te
783 286 894 318 genus
923 284 1029 307 omne
1055 272 1104 305 fe-

666 337 818 362 rarum.

148 378 188 412 In
206 377 396 424 praefinito
414 376 503 409 vivit
525 376 670 423 agitque
688 378 780 412 loco.

96 430 189 464 Vere
206 442 301 464 novo
320 441 467 474 serpens
492 430 587 463 cavis
606 430 795 474 prosibilat
812 428 935 462 antris.

147 483 242 516 Ante
259 488 380 515 tamen
398 482 549 515 brumae
571 482 723 526 frigore,
752 480 867 514 nutrit
882 478 1026 518 humus,

98 535 195 581 Quid
224 546 443 572 memorem,
479 531 589 571 nihil,
631 539 837 576 contempta
876 531 1107 571 animalcula,

671 596 822 623 vermes,

147 637 189 671 In
209 639 305 671 ferro
318 665 326 677 ,
355 638 468 678 saxis,
498 637 660 681 gramine
675 664 684 676 ‚
712 636 861 675 fronde,
888 636 978 676 luto,

95 690 152 724 En
171 690 323 735 dapibus
340 689 455 734 plenis
473 701 625 734 parvus,
655 695 714 722 tua
735 688 885 721 numina
901 715 909 727 ‚
938 687 1083 727 mensis,

146 742 244 776 Grex
261 748 365 775 vocat
384 741 513 774 infanti
531 747 565 773 te
586 741 682 773 canit
701 753 762 773 ore
781 739 912 780 Deum,

96 793 169 839 Qui
187 794 298 828 factos
317 794 402 826 sacis
421 805 495 827 esse
513 799 612 832 tuos,
641 805 731 838 quos
751 793 880 826 educat
897 792 990 824 alma

148 845 302 879 Dextera
317 872 326 885 ,
352 843 407 879 his
424 851 601 889 perpetuo
618 845 673 877 fac
692 851 795 889 pater
813 857 886 878 esse
904 843 1002 877 velis.

438 956 555 990 Puer
592 957 768 990 tamias.

97 1025 295 1072 Postquam
326 1032 491 1071 exempta
519 1025 652 1064 fames,
690 1025 876 1071 epulisque
903 1025 1024 1069 fugata
1055 1037 1109 1057 re-

674 1077 788 1117 cessit,

148 1129 205 1163 Ad
222 1130 381 1163 studium
397 1130 521 1163 redeat
537 1129 688 1174 parvula
708 1130 812 1162 turba
836 1141 954 1163 suum.

96 1180 154 1215 Da
179 1188 304 1226 pater,
338 1182 430 1222 alta,
467 1187 530 1215 tuo
559 1181 623 1214 tihi
647 1193 819 1221 munere,
854 1192 1008 1225 corpora
1036 1192 1110 1214 cre-

674 1239 786 1273 scant,

149 1284 231 1318 Una
255 1284 299 1318 sit
318 1284 511 1329 imperium
532 1296 614 1317 cura
637 1284 766 1318 obiisse
785 1290 901 1318 tuum.

98 1335 179 1371 Neu
204 1343 265 1370 tua
290 1349 369 1370 cum
394 1342 530 1369 mereat
550 1348 654 1376 aera,
680 1333 778 1369 haud
796 1342 856 1369 tua
876 1336 970 1370 iussa
989 1347 1110 1379 capes·
1136 1354 1137 1366 η

674 1394 765 1421 sant.

151 1439 261 1485 Quod
281 1439 404 1473 iubeas
421 1438 576 1479 faciant,
604 1440 775 1485 quodque
793 1444 890 1473 vetes
906 1437 1058 1483 fugiant.

99 1491 156 1526 sic
172 1492 210 1524 in
228 1491 401 1524 concordi
419 1492 525 1535 degat
541 1502 643 1525 mens
663 1503 834 1536 corpore,
861 1497 897 1524 et
913 1502 985 1524 una

152 1542 372 1583 Conveniet,
400 1549 516 1577 tecum
536 1542 581 1577 sit
598 1543 674 1576 sine
691 1544 762 1577 fine
782 1543 870 1577 dies.

397 1650 575 1688 Chorus
604 1655 816 1698 puerilis.

98 1725 234 1758 Adesto
252 1734 363 1768 parve
382 1734 467 1766 grex
479 1749 488 1763 ,
517 1722 630 1766 patris
647 1724 768 1767 magni
788 1724 920 1768 proles,

152 1775 278 1820 Magni
297 1774 429 1818 patris,
458 1774 581 1818 magni
596 1773 677 1807 Dei.

100 1826 245 1863 Christo
267 1838 388 1867 sacer,
414 1826 569 1871 ducique
588 1824 733 1860 Christo
752 1828 916 1867 devotus,

151 1879 326 1912 Dicamus
342 1879 467 1912 laudes
485 1877 640 1918 numini,

99 1931 233 1965 Versus
251 1942 423 1964 canamus
440 1930 601 1963 blaesulo
624 1930 719 1964 leves
741 1942 816 1970 ore,

153 1983 332 2022 Carmen,
360 1982 494 2022 melos,
523 1979 670 2027 cythara
683 2009 692 2022 ,
722 1983 811 2027 lyra.

100 2035 156 2070 En
175 2034 395 2080 perbenigne
412 2034 533 2067 debito
552 2033 631 2066 cibo
652 2034 801 2079 accepti,

153 2087 348 2127 Redimus,
376 2093 411 2119 et
427 2083 519 2119 nihil
533 2086 644 2120 deest.

101 2138 216 2185 Igitur
235 2151 317 2173 aves
340 2144 492 2172 sonante
512 2143 655 2182 gutture
676 2138 845 2173 coelestes

155 2190 346 2236 Complere
364 2196 541 2223 certantes
561 2190 702 2231 domos,

101 2243 251 2278 Sursum
269 2243 439 2276 deorsum
458 2248 492 2275 et
509 2241 547 2274 in
561 2242 656 2276 vices
671 2243 946 2287 provolitantes‚

154 2296 198 2330 Se
215 2295 312 2340 ipsos
328 2295 512 2328 studentes
530 2294 686 2335 vincere,

100 2348 250 2382 Frustra
269 2347 453 2386 videmus,
484 2352 518 2379 et
533 2345 627 2380 feras
643 2359 705 2380 sua
724 2359 811 2381 voce

154 2399 318 2433 Faterier
337 2398 502 2443 opificem
523 2397 667 2431 Deum?

102 2451 246 2486 Mutum
266 2449 378 2491 nihil,
406 2450 554 2484 tacitum
575 2448 687 2491 nihil,
716 2457 843 2484 cuncta
864 2463 1007 2491 sonare,

155 2504 228 2537 Aut
242 2503 341 2548 signa
363 2504 461 2537 vocis
478 2503 594 2536 edere.

103 2555 155 2589 Ut
171 2556 236 2590 sub
253 2556 425 2600 profundi
442 2554 602 2589 fluminis
619 2553 717 2598 vagis
734 2554 854 2596 undis,

155 2606 286 2641 Laevis
303 2608 384 2641 salit
398 2620 484 2652 gens
503 2606 667 2652 piscium.

104 2659 151 2693 Et
166 2671 241 2694 sese
258 2659 295 2692 in
314 2671 421 2693 auras
438 2660 566 2699 librat,
595 2670 636 2692 ac
652 2657 780 2703 recipit
795 2657 905 2694 intro.

156 2710 202 2746 Et
223 2724 295 2758 quo
313 2712 439 2753 datur,
466 2712 590 2746 laudat
606 2709 736 2745 Deum.

770 81 890 117 XCIX.
944 81 1214 118 ELEMENTA
1248 79 1490 116 PUERILIA.

2091 80 2169 118 410

1162 170 1208 202 At
1226 181 1291 203 nos
1307 181 1397 213 opus
1414 167 1603 212 proprium
1622 167 1754 212 patris,
1783 165 1931 212 pulchre
1948 169 2084 209 fictum,

1212 220 1323 265 Queis
1343 226 1461 253 mente
1479 231 1547 251 vox
1567 220 1610 252 ab
1629 220 1755 252 intima

1160 271 1287 312 Venit,
1314 284 1378 304 nec
1397 283 1459 304 ore
1478 271 1639 304 nascitur
1658 271 1776 304 inanis
1794 284 1949 306 summo.

1211 324 1286 358 Nos
1307 335 1391 367 ergo
1407 321 1519 369 quid?
1549 322 1772 356 tacebimus?

1159 375 1205 408 Et
1221 373 1355 408 hancce
1372 375 1516 408 laudem
1534 374 1656 408 bestiis
1676 375 1938 409 concedemus?

1132 428 1135 447 ²
1212 426 1245 460 O
1265 428 1368 461 turba
1388 427 1569 471 particeps
1587 426 1668 466 Dei,

1133 480 1135 494 ¹
1160 479 1313 512 Minime
1333 478 1551 518 tacebimus,
1578 479 1680 511 decet
1696 490 1763 512 nos
1782 484 1965 522 praestare

1212 530 1355 571 Brutis,
1384 532 1485 563 decet
1501 536 1605 563 natos
1625 543 1729 564 suum

1162 583 1289 616 Colere
1309 589 1518 628 parentem,
1546 582 1680 626 gratias
1700 594 1804 626 agere
1823 594 1986 627 magnas,

1213 635 1461 681 Pectoreque,
1490 646 1651 680 voceque
1672 634 1849 675 unanimi,

1161 687 1235 721 Pro
1251 694 1306 721 tot
1320 687 1501 721 beneficiis
1512 713 1521 727 ‚
1550 693 1584 719 et
1602 685 1804 720 innumeris
1822 686 1939 725 donis,

1215 739 1356 784 Quibus
1374 739 1434 772 ille
1453 751 1519 772 nos
1540 739 1771 771 condecorant.

1164 791 1272 837 Quod
1294 793 1472 826 vescimur
1488 791 1678 830 vitalibus,
1706 787 1893 830 homines,
1921 789 2030 830 auris,

1215 843 1380 877 Primum
1398 843 1509 888 ipsius
1526 840 1596 876 hoc
1612 854 1744 876 munus
1764 848 1828 876 est.

1163 894 1258 929 Dein
1276 897 1375 941 quod
1399 896 1517 940 ipsum
1540 894 1756 939 agnovimus
1774 894 1890 928 solum
1911 905 2061 934 numen,

1215 947 1445 982 Beneficium·
1457 953 1508 981 est
1526 946 1757 991 primarium.

1163 998 1319 1033 Pulcher
1340 1000 1438 1046 quod
1456 1011 1578 1040 sexus,
1606 996 1704 1031 haud
1723 1010 1779 1033 res
1796 998 2013 1043 spernenda.

1216 1051 1291 1086 Nec
1309 1063 1394 1086 saxa
1412 1063 1536 1086 sumus
1549 1077 1558 1091 ,
1587 1056 1649 1084 aut
1666 1050 1816 1095 stipites.

1165 1103 1274 1149 Quod
1290 1105 1385 1137 unde
1404 1104 1553 1137 edamus
1565 1129 1574 1143 ,
1602 1103 1817 1143 vestiamus,
1845 1108 1916 1142 est,
1946 1101 2098 1141 confert,

1216 1155 1263 1189 Et
1280 1156 1457 1190 discemus
1475 1155 1573 1201 quod
1591 1155 1739 1194 litteras,

1163 1207 1238 1241 Nec
1255 1208 1417 1252 degimus
1436 1206 1596 1252 bonique
1619 1206 1778 1252 malique
1797 1207 1964 1251 ignarum
1982 1216 2125 1238 aevum.

1216 1259 1311 1294 Num
1329 1259 1446 1293 laudis
1463 1265 1515 1292 est
1531 1258 1698 1292 occasio?

1135 1317 1138 1353 1
1164 1311 1288 1357 Quare
1305 1312 1398 1356 agite
1418 1323 1485 1355 pro
1503 1323 1538 1344 se
1556 1311 1709 1356 quisque
1729 1310 1981 1343 concelebrato

1217 1364 1358 1409 Quibus
1376 1369 1493 1408 potest
1509 1369 1648 1406 patrem
1671 1362 1789 1396 modis

1166 1415 1212 1449 Et
1231 1417 1275 1448 ad
1297 1428 1399 1449 suum
1416 1416 1541 1448 redeat
1560 1427 1650 1459 opus
1670 1414 1780 1447 alacri
1799 1419 1932 1446 mente.

1218 1468 1275 1501 Sic
1291 1467 1340 1501 sic
1358 1473 1460 1511 pater
1477 1472 1600 1500 noster
1617 1466 1727 1499 iubet.

1333 1561 1421 1596 Sub
1448 1572 1685 1605 vesperam
1715 1560 2008 1594 koimiticon.

1137 1624 1140 1633 Α
1166 1631 1271 1666 Nunc
1288 1631 1463 1670 cubitum,
1488 1631 1662 1676 quoniam
1679 1642 1810 1673 magna
1827 1635 1878 1663 est
1896 1641 1980 1674 pars
1998 1635 2074 1662 acta
2095 1629 2179 1670 diei,

1138 1723 1139 1732 ἵ
1218 1684 1480 1729 Tenebraeque
1499 1689 1613 1716 terras
1631 1688 1819 1727 occupant,
2096 1677 2103 1684 ⁸

1138 1742 1139 1773 1
1166 1735 1262 1769 lmus
1283 1736 1436 1781 quisque
1455 1747 1536 1769 suas
1556 1736 1684 1774 aedes,
1709 1746 1895 1779 pensoque
1920 1733 2040 1766 soluto

1219 1787 1352 1821 Curam
1372 1786 1443 1819 diei
1462 1786 1644 1832 ponimus.

1166 1839 1271 1874 Nunc
1288 1839 1435 1884 propria
1450 1865 1458 1878 ,
1488 1851 1508 1871 o
1526 1838 1652 1883 pueri,
1681 1836 1883 1871 occursabit
1900 1836 2026 1870 mortis
2043 1836 2175 1881 imago.

1218 1891 1402 1926 Germana
1422 1890 1507 1924 laeti
1524 1888 1612 1924 haec
1632 1895 1684 1924 est
1703 1890 1815 1935 quies.

1138 1947 1139 1974 i
1166 1943 1301 1978 Discite
1319 1956 1383 1977 vos
1400 1943 1514 1988 pntrI,
1544 1942 1672 1988 quanti
1689 1941 1791 1981 estis,
1820 1941 1964 1975 credere
1984 1946 2115 1974 vestro.

1138 1989 1139 1995 ἵ
1218 1995 1380 2029 Periistis
1392 2022 1400 2035 ,
1429 1993 1486 2028 hic
1509 1995 1538 2028 si
1553 1994 1722 2039 negligat.

1166 2047 1326 2092 Exiguus
1345 2054 1452 2081 restat
1472 2045 1686 2081 dehiscentis
1701 2045 1848 2090 spiritus
1868 2044 1953 2084 oris,

1219 2100 1320 2134 Mors
1337 2106 1481 2145 praeter
1498 2097 1594 2133 hunc
1613 2098 1802 2142 ipsissima.

1167 2151 1263 2197 Ergo
1282 2153 1382 2197 prius
1401 2151 1514 2186 dulcis
1532 2163 1640 2197 quam
1660 2150 1803 2183 claudat
1818 2147 1957 2181 lumina
1980 2158 2128 2181 somnus
2143 2173 2152 2187 ,

1218 2204 1265 2238 Et
1282 2205 1369 2238 fessa
1389 2205 1551 2237 membra
1570 2208 1718 2242 recreet,

1139 2278 1141 2293 t
1167 2257 1225 2292 Sic
1241 2256 1392 2301 geminis
1409 2268 1550 2290 sursum
1570 2257 1613 2288 ad
1633 2253 1816 2288 nascentia
1837 2252 1954 2286 sidera
1970 2250 2100 2296 palmis

1138 2306 1142 2348 Ι
1220 2309 1368 2349 Tensis‚
1397 2307 1597 2353 precamini
1619 2307 1757 2340 Deum:

1166 2361 1223 2395 Da
1250 2368 1374 2406 pater,
1410 2359 1503 2394 hanc
1530 2359 1671 2393 facilem
1702 2362 1827 2401 carpat
1850 2367 1951 2389 mens
1978 2355 2071 2387 laeta
2099 2353 2177 2399 qui-

1745 2416 1852 2448 etem,

1219 2465 1265 2499 Et
1284 2465 1320 2498 in
1339 2465 1420 2499 sinu
1437 2470 1620 2497 aeternam
1642 2469 1716 2496 tuo.

1436 2559 1497 2593 De
1527 2560 1654 2593 cultu
1685 2559 1909 2603 corporis.

1558 2620 1611 2654 Ex
1639 2620 1785 2654 Ovidio.

1170 2689 1239 2720 (Hic
1260 2690 1341 2713 [ocus
1355 2688 1561 2720 complectitur
1575 2688 1657 2713 ovid.
1675 2687 1740 2712 Art.
1757 2687 1847 2711 amat.
1863 2685 1887 2713 Ι,
1899 2682 2059 2709 5¹3—522.
2075 2682 2106 2708 et
2117 2682 2177 2715 nt,

1168 2725 1228 2749 299.
1249 2725 1306 2748 300.
1327 2724 1417 2748 755—
1430 2724 1507 2748 758..
1534 2725 1630 2753 ibique
1649 2723 1795 2753 [equatur.
1835 2722 1970 2752 Quacum·
1987 2720 2087 2744 autem
2107 2725 2177 2745 ver—
