2421 3037
277 108 352 145 355
876 107 996 141 [¹HIL.
1026 109 1139 142 allii.

276 197 366 231 Pars
404 196 517 242 epuliS
553 201 708 229 onerant
744 207 897 229 mensas.
969 192 1167 228 Eunuchus
1196 206 1287 229 mea.

276 249 367 283 Nam
402 255 435 282 et
468 246 525 281 hic
557 248 601 279 ad
628 246 848 280 intellectum
872 247 1027 279 refertur
1053 246 1287 287 constructio,

279 313 354 334 lue-‘³
370 300 436 345 8¹⁴),
465 298 598 333 scilicet
624 298 744 332 fabula
755 298 815 345 35).

519 377 738 424 Ζεῦγμα,
772 375 1043 409 Adiunctio.

381 435 471 469 Cum
496 436 620 470 multis
642 437 876 471 substantivis
906 450 1018 471 unum
1047 438 1197 470 verbum
1225 442 1287 469 aut

276 487 492 521 adiectivum
521 489 738 533 respondet,
779 490 840 523 sed
866 489 935 529 ita,
974 496 1013 523 ut
1040 489 1190 523 verbum
1225 500 1287 521 seu

275 539 491 573 adiectis-um
518 540 719 574 consentiat
741 553 821 575 cum
840 540 962 586 priore
982 540 1208 575 substantivo
1225 538 1286 586 36),

275 598 314 625 ut
332 591 449 636 [Virg.
465 591 555 626 Aen.
574 591 600 633 Ι,
618 590 744 640 609.];
774 592 925 637 Semper
942 591 1059 627 honos
1080 604 1286 637 nomenque

274 650 391 684 tuum,
413 643 608 690 laudesque
626 645 836 679 manebunt.
865 643 973 693 [thid.
989 644 1015 685 Ι,
1035 645 1080 679 16
1098 645 1183 690 sq.]:
1220 643 1287 676 Hic

277 695 369 729 illius
388 707 502 736 arma,
530 694 587 730 hic
607 709 732 731 currus
748 697 826 731 fuit.
845 695 950 745 [ibid.
970 695 996 737 Ι,
1015 694 1143 744 553.];
1174 695 1287 729 Sociis

276 754 310 781 et
319 747 367 793 3⁷)
388 760 471 792 rege
489 755 648 794 recepto,
667 747 722 796 [2.
735 747 900 785 Corinth.
922 750 980 789 11,
998 746 1096 796 222]
1131 746 1287 781 Hebraei

277 806 380 840 sunt,
410 806 443 832 et
462 812 539 844 ego.
592 799 805 834 Amantium
825 801 898 834 irae
926 801 1061 834 amoris
1090 800 1287 843 reintegra-

279 851 326 885 tio
357 857 409 885 est
425 850 484 898 3Β).
562 850 711 887 Nihilne
746 859 779 886 te
811 860 1029 886 nocturnum
1066 852 1287 897 praesidium

279 901 422 948 palatii,
450 901 542 936 nihil
567 904 667 938 urbis
690 904 855 948 vigiliae,
892 903 983 937 nihil
1009 905 1120 937 timor
1148 903 1288 949 populi,

277 953 368 988 nihil
387 967 581 990 concursus
598 956 780 989 bonorum
800 956 984 997 omnium,
1014 954 1105 989 nihil
1130 954 1187 989 hic
1210 968 1288 989 mu-

279 1007 474 1041 nitissimus
507 1014 650 1042 senatus
680 1006 837 1042 habendi
870 1009 990 1049 locus,
1031 1007 1121 1042 nihil
1155 1006 1286 1041 horum

280 1071 340 1092 ora
366 1059 557 1104 vultusque
586 1060 806 1093 moverunt?

416 1132 574 1182 Σύλλη
589 1146 683 1184 uste,
713 1137 816 1171 Com
830 1137 1077 1183 prehensio
1094 1138 1153 1183 39).

383 1196 543 1241 Longius
575 1198 771 1241 degenerat
803 1200 847 1232 ab
873 1199 1052 1243 analogia.
1114 1198 1205 1232 Nam
1233 1196 1290 1230 hic

280 1248 400 1282 inultis
431 1249 683 1290 substantivis,
720 1251 768 1283 ita
802 1252 952 1284 verbum
984 1257 1045 1284 aut
1071 1250 1287 1283 adiectivum

279 1300 466 1340 adiicitur,
502 1307 542 1334 ut
565 1302 792 1335 consentiant
808 1302 854 1349 4⁰)
879 1316 959 1336 cuni
985 1303 1182 1336 remotiore
1209 1303 1290 1336 sub-

279 1352 457 1393 stantivo,
486 1354 547 1386 sed
574 1354 851 1398 praestantiore.
907 1355 1024 1388 Porro
1050 1354 1198 1399 pluralis
1224 1367 1290 1388 nu-

280 1417 398 1438 merus
422 1411 581 1449 praestat
605 1405 800 1449 singulari,
836 1407 1036 1450 Masculina
1069 1406 1290 1445 soernininis,

280 1456 402 1489 Prima
421 1469 573 1500 persona
592 1459 789 1498 secundae,
818 1460 973 1492 secunda
992 1459 1131 1492 tertiae.

384 1507 450 1541 Hic
476 1509 618 1542 numeri
644 1516 784 1543 tantum
814 1511 976 1551 variant,
1006 1518 1060 1544 ut:
1098 1509 1232 1544 Milites
1257 1517 1290 1543 et

281 1560 480 1604 imperator
502 1568 678 1604 pugnant.
735 1561 800 1594 Hic
823 1562 918 1597 illius
940 1575 1060 1603 arma,
1088 1561 1145 1595 hic
1166 1574 1290 1596 currus

281 1613 425 1645 fuerunt
435 1611 494 1657 ²¹).

387 1663 450 1696 Hic
467 1676 596 1707 genera
614 1665 757 1698 variant
781 1665 896 1710 [Yirg.
912 1666 986 1700 Ecl.
1004 1666 1039 1706 3,
1059 1666 1107 1700 35
1125 1663 1210 1713 sq.]:

352 1732 399 1755 Est
421 1731 486 1755 mihi
506 1737 622 1762 namque
642 1732 714 1757 domi
734 1735 830 1763 pater,
857 1736 901 1758 est
922 1735 1025 1758 iniusta
1043 1740 1183 1758 noverca:

353 1775 451 1805 Bisque
472 1775 515 1799 die
535 1778 681 1800 numerant
701 1778 780 1801 ambo
802 1784 904 1809 pecus,
930 1779 1003 1801 alter
1024 1780 1050 1801 et
1069 1778 1183 1802 hoedos.

383 1828 449 1861 Hic
476 1841 651 1873 personae
678 1831 832 1864 variant.

280 1881 507 1914 certavimus.
561 1881 619 1914 Tu
638 1888 672 1915 et
690 1883 801 1915 frater
822 1883 912 1916 helle
934 1884 1145 1918 convenitis.

313 2003 361 2031 34)
381 2001 455 2034 mea]
475 2002 516 2026 sic
536 2005 612 2027 recte
631 2004 681 2027 Ed.
699 2003 791 2030 1539.;
816 2004 902 2028 Editt.
926 2005 1012 2029 1526..
1037 2005 1112 2029 1529.
1131 2011 1181 2029 sua
1201 2006 1290 2034 (Haec

350 2039 476 2068 spectant
500 2038 534 2062 ad
562 2039 672 2062 Terent.
698 2039 820 2065 Eunuch.
846 2040 958 2070 Prolog.
978 2040 1038 2064 32:

349 2074 451 2101 suani).

314 2116 362 2144 35)
382 2116 430 2140 Ed.
455 2116 528 2140 1539.
549 2116 591 2140 his
610 2117 685 2140 addit
706 2118 821 2141 haecce:

383 2151 562 2176 constructio
589 2153 633 2175 est
653 2152 687 2176 ad
708 2152 879 2176 intellectum
899 2153 1048 2176 referenda
1068 2154 1094 2177 et
1114 2154 1140 2176 in
1161 2153 1203 2176 liis
1223 2160 1289 2177 vcr-

350 2185 405 2209 bis:
433 2185 522 2216 pluit,
543 2187 642 2212 Tonat.
680 2187 731 2211 Hic
752 2187 823 2210 enim
844 2187 980 2211 omittitur
1000 2194 1117 2213 nomeu.
1144 2189 1215 2218 quod
1235 2195 1289 2212 non

349 2220 421 2243 solet
447 2220 507 2244 fieri
534 2221 561 2245 in
589 2222 653 2246 aliis
677 2222 873 2252 personalibus
894 2223 1003 2252 νει-υἷες
1036 2229 1122 2253 quare
1142 2224 1289 2247 Gramina-

352 2255 399 2278 tici
419 2255 489 2278 haec
508 2257 610 2280 verba:
638 2257 728 2282 Pluit.
749 2257 846 2287 'sonat⁷
866 2258 1016 2288 Fulgurat,
1036 2257 1175 2289 inquiunt,
1195 2259 1289 2290 Aiunt,

348 2291 520 2314 vocaverunt
548 2292 635 2315 verba
662 2292 813 2322 Exeniptae
839 2292 966 2317 actionis.
1019 2293 1165 2316 Intellecta
1197 2294 1289 2317 tamen

348 2324 474 2348 addimus
494 2331 608 2356 nomen,
635 2327 768 2350 Homines
789 2327 881 2355 aiunt,
907 2329 987 2358 Aqua
1007 2328 1091 2358 pluit,
1112 2328 1225 2352 Coelum
1244 2330 1289 2352 to-

349 2361 410 2386 nat
438 2359 552 2384 Coelum
574 2361 713 2392 sutum-at,
746 2363 775 2385 ut
795 2362 939 2387 Tibullus·
977 2363 1079 2386 Multus
1110 2364 1137 2386 et
1157 2363 1183 2386 in
1204 2363 1289 2387 terris

351 2394 548 2425 deplueretque
568 2396 647 2426 lapis
685 2380 824 2420 hiterdum
844 2398 954 2421 additur
973 2398 1112 2428 obliquus
1132 2404 1183 2429 pro
1198 2398 1289 2422 nomi-

348 2428 458 2452 nativo.
479 2431 523 2453 ut:
546 2430 620 2454 Fluit
639 2431 763 2462 lapides,
784 2434 811 2455 et
831 2433 905 2456 Pluit
922 2433 1069 2456 lanidibus.

311 2472 361 2500 36)
380 2474 427 2495 aut
451 2453 620 2497 adiectivum
640 2487 671 2491 —-
693 2476 869 2500 substantivo
880 2475 913 2515 .]
933 2476 983 2501 Ed.
1005 2476 1080 2500 1539.
1101 2482 1151 2500 seu
1171 2475 1288 2500 adiecti-

347 2513 410 2530 vum
428 2507 566 2535 additum,
592 2510 733 2533 consentit
752 2516 813 2534 cuin
832 2493 964 2541 propiore
984 2511 1173 2535 substantivo

310 2548 360 2578 37)
381 2551 423 2579 et]
444 2550 524 2574 deest
544 2551 571 2575 in
592 2552 640 2575 Ed.
663 2553 740 2578 153¹).

311 2593 359 2624 38)
379 2594 540 2618 Amantium
554 2607 587 2611 —
601 2596 668 2625 est]
688 2596 738 2620 hoc
754 2596 861 2627 quidem
879 2597 937 2621 loco
953 2599 1054 2622 absunt
1073 2599 1107 2622 ab
1127 2599 1175 2623 Ed.
1193 2598 1286 2625 1539.:
1313 2630 1315 2633 .

346 2629 409 2653 vide
429 2636 488 2659 seq.
507 2631 600 2654 notam
621 2631 664 2653 44.

312 2672 360 2700 39)
379 2672 619 2703 comprehensio]
638 2673 688 2699 Ed.
711 2674 785 2698 ¹539.
806 2674 967 2704 conceptio.

312 2714 359 2742 40)
378 2713 565 2747 consentiant]
586 2715 636 2740 Ed.
659 2715 734 2740 1539.
755 2716 911 2741 consentiat

314 2759 360 2786 41)
380 2758 512 2789 suerunt]
533 2759 582 2784 Ed.
606 2759 683 2785 1539.
704 2759 764 2785 fuit.

887 1831 963 1876 Ego
989 1839 1021 1865 et
1048 1832 1186 1865 vicinus
1206 1844 1290 1864 con-
1316 1831 1318 1850 ²

1075 2040 1101 2063 in
1129 2041 1289 2065 Eunuchum
1316 2060 1317 2064 ,

1170 108 1223 141 SC
1227 107 1257 140 h
1260 107 1376 142 lPTA
1405 108 1746 144 PHILOLOGICA.

1313 2517 1316 2532 l

2280 111 2355 148 356

1449 195 1541 229 Sunt
1569 202 1603 229 et
1632 196 1809 242 Syllepses
1850 193 1971 244 [Virg.
1997 196 2087 231 Aen.
2113 195 2141 237 Ι,
2163 196 2242 234 292
2266 199 2354 245 sq.]:

1342 245 1459 279 Remo
1477 246 1525 294 ¹⁴⁴²)
1550 259 1631 281 cum
1655 249 1767 282 fratre
1794 247 1971 294 Quirinus
1994 247 2076 282 Iura
2103 249 2252 284 dabant.

1500 324 1772 372 Πρόληψις,
1808 325 2199 370 praeoccupatio.

2245 385 2355 420 verbo

1738 437 1872 472 Milites
1888 439 2062 479 redeunt,
2090 435 2148 471 hic
2169 450 2210 471 ex
2227 437 2357 483 Hispa-

1448 384 1538 418 Cum
1558 385 1605 429 ²¹3)
1638 386 1779 419 nomini
1806 393 1925 430 partes
1948 386 2208 427 subiiciuntur‚

1341 448 1416 470 non
1441 436 1616 481 repetito,
1644 443 1701 470 ut:

1341 489 1431 530 niis,
1458 489 1518 522 ille
1539 501 1580 522 ex
1597 489 1736 523 Galliis.

1465 564 1797 609 Ἀντίπτωσις,
1835 566 1975 601 Casus
2002 579 2085 612 pro
2113 579 2232 602 casu.

1446 625 1528 667 Est,
1562 626 1623 660 ubi
1651 634 1777 660 contra
1804 627 2011 671 analogiam
2038 629 2252 662 antecedens
2275 626 2358 660 imi-

1342 684 1441 710 tatur
1477 690 1597 711 casum
1634 679 1797 719 relativi,
1844 685 1883 712 ut
1926 677 2043 727 [Virg.
2067 679 2158 714 Aen.
2182 678 2210 720 I,
2234 676 2357 724 573.:]

1342 729 1478 762 Urbem
1509 742 1618 775 quam
1650 737 1769 764 statuo
1799 738 1917 765 nestra
1947 738 2009 766 est.
2048 729 2217 779 [Terent.
2242 731 2357 765 Andr.

1342 781 1490 825 Prolog.
1515 777 1584 828 3.:]
1629 782 1772 826 Populo
1807 790 1847 816 ut
1878 784 2063 828 placerent
2095 796 2185 829 quas
2219 783 2358 818 fecisset

1343 833 1504 873 fabulas,
1532 845 1599 877 pro
1625 834 1766 867 fabulae
1782 834 1840 877 ¹¹⁴).

1724 885 1755 919 E
1768 886 1968 921 vocatio.

1449 935 1638 971 Yocarunt
1664 938 1935 979 evocationem,
1972 951 2051 972 cum
2080 939 2190 971 verbo
2217 937 2357 982 primae

1345 995 1407 1022 aut
1432 990 1610 1023 secundae
1640 1002 1817 1034 personae
1844 1002 1980 1023 nomen
2005 990 2264 1035 praeponitur,
2298 995 2356 1023 ut:

1344 1040 1420 1086 Ego
1440 1040 1612 1085 Virgilius
1631 1041 1724 1085 lego,
1779 1041 1836 1075 Tu
1854 1041 2070 1087 Apollonius
2089 1041 2228 1077 scribis.
2281 1041 2357 1076 Nos

1345 1105 1453 1138 poma
1475 1100 1643 1128 natamus
1653 1094 1712 1140 ¹⁴⁵).

1449 1144 1653 1179 Voluerunt
1676 1145 1772 1179 enim
1791 1145 2033 1179 Grammatici
2049 1146 2193 1180 tertiam
2213 1151 2357 1179 tantum

1345 1208 1537 1241 personam
1572 1197 1608 1229 in
1641 1198 1851 1232 nominibus
1886 1210 1971 1232 esse.
2041 1198 2111 1232 Sed
2137 1210 2212 1231 non
2237 1197 2357 1237 video,

1346 1261 1408 1282 cur
1432 1249 1569 1282 adiecta
1587 1249 1650 1296 ²⁴³³)
1676 1250 1956 1294 pronominibus
1980 1250 2131 1283 nomina
2146 1277 2155 1290 ‚
2183 1261 2258 1282 non
2279 1261 2357 1282 mu-

1345 1307 1492 1335 tuentur
1530 1302 1574 1334 ab
1610 1302 1660 1335 eis
1694 1314 1908 1346 personam,
1951 1302 2095 1336 tametsi
2128 1313 2257 1335 verum
2294 1306 2358 1340 est,

1346 1354 1442 1399 quod
1469 1353 1674 1387 duriuscule
1699 1351 1892 1387 cohaerent
1914 1354 2023 1387 verba
2047 1354 2189 1399 primae
2219 1358 2282 1387 aut
2305 1363 2357 1386 se-

1346 1406 1484 1439 cundae
1502 1418 1677 1450 personae
1696 1418 1776 1439 cum
1795 1405 2017 1440 nominibus.

1403 1509 1470 1550 De
1485 1508 1727 1550 Verborum
1753 1510 1941 1560 Syntaxi
1973 1522 2064 1551 cum
2097 1508 2297 1562 obliquis.

1679 1576 1833 1610 Prima
1861 1577 2029 1621 regula.

1448 1645 1574 1679 Activa
1602 1645 1710 1678 verba
1740 1644 1862 1677 omnia
1886 1643 2109 1678 accusativos
2142 1641 2356 1682 adsciscunt,

1316 1708 1318 1730 2
1344 1704 1401 1730 ut:

1451 1747 1578 1778 sophiam
1595 1754 1638 1771 me
1658 1747 1736 1772 Graii
1756 1749 1874 1776 vocant.
1896 1746 1991 1771 Latini
2010 1745 2189 1775 sapientiam.

1450 1792 1523 1814 Usus
1542 1798 1585 1815 me
1605 1791 1716 1822 genuit,
1743 1794 1832 1814 mater
1853 1790 1960 1821 peperit
1977 1788 2114 1813 Memoria
2125 1786 2173 1818 46).

1379 1878 1428 1906 42)
1447 1878 1549 1906 Remo]
1570 1877 1619 1900 Ed.
1642 1876 1719 1902 1529.
1738 1875 1830 1899 male:
1858 1875 1962 1898 Remus

1379 1922 1428 1950 43)
1448 1921 1531 1950 Cum]
1558 1920 1606 1945 Ed.
1632 1920 1706 1944 1539.
1733 1918 1851 1942 Partitio
1879 1918 2015 1948 quaedam
2040 1918 2084 1941 est
2111 1922 2161 1940 seu
2187 1915 2355 1945 distributio,

1414 1963 1474 1980 cum

1379 2002 1428 2030 44)
1448 2001 1477 2024 In
1498 2000 1547 2024 Ed.
1567 1998 1642 2023 1539.
1664 1998 1687 2021 11.
1703 1998 1721 2021 l.
1740 1997 1835 2021 addita
1854 1998 1919 2020 suut
1938 1997 2021 2020 haec:

1754 2032 1944 2062 Enallage.

1449 2069 1566 2093 Mutatio
1595 2070 1654 2095 cst..
1688 2067 1749 2091 sine
1776 2067 1833 2090 ulla
1859 2067 1984 2095 ratione,
2018 2067 2127 2089 tautum
2155 2064 2354 2090 concinnitatis

1415 2110 1500 2129 causa
1519 2104 1671 2133 usurpata,
1698 2102 1762 2132 quia
1781 2101 2057 2125 delectattinterdum
2076 2099 2211 2126 varietas.

1450 2141 1519 2163 sunt
1542 2140 1634 2162 autem
1663 2143 1751 2167 paene
1776 2136 1900 2160 infinitae
1920 2136 2092 2167 Enallagae‚
2118 2142 2152 2159 ex
2177 2135 2275 2166 quibus
2301 2140 2353 2159 nos

1413 2176 1484 2198 hanc
1510 2174 1626 2197 formam
1651 2178 1792 2202 ponemus¹
1834 2172 1976 2195 Interdum
2002 2171 2118 2194 verbum
2143 2169 2354 2194 substantivum

1414 2215 1528 2233 numero
1554 2207 1684 2232 convenit
1702 2213 1762 2230 cum
1782 2207 1940 2236 posteriore
1960 2205 2132 2229 nominativo
2151 2206 2251 2229 contra
2267 2204 2355 2228 ratio-

1413 2251 1493 2271 nem,
1517 2244 1561 2267 ut:
1594 2242 1751 2266 Amantium
1780 2242 1839 2265 irae
1866 2241 1971 2265 amoris
1997 2239 2150 2271 integratio
2176 2242 2229 2265 est.
2270 2238 2354 2263 Ratio

1413 2279 1485 2303 enim
1509 2278 1643 2308 poscebat
1667 2276 1735 2301 dici:
1773 2277 1931 2300 Amantium
1962 2276 2023 2299 irae
2054 2276 2121 2299 sunt
2151 2273 2254 2299 amoris
2278 2273 2353 2298 iute-

1413 2313 1523 2345 gratio,
1558 2312 1621 2343 quia
1653 2312 1767 2336 verbum
1796 2312 1877 2336 dehet
1905 2310 2057 2336 convenire
2081 2316 2144 2334 cum
2169 2309 2354 2341 praecedente

1412 2347 1591 2373 nominativo.

1447 2385 1499 2407 Est
1519 2384 1545 2406 et
1564 2383 1632 2406 haec
1644 2382 1797 2413 Enallage‚
1818 2381 1880 2405 sine
1899 2380 2026 2411 ratione,
2053 2380 2162 2404 tantum
2180 2378 2353 2404 concinnita-

1413 2418 1450 2442 tis
1478 2423 1563 2442 causa
1589 2417 1665 2441 facta
1690 2418 1821 2448 mutatio,
1850 2423 1910 2441 cum
1930 2416 2033 2439 utimur
2052 2416 2079 2439 in
2098 2414 2241 2438 narrando
2260 2413 2352 2437 infini-

1410 2454 1467 2478 tivo
1484 2459 1535 2484 pro
1552 2452 1705 2483 praeterito
1722 2452 1887 2482 Imperfecto
1902 2450 2057 2481 indicativi,
2076 2450 2123 2473 ut:
2147 2449 2243 2474 Facile
2257 2453 2351 2473 omnes

1410 2489 1538 2520 perferre
1557 2494 1589 2512 ac
1608 2487 1681 2519 pati,
1708 2494 1758 2518 pro
1778 2487 1938 2518 perferebat
1956 2491 1988 2510 ac
2007 2484 2174 2516 patiebatur.

1376 2533 1425 2561 45)
1444 2532 1494 2558 Ed,
1515 2531 1591 2557 1539.
1611 2532 1660 2555 hoc
1679 2530 1757 2554 addit
1776 2530 1948 2560 exemplum:
1980 2528 2112 2552 Plautus:
2143 2527 2211 2552 Tum
2236 2525 2351 2557 denique

1411 2567 1536 2591 homines
1555 2568 1655 2591 nostra
1676 2566 1859 2596 intelligimus
1880 2565 1965 2595 bona,
1985 2563 2054 2588 Cum
2074 2568 2144 2593 quae
2162 2563 2192 2587 in
2210 2562 2351 2593 potestate

1410 2602 1570 2629 habuimus,
1595 2607 1629 2625 ea
1647 2601 1799 2625 amisimus.

1376 2647 1439 2675 Ἶ153)
1460 2646 1583 2674 adiecta]
1604 2645 1655 2672 Ed.
1676 2645 1751 2669 1529.
1772 2644 1857 2668 male:
1884 2639 2025 2666 adiectiva

1375 2690 1424 2717 46)
1443 2689 1494 2713 His
1521 2690 1627 2713 duobus
1646 2688 1755 2712 Afranii
1781 2686 1908 2712 versibus
1933 2691 1949 2709 a
1968 2682 2062 2709 Gellio
2081 2683 2158 2715 xm,
2173 2683 2199 2709 8.
2217 2679 2350 2710 laudatis,

1410 2725 1437 2748 in
1457 2725 1506 2749 Ed.
1525 2725 1599 2750 1539.
1622 2724 1758 2748 adiectum
1779 2724 1821 2747 est
1839 2722 1891 2747 hoc
1908 2721 2076 2752 exemplum·
2103 2700 2254 2745 Ani-iculas
2270 2713 2348 2742 Asini

1410 2759 1485 2785 Mida
1504 2760 1564 2784 Rex
1586 2760 1675 2784 habet
