2421 3037
219 111 295 148 695

755 109 877 142 PHlL.
904 108 1019 142 MEL.
1048 105 1254 141 SCRIPTA
1280 103 1414 137 VARll
1442 103 1751 139 ARGUMENTL

2212 100 2287 135 696

351 197 525 236 Priusquam
548 197 585 225 ad
611 197 717 223 librum
741 195 837 232 ipsum
869 194 1094 232 progredimur,
1130 192 1322 230 Epigramma
1352 195 1382 217 et
1406 190 1605 218 Melanthonis
1636 192 1673 220 de
1701 190 1827 229 epistola
1850 188 1999 226 Rodolphi
2024 188 2182 226 Agricolae
2211 187 2292 215 iudi-

220 243 315 279 cium,
346 251 422 279 quae
446 242 473 267 iu
499 239 583 277 primi
606 239 667 266 folii
691 239 809 266 illorum
834 238 923 265 trium
950 237 1090 264 librorum
1114 236 1222 273 pagina
1244 242 1349 261 aversa
1372 233 1530 270 leguntur,
1567 234 1752 263 exhibemus.

1121 303 1171 331 Ad
1197 303 1392 332 libellum.

734 366 909 394 Nominibus
933 365 1050 401 multis,
1080 373 1136 392 nec
1159 359 1378 400 ἀνώνυμος*)
1404 372 1502 400 neque
1526 363 1628 391 libelle
1652 373 1694 392 cs.

830 407 904 436 Inde
929 418 1013 436 suum
1039 408 1130 436 tacuit
1154 408 1203 445 qui
1227 407 1311 434 dedit
1335 406 1388 434 illa
1410 406 1471 433 tibi.

740 451 907 488 Agricolam
932 460 1071 488 magnum
1096 451 1192 488 primo
1216 458 1284 477 nam
1309 448 1475 486 lumine**)
1499 449 1604 477 cernis.

830 495 988 532 Postquain
1015 504 1095 521 suam
1121 494 1246 521 classem
1271 492 1368 519 clarus
1392 492 1533 519 Erasmus
1558 492 1657 520 habet.

738 536 850 565 Doctus
873 543 904 565 at
928 537 998 565 inde
1022 536 1178 574 Philippus
1201 536 1293 563 habet
1316 540 1465 572 postrema
1490 534 1714 562 Melanchthon.

824 580 854 616 l,
885 590 963 607 nunc
987 580 1145 607 Fladriuus
1170 578 1234 606 vult
1257 587 1376 615 quoque
1400 578 1508 606 adesse
1532 586 1638 606 comes.

994 656 1203 694 Philippus
1235 655 1526 684 Melanchthon.

306 713 350 741 Ad
365 713 519 742 formanda
532 714 645 751 studia,
670 716 907 754 corrIgendaque
927 715 1051 751 iudicia,
1075 715 1124 742 vix
1142 714 1221 742 aliud
1240 714 1296 741 hac
1312 714 1437 751 epistola
1452 714 1536 752 leges
1560 713 1817 742 accommodatius,

220 755 320 792 dabis,
350 762 381 784 ut
405 766 493 794 quam
516 757 745 786 familiarissima
770 759 822 787 tibi
847 760 908 787 fiat.

1862 711 1991 741 Proinde
2013 710 2127 739 iuvenis
2136 731 2145 748 ,
2175 718 2296 748 operam

257 901 289 931 *J
311 899 471 936 ἀνώνυμος]
492 904 541 928 Ed,
558 904 635 929 1531.
655 902 816 937 (Ξνόνυμον,
838 904 887 929 Ed.
908 904 983 928 1532.
1004 899 1154 935 ἇνώνυμε,
1180 902 1231 927 Ed.
1250 899 1327 925 1533.
1348 897 1490 932 ιῖνὸνυμος

256 952 308 986 ssss)
330 955 447 984 lumine]
468 955 508 979 sic
527 955 612 980 Editt.
631 956 726 987 1531.,
752 955 845 986 1533.;
875 955 924 979 Ed.
941 954 1021 979 15³2.
1044 954 1139 978 limine

376 1177 651 1214 PHILIPPI
678 1177 1142 1215 MELANTHONIS
1170 1178 1246 1214 DE
1273 1176 1457 1215 LOCIS
1488 1173 1897 1212 COMMUNIBUS
1930 1172 2142 1211 RATIO.

326 1280 542 1327 Philosophi
565 1284 792 1327 digesserunt
820 1296 876 1317 res
902 1281 1081 1317 humanas
1107 1295 1232 1324 omnes

222 1345 286 1367 ceu
306 1333 344 1367 in
360 1335 497 1368 formas
520 1337 695 1381 quasdam
718 1336 883 1377 vivendi,
911 1342 950 1369 ut
968 1336 1037 1368 alia
1063 1341 1147 1368 sunt
1170 1346 1233 1367 na-

222 1392 344 1427 turae,
386 1393 426 1420 ut
450 1387 545 1427 vita,
581 1400 699 1428 mors,
733 1389 871 1427 forma;
915 1386 1027 1434 alia1)
1051 1387 1233 1427 fortunae,

220 1437 301 1484 ut2)
322 1451 427 1483 opes,
454 1439 631 1472 natalium
657 1441 849 1485 splendor,
885 1438 1095 1484 honoresss).
1151 1439 1232 1471 Alia

221 1496 305 1524 sunt
322 1491 359 1523 in
376 1497 499 1524 nostra
520 1498 716 1536 potestate,
744 1498 784 1525 ut
803 1492 889 1525 vitia
913 1505 953 1525 ac
971 1492 1133 1525 virtutes.
1176 1490 1233 1524 Sic

221 1548 256 1576 et
274 1542 311 1575 in
328 1543 477 1587 singulIs
501 1544 705 1577 studiorum
729 1544 921 1588 generibus
946 1550 1030 1578 sunt
1052 1543 1232 1588 quaedam

222 1594 360 1639 capita,
396 1595 435 1627 in
461 1608 553 1640 quae
577 1596 704 1629 referri
731 1596 869 1636 solent,
911 1608 1003 1641 quae
1029 1601 1234 1628 tractantur

221 1646 314 1687 illic,
342 1653 383 1680 ut
408 1647 446 1679 in
464 1645 687 1691 Theologia,
715 1648 823 1688 fides,
851 1647 1079 1687 ceremonia,
1109 1659 1232 1691 pecca-

221 1704 318 1736 tum;
355 1699 393 1731 in
417 1700 495 1732 iure
521 1700 703 1745 aequitas,
735 1700 910 1739 servitus,
946 1711 1084 1744 poena,
1122 1698 1232 1731 male-

222 1750 363 1791 ficium,
400 1751 527 1792 iudex,
564 1752 780 1792 advocatus,
818 1758 851 1784 et
877 1749 932 1784 his
959 1750 1104 1785 similia.
1160 1749 1233 1795 Qui

221 1802 319 1835 volet
336 1802 446 1847 igitur
463 1804 506 1836 de
531 1804 637 1837 rebus
660 1801 830 1837 humanis
855 1809 951 1836 recte
978 1803 1158 1843 iudicare,
1192 1802 1234 1834 il-

221 1855 297 1889 lum
317 1862 480 1900 oportet,
507 1856 679 1902 quicquid
698 1856 867 1889 inciderit
882 1856 975 1889 forte
994 1856 1159 1895 fortuna,
1188 1855 1234 1887 ad

221 1905 287 1941 has
307 1920 370 1941 ceu
388 1909 524 1942 formas
541 1921 664 1942 rerum
683 1908 834 1952 exigere.
873 1908 1029 1948 Pariter,
1056 1907 1114 1941 cui
1132 1906 1234 1940 cordi

223 1966 276 1994 est
292 1966 385 1993 recte
411 1961 454 1993 de
478 1960 604 1994 studiis
630 1960 810 2001 iudicare,
846 1960 947 1994 illum
975 1965 1120 2005 oportet
1144 1959 1233 1992 tales

222 2012 321 2046 locos
353 2013 392 2045 in
425 2019 617 2046 numerato
653 2011 799 2046 habere.
878 2012 970 2046 Nam
1006 2018 1150 2057 praeter
1184 2011 1233 2051 id,

225 2065 324 2111 quod
340 2071 424 2099 sunt
441 2066 580 2099 formae
596 2077 718 2099 rerum
744 2072 778 2098 et
802 2065 968 2109 regulae,
1005 2065 1097 2097 mire
1124 2063 1233 2096 etiam

224 2117 441 2151 memoriam
461 2118 645 2152 adiuvant.
700 2117 801 2151 Voco
829 2117 938 2161 igitur
954 2117 1052 2150 locos
1072 2128 1233 2150 comnm-

224 2182 286 2204 nes
305 2182 430 2204 omnes
451 2170 615 2204 omnium
632 2182 754 2203 rerum
774 2170 1016 2214 agendarum,
1044 2169 1234 2208 virtutum,

224 2221 398 2255 vitiorum
418 2249 427 2262 ,
481 2222 710 2268 aliorumque
747 2222 995 2255 communium
1031 2219 1232 2255 thematum

226 2286 436 2308 communes
453 2274 608 2315 formas,
637 2287 729 2320 quae
745 2275 820 2308 fere
840 2274 877 2307 in
894 2287 1012 2314 usum,
1041 2273 1234 2319 variasque

224 2338 348 2359 rerum
374 2324 618 2360 humanarum
643 2340 683 2360 ac
709 2327 897 2360 literarum
925 2339 1048 2360 causas
1075 2326 1233 2359 incidere

226 2385 395 2423 possunt3
424 2386 646 2425 possuntque
663 2377 924 2424 comprehendi
940 2379 1028 2412 locis
1046 2390 1237 2423 argumen-

226 2437 348 2464 torum
381 2431 520 2475 generis
544 2432 789 2472 deliberativi,
828 2438 868 2466 ut
893 2433 1101 2471 fortunam,
1139 2442 1236 2474 opes,

226 2480 404 2523 honores,
446 2484 580 2524 vitam,
626 2491 779 2517 mortem
794 2512 802 2523 ,
848 2483 1041 2524 virtutem,
1079 2484 1238 2528 pruden-

228 2535 337 2576 tiam,
381 2535 578 2575 iustitiam,
618 2536 893 2576 liberalitatem,

265 2653 293 2684 1)
314 2653 385 2682 aua]
403 2653 443 2676 sic
461 2651 545 2676 Editt.
563 2652 655 2682 1531„
674 2651 768 2680 1532.;
792 2652 843 2678 Ed.
859 2651 936 2676 1533.
955 2651 1028 2675 auae

263 2704 294 2736 2)
315 2706 360 2733 ut]
382 2705 408 2728 in
421 2704 470 2730 Ed.
490 2704 565 2729 1533,
585 2704 610 2726 hi
626 2704 645 2728 l.
665 2703 753 2726 deest.

262 2752 292 2783 3)
313 2755 458 2789 honores]
479 2757 529 2781 Ed.
551 2756 626 2781 1533.
648 2757 677 2780 ut
696 2756 824 2780 honores.

944 2535 1237 2580 temperantiam,
1264 2555 1266 2573 ς

1288 1289 1322 1315 et
1354 1279 1409 1315 his
1445 1280 1648 1320 contraria,
1687 1285 1959 1325 paupertatem,
1997 1278 2237 1323 ignominiam
2256 1276 2301 1325 4),

1288 1334 1455 1373 exilium,
1499 1333 1761 1372 temeritatem,
1802 1331 2038 1371 iniustitiam,
2072 1331 2215 1371 sordes,
2246 1330 2300 1363 in-

1287 1385 1565 1431 temperantiam
1583 1397 1645 1418 seu
1664 1384 1800 1417 luxum.
1855 1383 1909 1416 De
1933 1396 2000 1417 usu
2020 1384 2184 1417 locorum
2204 1395 2300 1416 com-

1288 1439 1454 1472 munium
1483 1437 1619 1481 optime
1645 1437 1866 1480 scripserunt
1891 1433 2107 1479 Rodolphus
2129 1434 2298 1479 Agricola

1288 1491 1325 1523 in
1351 1489 1501 1534 epistola
1526 1489 1568 1521 de
1589 1488 1730 1521 ratione
1756 1486 1888 1527 studii,
1924 1494 1959 1520 et
1975 1486 2148 1520 Erasmus
2170 1486 2209 1519 in
2232 1486 2302 1520 Co-

1287 1542 1345 1587 pia
1359 1542 1409 1588 5),
1438 1541 1475 1573 in
1501 1537 1594 1573 hanc
1619 1538 1946 1574 feresententiam.
2009 1538 2083 1583 Qui
2106 1538 2302 1573 destinavit

1287 1606 1352 1639 per
1371 1605 1479 1627 omne
1496 1604 1607 1636 genus
1631 1598 1801 1625 autorum
1820 1591 1974 1624 lectione
1993 1591 2168 1635 grassari,
2200 1589 2301 1635 prius

1287 1647 1355 1680 sibi
1373 1658 1481 1692 quam
1503 1644 1680 1689 plurimos
1697 1649 1801 1688 paret
1817 1643 1927 1676 locos.
1990 1641 2064 1677 Eos
2082 1649 2202 1677 sumat
2218 1654 2300 1687 par-

1288 1699 1352 1731 tim
1379 1711 1398 1730 a
1425 1696 1617 1741 generibus
1651 1708 1691 1728 ac
1718 1695 1881 1741 partibus
1907 1694 2080 1728 vitiorum
2106 1695 2301 1729 virtutum-

1289 1762 1376 1796 que,
1404 1748 1538 1794 partim
1566 1749 1611 1781 ab
1636 1747 1735 1788 aliis,
1770 1760 1883 1794 quae,
1918 1753 1958 1781 ut
1983 1753 2065 1781 ante
2090 1747 2184 1788 dixi,
2218 1752 2301 1781 sunt

1288 1802 1325 1835 in
1342 1803 1450 1835 rebus
1469 1801 1681 1834 mortalium
1705 1800 1922 1845 praecipua,
1950 1805 1991 1833 ut
2007 1806 2158 1840 natura,
2186 1800 2301 1833 fortu-

1287 1867 1356 1895 na,
1384 1855 1523 1894 fatum,
1552 1853 1764 1898 digeratque
1784 1852 1882 1886 iuxta
1909 1851 2091 1885 rationem
2115 1850 2300 1885 affinitatis

1289 1913 1323 1940 et
1338 1906 1612 1951 repugnantiae.
1667 1905 1760 1939 Nam
1787 1910 1821 1937 et
1847 1916 1938 1949 quae
1963 1903 2059 1937 inter
2084 1916 2121 1938 se
2146 1909 2299 1949 cognata

1288 1965 1390 1997 sunt,
1424 1959 1521 1991 ultro
1555 1959 1773 1996 admonent,
1811 1955 1898 2001 quid
1934 1962 2189 2002 consequatur.
2254 1954 2301 1988 Et

1289 2011 1558 2044 contrariorum
1592 2015 1643 2043 est
1675 2010 1799 2042 eadem
1838 2008 2027 2042 memoria.
2095 2008 2210 2048 Puta,
2254 2007 2300 2041 sit

1289 2063 1443 2108 exempli
1477 2074 1582 2096 causa
1617 2061 1756 2106 primus
1781 2061 1900 2101 loeus,
1950 2060 2070 2094 Pietas
2104 2067 2139 2094 et
2171 2059 2299 2104 impie-

1289 2116 1394 2162 tasss).
1449 2114 1542 2149 Huic
1566 2113 1802 2148 subiicientur
1829 2112 1964 2157 species
1990 2113 2084 2146 inter
2107 2124 2144 2147 se
2168 2123 2299 2157 cogna-

1288 2175 1358 2202 tae.
1413 2167 1537 2200 Prima
1558 2172 1610 2200 est
1626 2165 1741 2210 pietas
1767 2165 1805 2198 in
1822 2165 1938 2199 Deum
1952 2192 1961 2206 ,
1993 2165 2149 2199 secunda
2176 2164 2214 2197 in
2236 2176 2299 2208 pa-

1288 2221 1421 2260 triam,
1449 2219 1553 2252 tertia
1571 2218 1609 2251 in
1627 2224 1795 2262 parentes
1813 2224 1873 2251 aut
1889 2218 1927 2250 in
1941 2217 2088 2258 liberos,
2113 2224 2175 2251 aut
2191 2216 2300 2250 etiam

1288 2273 1326 2305 in
1353 2285 1432 2312 eos,
1462 2284 1551 2317 quos
1577 2277 1720 2316 oportet
1746 2276 1936 2315 parentum
1959 2270 2040 2303 loco
2065 2269 2201 2309 colere,
2230 2268 2302 2301 vel-

1290 2325 1343 2358 uti
1383 2330 1654 2369 praeceptores,
1704 2330 1738 2356 et
1770 2335 1927 2368 quorum
1959 2321 2134 2355 beneficio
2169 2319 2302 2354 servati

1294 2389 1429 2411 sumus.
1482 2376 1630 2410 Accedit
1646 2377 1691 2409 ad
1714 2373 1803 2409 haec
1829 2374 2035 2420 superstitio
2047 2374 2097 2419 ⁷),
2132 2371 2302 2406 adiicien-

1296 2431 1341 2463 da
1363 2435 1415 2463 est
1432 2428 1554 2473 igitur.
1597 2429 1716 2474 Atque
1734 2425 1792 2461 hic
1809 2427 1926 2472 aperit
1941 2440 1977 2461 se
1993 2426 2186 2460 latissimus
2206 2436 2301 2457 cam-

1327 2553 1357 2585 4)
1380 2552 1586 2584 ignominiam,]
1618 2552 1659 2576 sic
1683 2552 1768 2578 Editt.
1792 2551 1886 2583 1531.,
1910 2550 2006 2582 1532.;

1361 2588 1491 2617 rantiam,

1326 2633 1358 2660 5)
1379 2631 1431 2655 Hic
1449 2631 1522 2655 liber
1543 2631 1694 2662 inscriptus
1712 2632 1772 2655 est:
1811 2631 1854 2655 De
1872 2629 1986 2661 duplici
2006 2629 2113 2661 Copia,
2142 2628 2302 2654 Verborum

1366 2673 1402 2691 ac
1420 2666 1530 2691 Rerum
1550 2667 1762 2691 Commentariz'
1781 2667 1846 2690 duo.
1868 2667 1919 2689 etc.

1326 2710 1355 2741 6)
1376 2712 1434 2735 Hac
1455 2710 1523 2734 duae
1543 2716 1626 2734 voces
1646 2710 1674 2734 iu
1694 2709 1820 2741 margine
1840 2709 1979 2739 repetitae
1999 2709 2072 2733 sunt.

1327 2753 1356 2786 7)
1375 2755 1453 2779 Haec
1475 2759 1530 2777 vox
1550 2753 1577 2777 in
1596 2759 1686 2785 marg.
1710 2753 1830 2784 repetita
1849 2753 1902 2776 est.

2042 2550 2094 2575 Ed.
2116 2549 2192 2574 1533.
2217 2548 2299 2581 igno—
