2421 3037
250 83 325 127 58⁷

250 172 321 210 los‚
350 177 383 203 et
411 184 483 204 non
507 170 639 204 habent
663 171 760 214 quod
791 171 919 210 edant,
957 173 1117 204 corrodit
1146 184 1251 206 suum

248 229 390 267 pectus,
426 229 459 255 et
487 234 551 255 suo
578 220 751 264 sanguine
779 221 842 254 alit
864 222 980 267 pullos
1005 236 1099 258 suos.
1167 222 1252 258 Ideo

247 272 454 326 Alphonsus
474 280 513 305 ut
529 272 764 317 significaret,
793 285 829 307 se
848 273 992 319 ingente
1021 288 1144 309 amore
1169 288 1253 311 suos

246 326 408 360 subditos
433 323 622 369 amplecti,
659 325 749 357 adeo
776 325 884 359 etiam
913 333 952 360 ut
978 340 1082 362 suum
1108 328 1253 372 sangui-

246 390 328 411 nem
352 388 418 420 pro
439 375 488 410 eis
514 376 697 409 effundere
721 377 848 418 vellet,
882 378 999 423 pinxit
1024 379 1061 412 in
1087 380 1252 426 symbolo

245 441 309 463 suo
335 427 551 472 pellicanum
580 429 844 472 perfodientem
871 430 939 464 sibi
966 438 1088 475 pectus
1117 439 1160 471 et}
1186 444 1253 466 nu-

244 479 411 513 trientem
442 479 558 525 pullos
583 493 685 521 suos,
727 487 761 514 et
791 494 899 527 super
922 483 1140 528 pellicanum
1169 484 1255 518 scri-

245 531 330 576 psit:
367 531 575 576 prolege
606 539 648 565 et
675 545 756 577 pro
783 546 930 579 grege.

244 615 446 650 CCXXXV.
492 616 554 650 De
599 617 782 662 virgine
824 626 1003 653 mortua
1041 619 1282 666 gestante}

369 680 491 702 suum
522 681 690 713 corpus
720 670 896 705 auxilio
924 670 1126 705 Diaboli.
1279 668 1281 690 ²

346 735 537 770 Bononiae
562 737 629 771 fuit
653 738 785 772 nobilis
808 740 986 786 quaedam
1008 740 1129 784 virgo,
1160 752 1253 786 quae

242 794 318 821 toto
336 787 483 822 biennio
503 795 676 835 tanquam
695 790 819 825 vivens
837 798 977 825 versata
995 798 1047 826 est
1068 792 1163 825 inter
1187 790 1252 825 ho-

242 839 375 880 mines,
405 841 536 874 assedit
555 842 599 874 ad
618 854 778 875 mensam
801 855 894 883 una,
932 843 1005 877 visa
1033 850 1085 878 est
1110 856 1253 890 semper

241 891 380 938 aliquid
415 898 576 937 gustare,
613 905 822 940 quanquam
859 895 963 928 valde
994 908 1123 940 parum
1137 923 1146 937 ‚
1185 896 1253 930 fuit

242 956 387 989 semper
412 944 569 988 pallida,
597 951 631 977 et
656 945 763 978 etiam
789 945 856 979 suit
884 946 920 979 in
946 944 1097 982 choreis.
1153 948 1252 981 Tan-

241 996 322 1028 dem
343 996 441 1028 venit
467 996 557 1029 allus
581 996 729 1042 quidam
748 997 931 1042 magicus,
961 999 1023 1045 qui
1046 1000 1153 1033 dixit:
1181 998 1250 1034 Ista

241 1047 359 1091 puella
380 1054 431 1081 est
448 1054 605 1081 mortua.
661 1048 857 1094 Quomodo
883 1058 974 1084 esset
998 1051 1168 1085 mortua?
1197 1051 1250 1085 in-

240 1098 382 1143 quiunt.
437 1098 494 1132 Tu
514 1099 613 1133 vides
629 1112 707 1133 eam
727 1113 801 1135 esse
819 1101 856 1134 in
879 1100 1032 1137 choreis.
1086 1103 1164 1148 Ego
1186 1116 1250 1138 vo-

238 1149 291 1183 bis
312 1151 521 1191 ostendam,
547 1151 666 1197 inquit
684 1153 859 1197 magicus;
899 1155 1046 1189 accessit
1072 1162 1106 1189 et
1131 1155 1251 1190 abstu-

237 1201 278 1234 lit
297 1201 349 1241 ei‚
378 1204 474 1247 quod
492 1200 648 1236 habebat
664 1205 728 1237 sub
748 1205 813 1239 alis
828 1206 893 1239 sub
909 1206 1055 1240 sinistro
1081 1205 1249 1242 humero.

238 1253 297 1289 ΘΟ
316 1252 418 1299 pregt
436 1258 534 1291 mane
552 1265 599 1300 gin
622 1267 750 1292 neuneu
776 1257 862 1291 illud
891 1271 1061 1303 magnum
1087 1259 1249 1293 incanta-

240 1311 415 1339 mentum.
470 1305 530 1339 Illa
551 1309 710 1342 concidit
727 1315 762 1342 et
778 1309 845 1343 suit
864 1317 1021 1345 mortua.
1072 1310 1249 1346 Diabolus

237 1357 394 1401 gestavit,
406 1357 494 1392 illud
513 1371 654 1404 corpus.
710 1360 788 1394 Hoc
804 1362 921 1396 facere
941 1369 1070 1407 potest,
1092 1365 1154 1398 sed
1172 1375 1248 1397 non
1273 1362 1278 1402 l

237 1415 355 1451 potest
373 1411 585 1444 resuscitare
607 1419 782 1447 mortuos.
1273 1404 1278 1506 ἰ

432 1493 650 1530 CCXXXVI.
691 1496 753 1530 De
781 1497 1054 1544 Polycarpo.
1273 1507 1277 1562 ε

340 1561 564 1607 Polycarpus
587 1564 763 1598 adductus
797 1572 832 1598 et
859 1568 1041 1601 coniectus
1067 1567 1104 1600 in
1127 1567 1246 1612 ignem
1273 1565 1277 1628 ἰ

236 1624 312 1646 non
329 1613 449 1658 potuit
465 1615 649 1655 comburi,
676 1628 741 1649 nec
762 1617 873 1662 ipsius
892 1619 1049 1653 vestibus
1075 1619 1166 1663 ignis
1182 1631 1248 1653 no-

236 1664 328 1704 cuit;
357 1672 481 1710 postea
503 1673 625 1699 tamen
644 1669 840 1703 decollatus
860 1677 922 1704 est.
968 1670 1061 1704 Hinc
1078 1672 1249 1716 apparuit

237 1718 439 1760 praesentia
458 1717 539 1752 Dei.

481 1801 717 1838 CCXXXVH.
758 1804 820 1838 De
848 1807 998 1840 Arrio.
1271 1779 1276 1859 l

338 1871 466 1905 Arrius
493 1872 812 1919 Constantinopoli
846 1888 927 1909 cum
961 1888 1067 1909 mane
1102 1877 1169 1910 iret
1200 1874 1274 1929 ad]

234 1922 517 1966 disputationem
551 1925 768 1959 defendendi
800 1927 933 1961 erroris
962 1940 1087 1969 causa,
1125 1935 1245 1964 tantos
1270 1930 1274 1981 j

234 1973 412 2008 cruciatus
440 1975 550 2010 sensit
574 1976 611 2009 in
635 1978 859 2019 ventriculo,
903 1986 941 2012 ut
969 1986 1112 2015 coactus
1136 1981 1245 2015 fuerit

232 2025 286 2059 ire
303 2027 348 2059 ad
367 2027 539 2068 cloacam,
568 2028 629 2062 ubi
647 2030 789 2064 evacuit
807 2031 938 2073 [omnia
964 2032 1037 2065 fere
1059 2032 1243 2074 intestina,

233 2083 268 2110 et
287 2077 335 2111 sic
353 2079 503 2114 summis
524 2081 741 2116 cruciatibus
761 2082 937 2123 moritur,
960 2084 1164 2129 exemplum
1191 2085 1244 2119 ul-

233 2129 342 2164 tionis
361 2130 506 2164 divinae
525 2132 562 2164 in
581 2139 848 2178 contemptores
870 2135 982 2169 verbi.

328 2214 575 2251 CCXXXVIII.
616 2217 676 2251 De
704 2218 876 2253 Arense
903 2217 1141 2265 theologo.

336 2283 495 2325 Arensis,
524 2285 585 2330 qui
602 2285 670 2319 fuit
687 2284 875 2332 theologus
886 2288 1137 2331 Lovaniensis‚
1157 2291 1242 2325 scri-

232 2334 303 2380 psit
326 2336 432 2368 fidem
455 2334 626 2370 Abrahae
649 2338 803 2373 similem
828 2340 936 2375 fuisse
961 2341 1045 2375 fidei
1070 2341 1241 2384 Socratis,

232 2386 416 2420 Ciceronis
444 2388 500 2420 vel
526 2388 789 2435 Xenophontis.
860 2392 956 2426 Haec
979 2400 1030 2428 est
1055 2391 1239 2429 horrenda

231 2438 419 2483 impietas,
448 2445 481 2471 et
506 2447 624 2484 potest
651 2455 716 2487 per
740 2443 969 2479 manifestum
994 2452 1130 2479 textum
1155 2459 1240 2492 pro-

230 2490 331 2530 bari,
360 2491 457 2537 quod
475 2503 549 2524 non
565 2492 610 2526 sit
628 2506 766 2529 verum.
819 2495 919 2530 Vidit
938 2495 1122 2531 Abraham
1143 2499 1238 2533 diem

230 2554 351 2575 meum
371 2549 405 2576 et
421 2542 563 2586 gavisus
582 2551 633 2578 est
642 2545 686 2592 ⁷).
740 2547 870 2582 Postea
888 2549 947 2582 ille
968 2550 1082 2584 factus
1108 2557 1161 2584 est
1182 2552 1240 2586 fu-

231 2593 366 2634 riosus,
396 2601 431 2628 et
448 2594 647 2630 moriturus
669 2598 779 2632 edidit
796 2597 999 2635 horrendos
1018 2602 1186 2647 mugitus.

265 2708 297 2737 7)
317 2709 373 2734 1012.
389 2711 416 2742 Β,
434 2712 473 2736 5ᾶ
1261 2711 1268 2739 ἰ

882 84 1005 119 PHlL.
1035 86 1148 121 MEL.
1177 86 1382 122 SCRIPTA
1410 88 1682 128 HlSTORlCA.

2241 100 2324 144 588..

1337 174 1552 211 CCXXXlX.
1594 177 1653 211 De
1683 178 1839 220 Italis.
1869 183 1976 226 quid
2007 186 2215 221 sentiant
2239 191 2289 224 de

1688 230 1940 267 Germanis.

1413 294 1494 329 Itali
1517 297 1642 331 dicunt
1667 300 1709 332 de
1725 300 1923 336 Germanis
1948 302 1986 335 in
2015 301 2116 337 ltalia
2146 308 2313 342 versatis:

1308 346 1512 383 Germanus
1527 347 1671 384 Italicus
1689 358 1740 385 est
1758 351 1933 388 Diabolus
1950 354 2159 390 incarnatus
2172 384 2180 398 ‚
2207 365 2242 391 et
2258 371 2316 393 ve-

1307 399 1447 433 rissime
1481 401 1615 435 dictum
1644 409 1714 443 est,
1759 404 1843 449 quia
1866 405 2040 440 Germani
2065 408 2317 452 animosiores,

1307 451 1501 486 ferociores
1521 460 1556 486 et
1572 454 1783 489 audaciores
1799 463 1882 490 sunt
1898 456 2006 492 Italis.
2043 459 2201 504 Quando
2219 474 2316 499 nunc

1309 505 1444 537 accedit
1468 506 1598 540 astutia
1623 518 1687 540 seu
1713 508 1871 552 practica
1887 507 2007 543 Italica
2034 512 2090 545 vel
2106 512 2315 558 Hispanica‚

1308 555 1414 600 longe
1429 556 1578 591 vincunt
1595 556 1714 592 Italos.

1545 643 1744 679 CCXXXX.
1787 646 1847 680 De
1876 647 2078 684 Socrate.

1413 710 1604 746 Interfecto
1621 714 1769 749 Socrate
1787 716 1972 751 dixerunt:
2002 716 2243 759 Interfecistis‚
2261 721 2315 754 in-

1308 763 1495 798 terfecistis
1523 765 1712 799 lusciniam
1738 767 1920 801 neminem
1949 769 2163 806 laedentem.
2225 772 2315 818 Qui-

1308 815 1391 848 dam
1414 816 1565 849 recitant
1593 818 1636 851 de
1653 818 1864 853 Palamede:
1903 818 2049 857 ἐκάνετε
2075 822 2221 859 ἐκάνετε
2246 823 2315 860 τὸν

1307 865 1464 914 ἄριστον
1477 866 1661 915 Ἑλλήνων
1679 867 1825 915 ἀηδόνα
1841 870 1987 917 μηδένα
2004 871 2226 922 βλάψασαν.

1307 942 1523 981 CCXXXXI.
1566 946 1717 992 Quare
1747 962 1846 984 sues
1873 948 2055 986 Iudaeis
2085 951 2313 998 prohibiti

1707 1002 1926 1035 fuerunt?

1409 1067 1496 1101 Sues
1534 1067 1672 1104 Iudaeis
1716 1069 1888 1115 prohibiti
1931 1073 2099 1114 suerunt,
2155 1076 2238 1121 quia
2276 1076 2313 1110 in

1304 1117 1455 1152 Oriente
1481 1117 1687 1155 habuerunt
1712 1120 1839 1157 hortos
1867 1124 2161 1167 amoenissimos,
2197 1127 2312 1162 balsa-

1303 1182 1364 1203 mo
1382 1171 1533 1217 aliisque
1559 1174 1783 1209 aromatibus
1809 1175 2047 1210 abundantes.
2110 1177 2164 1212 Ne
2190 1185 2312 1213 autem

1303 1234 1383 1256 sues
1400 1222 1464 1256 ista
1491 1225 1740 1267 devastarent,
1776 1228 1870 1260 unde
1896 1228 2095 1262 maximum
2122 1237 2312 1275 quaestum

1303 1271 1506 1316 habebant,
1533 1274 1728 1323 prohibuit
1740 1277 1837 1313 Deus
1859 1279 1908 1313 eis
1924 1292 2015 1314 sues.

1422 1352 1654 1388 CCXXXXll.
1696 1355 1884 1391 Solonis
1914 1359 2185 1403 symbolum.

1410 1420 1561 1466 Respice
1579 1424 1685 1456 finem
1704 1424 1832 1468 longae
1851 1426 1957 1460 vitae.

1304 1496 1553 1533 CCXXXXIIL
1598 1499 1835 1534 Friderici
1857 1500 2167 1548 imperatoris
2195 1519 2310 1553 sym-

1353 1550 1528 1589 bolum,
1572 1553 1688 1597 quod
1718 1552 2053 1597 Norimhergae
2082 1556 2126 1590 in
2155 1569 2258 1593 arce

1639 1604 1866 1648 scriptum
1895 1613 1973 1641 est.

1407 1668 1543 1704 Rerum
1562 1670 1899 1716 irrecuperabilium
1924 1688 2066 1710 summa
2085 1683 2136 1711 est
2160 1677 2310 1713 felicitas

1302 1721 1449 1755 oblivio.
1505 1721 1592 1755 Item
1614 1722 1716 1757 Tene
1733 1737 1960 1767 mensuram,
1989 1730 2052 1764 δαέ
2075 1729 2150 1764 [aut
2172 1731 2223 1765 ein
2247 1739 2310 1766 me:

1302 1772 1371 1817 nid)
1390 1773 1484 1819 befiet
1499 1776 1558 1810 ben
1576 1775 1655 1819 plus
1673 1776 1766 1809 ultra
1778 1776 1821 1822 8).

1346 1849 1612 1886 CCXXXXIIII.
1654 1852 1714 1885 De
1743 1855 1974 1889 conviviis
1999 1856 2256 1893 Plutarchi.

1404 1918 1619 1954 Plutarchus
1636 1921 1759 1954 scribit
1778 1924 1932 1956 eundem
1959 1935 2033 1958 esse
2055 1925 2185 1960 debere
2210 1927 2308 1961 ordi-

1299 1982 1381 2003 nem
1401 1972 1437 2004 in
1456 1972 1648 2011 conviviis,
1678 1973 1739 2019 qui
1758 1974 1864 2007 estin
1890 1973 2102 2020 alphabeto,
2130 1984 2170 2011 ut
2194 1979 2308 2026 aliqui

1298 2022 1369 2056 sint
1385 2023 1526 2057 vocales
1543 2024 1565 2058 i.
1584 2036 1613 2059 e.
1630 2023 1805 2059 Doctores
1824 2032 1858 2060 et
1882 2027 2062 2068 seniores,
2096 2028 2156 2062 alii
2181 2042 2308 2066 conso-

1298 2082 1425 2109 nantes
1441 2076 1463 2110 i.
1482 2088 1512 2109 e.
1529 2076 1642 2115 cives,
1671 2076 1732 2109 alii
1751 2084 1873 2112 mutae
1890 2079 1912 2113 i.
1930 2092 1959 2114 e.
1979 2080 2150 2115 iuniores.

1447 2151 1680 2188 CCXXXXV.
1719 2153 1780 2188 De
1809 2162 1969 2189 sancta
1998 2156 2155 2193 Maria.

1400 2221 1517 2255 Maria
1543 2222 1633 2256 vixit
1659 2221 1716 2268 (ut
1735 2224 1858 2258 scribit
1871 2223 2185 2275 Nicephorus⁸'))
2205 2228 2305 2262 circi-

1296 2278 1350 2305 ter
1370 2273 1392 2306 8
1418 2285 1532 2308 annos
1550 2281 1631 2318 post
1648 2282 1802 2309 mortem
1819 2277 1903 2318 filii,
1926 2284 1960 2311 et
1977 2278 2068 2312 obiit
2086 2291 2183 2313 anno
2208 2287 2305 2314 aeta-

1296 2324 1340 2357 tis
1358 2321 1419 2358 59.
1474 2325 1658 2361 Ponemus
1677 2328 1771 2361 enim
1798 2341 1877 2362 eam
1900 2330 1962 2365 20.
1989 2342 2086 2364 anno
2111 2332 2304 2376 peperisse.

1294 2375 1379 2410 Non
1411 2376 1506 2410 enim
1537 2378 1679 2413 videtur
1712 2380 1906 2414 verisimile
1931 2393 2008 2415 eam
2036 2383 2214 2428 peperisse
2241 2381 2304 2420 15.

1295 2439 1391 2461 anno
1404 2454 1412 2468 ‚
1441 2435 1479 2462 ut
1495 2430 1643 2475 quidam
1664 2431 1843 2466 dixerunt.
1885 2432 1983 2467 Vixit
1994 2431 2157 2469 Christus
2172 2435 2222 2470 33
2239 2448 2303 2469 an-

1294 2492 1380 2520 nos,
1410 2486 1444 2512 et
1460 2480 1518 2514 illa
1537 2489 1618 2526 post
1636 2483 1699 2516 filii
1718 2484 1962 2518 ascensionem
1982 2485 2004 2519 8
2022 2497 2136 2520 annos
2160 2487 2302 2522 circiter

1294 2531 1393 2566 vixit.
1448 2531 1547 2566 Vidit
1567 2546 1698 2568 novam
1726 2543 1760 2569 et
1783 2542 1997 2571 crescentem
2017 2536 2234 2579 Ecclesiam,
2267 2545 2302 2574 et

1325 2644 1357 2672 8)
1377 2643 1428 2701 Hils
1453 2643 1481 2701 ιἰΙι
1510 2645 1635 2710 apti-gine
1661 2645 1689 2669 in
1716 2645 1783 2670 Coit.
1809 2645 1979 2676 adscriptum
2005 2649 2063 2671 est:
2100 2654 2132 2679 φ.
2152 2648 2188 2673 Μ.
2216 2647 2300 2680 (Phil.

1360 2679 1404 2702 Me
1418 2680 1521 2703 autnon
1540 2696 1546 2702 .

1326 2721 1378 2750 8¹)
1397 2720 1583 2752 Nicephorus]
1605 2722 1688 2747 cod:
1716 2723 1892 2754 Neeophorus
