<?xml version="1.0" encoding="UTF-8"?>
<!DOCTYPE html PUBLIC "-//W3C//DTD XHTML 1.0 Transitional//EN"
    "http://www.w3.org/TR/xhtml1/DTD/xhtml1-transitional.dtd">
<html xmlns="http://www.w3.org/1999/xhtml" xml:lang="en" lang="en">
 <head>
  <title>
</title>
<meta http-equiv="Content-Type" content="text/html;charset=utf-8" />
  <meta name='ocr-system' content='tesseract 3.04.00' />
  <meta name='ocr-capabilities' content='ocr_page ocr_carea ocr_par ocr_line ocrx_word'/>
</head>
<body>
  <div class='ocr_page' id='page_1' title='image "./operaquaesupersu20melauoft/operaquaesupersu20melauoft_0180.png"; bbox 0 0 2421 3037; ppageno 0'>
   <div class='ocr_carea' id='block_1_1' title="bbox 281 121 2344 247">
    <p class='ocr_par' dir='ltr' id='par_1_1' title="bbox 281 121 2344 247">
     <span class='ocr_line' id='line_1_1' title="bbox 281 121 2344 164; baseline 0.001 -4"><span class='ocrx_word' id='word_1_1' title='bbox 281 123 357 160; x_wconf 79' lang='lat'>335</span> <span class='ocrx_word' id='word_1_2' title='bbox 881 123 1003 158; x_wconf 87' lang='lat' dir='ltr'>PHlL.</span> <span class='ocrx_word' id='word_1_3' title='bbox 1034 124 1145 158; x_wconf 86' lang='lat' dir='ltr'>MEL.</span> <span class='ocrx_word' id='word_1_4' title='bbox 1173 121 1378 157; x_wconf 79' lang='lat' dir='ltr'>SCRIPTA</span> <span class='ocrx_word' id='word_1_5' title='bbox 1402 121 1743 158; x_wconf 88' lang='lat' dir='ltr'><strong>PHILOLOGICA.</strong></span> <span class='ocrx_word' id='word_1_6' title='bbox 2267 127 2344 164; x_wconf 75' lang='lat'>336</span> 
     </span>
     <span class='ocr_line' id='line_1_2' title="bbox 1545 208 2132 247; baseline 0.007 -4"><span class='ocrx_word' id='word_1_7' title='bbox 1545 208 1616 244; x_wconf 90' lang='lat' dir='ltr'>DE</span> <span class='ocrx_word' id='word_1_8' title='bbox 1651 209 2132 247; x_wconf 83' lang='lat' dir='ltr'>INTERIECTIONE.</span> 
     </span>
    </p>
   </div>
   <div class='ocr_carea' id='block_1_2' title="bbox 1334 276 2344 374">
    <p class='ocr_par' dir='ltr' id='par_1_2' title="bbox 1334 276 2344 374">
     <span class='ocr_line' id='line_1_3' title="bbox 1438 276 2344 326; baseline 0.006 -15"><span class='ocrx_word' id='word_1_9' title='bbox 1438 276 1713 313; x_wconf 80' lang='lat' dir='ltr'>Interiectio</span> <span class='ocrx_word' id='word_1_10' title='bbox 1743 282 2009 326; x_wconf 84' lang='lat' dir='ltr'>propemodum</span> <span class='ocrx_word' id='word_1_11' title='bbox 2038 293 2114 314; x_wconf 89' lang='lat' dir='ltr'>non</span> <span class='ocrx_word' id='word_1_12' title='bbox 2140 287 2192 316; x_wconf 89' lang='lat' dir='ltr'>est</span> <span class='ocrx_word' id='word_1_13' title='bbox 2220 281 2344 324; x_wconf 88' lang='lat' dir='ltr'>dictio,</span> 
     </span>
     <span class='ocr_line' id='line_1_4' title="bbox 1334 330 2343 374; baseline 0.004 -10"><span class='ocrx_word' id='word_1_14' title='bbox 1334 330 1395 364; x_wconf 82' lang='lat' dir='ltr'>sed</span> <span class='ocrx_word' id='word_1_15' title='bbox 1429 335 1570 364; x_wconf 76' lang='lat' dir='ltr'>tantum</span> <span class='ocrx_word' id='word_1_16' title='bbox 1599 343 1708 366; x_wconf 90' lang='lat' dir='ltr'>sonus</span> <span class='ocrx_word' id='word_1_17' title='bbox 1743 332 1968 374; x_wconf 89' lang='lat' dir='ltr'>inconditus,</span> <span class='ocrx_word' id='word_1_18' title='bbox 2013 332 2126 366; x_wconf 86' lang='lat' dir='ltr'>animi</span> <span class='ocrx_word' id='word_1_19' title='bbox 2163 334 2343 368; x_wconf 86' lang='lat' dir='ltr'>adfectum</span> 
     </span>
    </p>
   </div>
   <div class='ocr_carea' id='block_1_3' title="bbox 274 207 1279 360">
    <p class='ocr_par' dir='ltr' id='par_1_3' title="bbox 274 207 1279 360">
     <span class='ocr_line' id='line_1_5' title="bbox 276 207 1279 258; baseline -0.004 -12"><span class='ocrx_word' id='word_1_20' title='bbox 276 210 438 247; x_wconf 78' lang='lat' dir='ltr'><strong>haerent.</strong></span> <span class='ocrx_word' id='word_1_21' title='bbox 492 211 648 257; x_wconf 77' lang='lat' dir='ltr'>[deoque</span> <span class='ocrx_word' id='word_1_22' title='bbox 673 207 874 258; x_wconf 74' lang='grc' dir='ltr'><em>ἐγκλιτικαὶ</em></span> <span class='ocrx_word' id='word_1_23' title='bbox 899 210 1087 250; x_wconf 88' lang='lat' dir='ltr'>dicuntur,</span> <span class='ocrx_word' id='word_1_24' title='bbox 1117 210 1160 243; x_wconf 84' lang='lat' dir='ltr'>ab</span> <span class='ocrx_word' id='word_1_25' title='bbox 1180 209 1279 243; x_wconf 88' lang='lat' dir='ltr'>incli-</span> 
     </span>
     <span class='ocr_line' id='line_1_6' title="bbox 274 262 1279 307; baseline -0.002 -9"><span class='ocrx_word' id='word_1_26' title='bbox 274 271 361 298; x_wconf 80' lang='lat' dir='ltr'>nato</span> <span class='ocrx_word' id='word_1_27' title='bbox 386 270 474 297; x_wconf 90' lang='lat' dir='ltr'>tono</span> <span class='ocrx_word' id='word_1_28' title='bbox 497 264 534 296; x_wconf 87' lang='lat' dir='ltr'>in</span> <span class='ocrx_word' id='word_1_29' title='bbox 553 269 747 296; x_wconf 80' lang='lat' dir='ltr'>extremam</span> <span class='ocrx_word' id='word_1_30' title='bbox 771 262 945 307; x_wconf 80' lang='lat' dir='ltr'>syllabam</span> <span class='ocrx_word' id='word_1_31' title='bbox 967 262 1152 307; x_wconf 80' lang='lat' dir='ltr'>proximae</span> <span class='ocrx_word' id='word_1_32' title='bbox 1171 263 1279 296; x_wconf 83' lang='lat' dir='ltr'>vocis.</span> 
     </span>
     <span class='ocr_line' id='line_1_7' title="bbox 275 313 1277 360; baseline -0.003 -11"><span class='ocrx_word' id='word_1_33' title='bbox 275 315 366 350; x_wconf 87' lang='lat' dir='ltr'><strong>Sunt</strong></span> <span class='ocrx_word' id='word_1_34' title='bbox 394 322 534 354; x_wconf 84' lang='lat' dir='ltr'>autem,</span> <span class='ocrx_word' id='word_1_35' title='bbox 569 326 658 360; x_wconf 89' lang='lat' dir='ltr'>que,</span> <span class='ocrx_word' id='word_1_36' title='bbox 695 325 760 354; x_wconf 88' lang='lat' dir='ltr'>ne,</span> <span class='ocrx_word' id='word_1_37' title='bbox 794 326 858 354; x_wconf 84' lang='lat' dir='ltr'>ve,</span> <span class='ocrx_word' id='word_1_38' title='bbox 890 320 930 348; x_wconf 91' lang='lat' dir='ltr'>ut</span> <span class='ocrx_word' id='word_1_39' title='bbox 962 315 1058 359; x_wconf 92' lang='lat' dir='ltr'>apud</span> <span class='ocrx_word' id='word_1_40' title='bbox 1086 313 1277 348; x_wconf 87' lang='lat' dir='ltr'>Horatium</span> 
     </span>
    </p>
   </div>
   <div class='ocr_carea' id='block_1_4' title="bbox 1303 209 1311 455">
    <p class='ocr_par' dir='ltr' id='par_1_4' title="bbox 1303 209 1311 455">
     <span class='ocr_line' id='line_1_8' title="bbox 1303 209 1311 455; baseline 0 2582"><span class='ocrx_word' id='word_1_41' title='bbox 1303 209 1311 455; x_wconf 95' lang='lat' dir='ltr'> </span> 
     </span>
    </p>
   </div>
   <div class='ocr_carea' id='block_1_5' title="bbox 274 365 2344 535">
    <p class='ocr_par' dir='ltr' id='par_1_5' title="bbox 274 365 2344 535">
     <span class='ocr_line' id='line_1_9' title="bbox 274 365 1549 426; baseline -0.005 -24"><span class='ocrx_word' id='word_1_42' title='bbox 274 367 359 419; x_wconf 88' lang='lat' dir='ltr'>[Ars</span> <span class='ocrx_word' id='word_1_43' title='bbox 382 373 478 412; x_wconf 87' lang='lat' dir='ltr'>poet.</span> <span class='ocrx_word' id='word_1_44' title='bbox 497 365 571 401; x_wconf 82' lang='lat'>379</span> <span class='ocrx_word' id='word_1_45' title='bbox 590 366 678 412; x_wconf 81' lang='lat' dir='ltr'>sq.]:</span> <span class='ocrx_word' id='word_1_46' title='bbox 1334 381 1549 426; x_wconf 53' lang='lat' dir='ltr'>significans·</span> 
     </span>
     <span class='ocr_line' id='line_1_10' title="bbox 342 433 2344 491; baseline -0.003 -6"><span class='ocrx_word' id='word_1_47' title='bbox 342 461 452 485; x_wconf 85' lang='lat' dir='ltr'>Ludere</span> <span class='ocrx_word' id='word_1_48' title='bbox 473 461 518 491; x_wconf 89' lang='lat' dir='ltr'>qui</span> <span class='ocrx_word' id='word_1_49' title='bbox 538 461 644 489; x_wconf 65' lang='lat' dir='ltr'>nescit,</span> <span class='ocrx_word' id='word_1_50' title='bbox 669 459 873 489; x_wconf 78' lang='lat' dir='ltr'>campestribus</span> <span class='ocrx_word' id='word_1_51' title='bbox 893 459 1012 483; x_wconf 75' lang='lat' dir='ltr'>abstinet</span> <span class='ocrx_word' id='word_1_52' title='bbox 1031 461 1126 485; x_wconf 72' lang='lat' dir='ltr'>armiS.</span> <span class='ocrx_word' id='word_1_53' title='bbox 1438 433 1649 478; x_wconf 61' lang='lat' dir='ltr'>S¹gn¹ficant</span> <span class='ocrx_word' id='word_1_54' title='bbox 1680 441 1801 468; x_wconf 67' lang='lat' dir='ltr'>antem</span> <span class='ocrx_word' id='word_1_55' title='bbox 1833 436 1923 469; x_wconf 65' lang='lat' dir='ltr'>aliae</span> <span class='ocrx_word' id='word_1_56' title='bbox 1955 435 2256 477; x_wconf 64' lang='lat' dir='ltr'>admirationem,</span> <span class='ocrx_word' id='word_1_57' title='bbox 2290 442 2344 478; x_wconf 63' lang='lat' dir='ltr'>Ut,</span> 
     </span>
     <span class='ocr_line' id='line_1_11' title="bbox 341 496 2307 535; baseline -0.004 -7"><span class='ocrx_word' id='word_1_58' title='bbox 341 504 524 534; x_wconf 86' lang='lat' dir='ltr'>Indoctusque</span> <span class='ocrx_word' id='word_1_59' title='bbox 546 504 632 533; x_wconf 78' lang='lat' dir='ltr'>pilae,</span> <span class='ocrx_word' id='word_1_60' title='bbox 658 503 780 533; x_wconf 65' lang='lat' dir='ltr'>discive,</span> <span class='ocrx_word' id='word_1_61' title='bbox 810 502 935 526; x_wconf 83' lang='lat' dir='ltr'>trochive</span> <span class='ocrx_word' id='word_1_62' title='bbox 954 503 1078 533; x_wconf 86' lang='lat' dir='ltr'>quiescit.</span> <span class='ocrx_word' id='word_1_63' title='bbox 1333 496 1463 530; x_wconf 61' lang='lat' dir='ltr'>Papae·</span> <span class='ocrx_word' id='word_1_64' title='bbox 2298 510 2307 535; x_wconf 60' lang='lat' dir='ltr'>f</span> 
     </span>
    </p>
   </div>
   <div class='ocr_carea' id='block_1_6' title="bbox 1303 458 1309 601">
    <p class='ocr_par' dir='ltr' id='par_1_6' title="bbox 1303 458 1309 601">
     <span class='ocr_line' id='line_1_12' title="bbox 1303 458 1309 601; baseline 0 2436"><span class='ocrx_word' id='word_1_65' title='bbox 1303 458 1309 601; x_wconf 95' lang='lat' dir='ltr'> </span> 
     </span>
    </p>
   </div>
   <div class='ocr_carea' id='block_1_7' title="bbox 269 535 2342 894">
    <p class='ocr_par' dir='ltr' id='par_1_7' title="bbox 1436 535 2342 584">
     <span class='ocr_line' id='line_1_13' title="bbox 1436 535 2342 584; baseline 0.007 -15"><span class='ocrx_word' id='word_1_66' title='bbox 1436 536 1538 570; x_wconf 87' lang='lat' dir='ltr'>Aliae</span> <span class='ocrx_word' id='word_1_67' title='bbox 1555 537 1732 577; x_wconf 87' lang='lat' dir='ltr'>dolorem,</span> <span class='ocrx_word' id='word_1_68' title='bbox 1758 544 1797 571; x_wconf 89' lang='lat' dir='ltr'>ut</span> <span class='ocrx_word' id='word_1_69' title='bbox 1812 535 1885 578; x_wconf 85' lang='lat' dir='ltr'>hei,</span> <span class='ocrx_word' id='word_1_70' title='bbox 1912 535 1995 579; x_wconf 89' lang='lat' dir='ltr'>heu,</span> <span class='ocrx_word' id='word_1_71' title='bbox 2023 537 2082 580; x_wconf 87' lang='lat' dir='ltr'>ah,</span> <span class='ocrx_word' id='word_1_72' title='bbox 2110 537 2205 584; x_wconf 89' lang='lat' dir='ltr'>proh</span> <span class='ocrx_word' id='word_1_73' title='bbox 2224 539 2342 575; x_wconf 67' lang='lat' dir='ltr'>dolor,</span> 
     </span>
    </p>

    <p class='ocr_par' dir='ltr' id='par_1_8' title="bbox 1435 588 1884 630">
     <span class='ocr_line' id='line_1_14' title="bbox 1435 588 1884 630; baseline 0.004 -9"><span class='ocrx_word' id='word_1_74' title='bbox 1435 588 1537 622; x_wconf 84' lang='lat' dir='ltr'>Aliae</span> <span class='ocrx_word' id='word_1_75' title='bbox 1556 595 1691 622; x_wconf 91' lang='lat' dir='ltr'>metum</span> <span class='ocrx_word' id='word_1_76' title='bbox 1705 616 1714 630; x_wconf 90' lang='lat'>‚</span> <span class='ocrx_word' id='word_1_77' title='bbox 1742 596 1781 623; x_wconf 92' lang='lat' dir='ltr'>ut</span> <span class='ocrx_word' id='word_1_78' title='bbox 1799 595 1884 624; x_wconf 78' lang='lat' dir='ltr'>atat.</span> 
     </span>
    </p>

    <p class='ocr_par' dir='ltr' id='par_1_9' title="bbox 373 638 2342 739">
     <span class='ocr_line' id='line_1_15' title="bbox 1436 638 2342 688; baseline 0.006 -15"><span class='ocrx_word' id='word_1_79' title='bbox 1436 638 1546 674; x_wconf 89' lang='lat' dir='ltr'>Aliae</span> <span class='ocrx_word' id='word_1_80' title='bbox 1563 640 1865 685; x_wconf 82' lang='lat' dir='ltr'>indignationem,</span> <span class='ocrx_word' id='word_1_81' title='bbox 1893 647 1933 676; x_wconf 87' lang='lat' dir='ltr'>ut</span> <span class='ocrx_word' id='word_1_82' title='bbox 1949 654 1984 682; x_wconf 93' lang='lat' dir='ltr'>o,</span> <span class='ocrx_word' id='word_1_83' title='bbox 2012 640 2106 687; x_wconf 90' lang='lat' dir='ltr'>proh</span> <span class='ocrx_word' id='word_1_84' title='bbox 2120 641 2257 688; x_wconf 84' lang='lat' dir='ltr'>Iupiter</span> <span class='ocrx_word' id='word_1_85' title='bbox 2275 648 2342 678; x_wconf 87' lang='lat' dir='ltr'>etc.</span> 
     </span>
     <span class='ocr_line' id='line_1_16' title="bbox 373 690 2342 739; baseline 0.001 -11"><span class='ocrx_word' id='word_1_86' title='bbox 373 693 607 728; x_wconf 87' lang='lat' dir='ltr'>Adhibebunt</span> <span class='ocrx_word' id='word_1_87' title='bbox 639 693 748 737; x_wconf 86' lang='lat' dir='ltr'>igitur</span> <span class='ocrx_word' id='word_1_88' title='bbox 780 693 882 738; x_wconf 87' lang='lat' dir='ltr'>pueri</span> <span class='ocrx_word' id='word_1_89' title='bbox 912 693 950 726; x_wconf 90' lang='lat' dir='ltr'>in</span> <span class='ocrx_word' id='word_1_90' title='bbox 974 693 1157 739; x_wconf 83' lang='lat' dir='ltr'>loquendo</span> <span class='ocrx_word' id='word_1_91' title='bbox 1185 690 1277 726; x_wconf 75' lang='lat' dir='ltr'>hanc</span> <span class='ocrx_word' id='word_1_92' title='bbox 1437 691 1690 737; x_wconf 87' lang='lat' dir='ltr'>Suppeditabit</span> <span class='ocrx_word' id='word_1_93' title='bbox 1713 694 1834 738; x_wconf 86' lang='lat' dir='ltr'>plures</span> <span class='ocrx_word' id='word_1_94' title='bbox 1860 693 1968 727; x_wconf 85' lang='lat' dir='ltr'>etiam</span> <span class='ocrx_word' id='word_1_95' title='bbox 1995 694 2130 739; x_wconf 87' lang='lat' dir='ltr'>species</span> <span class='ocrx_word' id='word_1_96' title='bbox 2154 693 2261 729; x_wconf 83' lang='lat' dir='ltr'>lectio</span> <span class='ocrx_word' id='word_1_97' title='bbox 2278 706 2342 729; x_wconf 87' lang='lat' dir='ltr'>au-</span> 
     </span>
    </p>

    <p class='ocr_par' dir='ltr' id='par_1_10' title="bbox 271 744 2341 792">
     <span class='ocr_line' id='line_1_17' title="bbox 271 744 2341 792; baseline 0 -13"><span class='ocrx_word' id='word_1_98' title='bbox 271 758 414 787; x_wconf 86' lang='lat' dir='ltr'>curam‚</span> <span class='ocrx_word' id='word_1_99' title='bbox 460 758 505 780; x_wconf 90' lang='lat' dir='ltr'>ne</span> <span class='ocrx_word' id='word_1_100' title='bbox 537 745 623 791; x_wconf 90' lang='lat' dir='ltr'>quid</span> <span class='ocrx_word' id='word_1_101' title='bbox 657 745 693 778; x_wconf 89' lang='lat' dir='ltr'>in</span> <span class='ocrx_word' id='word_1_102' title='bbox 719 745 937 779; x_wconf 86' lang='lat' dir='ltr'>collocandis</span> <span class='ocrx_word' id='word_1_103' title='bbox 963 744 1277 778; x_wconf 87' lang='lat' dir='ltr'>coniunctionibus</span> <span class='ocrx_word' id='word_1_104' title='bbox 1332 748 1474 784; x_wconf 81' lang='lat' dir='ltr'>torum,</span> <span class='ocrx_word' id='word_1_105' title='bbox 1511 756 1618 789; x_wconf 87' lang='lat' dir='ltr'>quas,</span> <span class='ocrx_word' id='word_1_106' title='bbox 1655 757 1735 779; x_wconf 88' lang='lat' dir='ltr'>curn</span> <span class='ocrx_word' id='word_1_107' title='bbox 1766 745 1804 778; x_wconf 90' lang='lat' dir='ltr'>in</span> <span class='ocrx_word' id='word_1_108' title='bbox 1832 745 2015 779; x_wconf 89' lang='lat' dir='ltr'>infinitum</span> <span class='ocrx_word' id='word_1_109' title='bbox 2041 758 2158 791; x_wconf 88' lang='lat' dir='ltr'>paene</span> <span class='ocrx_word' id='word_1_110' title='bbox 2181 752 2341 792; x_wconf 85' lang='lat' dir='ltr'>pateant,</span> 
     </span>
    </p>

    <p class='ocr_par' dir='ltr' id='par_1_11' title="bbox 271 792 2340 844">
     <span class='ocr_line' id='line_1_18' title="bbox 271 792 2340 844; baseline 0 -13"><span class='ocrx_word' id='word_1_111' title='bbox 271 805 439 843; x_wconf 85' lang='lat' dir='ltr'>peccent,</span> <span class='ocrx_word' id='word_1_112' title='bbox 468 805 501 831; x_wconf 90' lang='lat' dir='ltr'>et</span> <span class='ocrx_word' id='word_1_113' title='bbox 528 798 708 831; x_wconf 85' lang='lat' dir='ltr'>bonorum</span> <span class='ocrx_word' id='word_1_114' title='bbox 730 804 897 831; x_wconf 76' lang='lat' dir='ltr'>autorum</span> <span class='ocrx_word' id='word_1_115' title='bbox 919 797 1079 841; x_wconf 84' lang='lat' dir='ltr'>exempla</span> <span class='ocrx_word' id='word_1_116' title='bbox 1098 794 1164 829; x_wconf 79' lang='lat' dir='ltr'>hac</span> <span class='ocrx_word' id='word_1_117' title='bbox 1183 796 1219 829; x_wconf 89' lang='lat' dir='ltr'>in</span> <span class='ocrx_word' id='word_1_118' title='bbox 1238 808 1276 830; x_wconf 88' lang='lat' dir='ltr'>re</span> <span class='ocrx_word' id='word_1_119' title='bbox 1331 792 1423 827; x_wconf 79' lang='lat' dir='ltr'>nihil</span> <span class='ocrx_word' id='word_1_120' title='bbox 1447 795 1577 829; x_wconf 78' lang='lat' dir='ltr'>attinet</span> <span class='ocrx_word' id='word_1_121' title='bbox 1599 793 1657 830; x_wconf 84' lang='lat' dir='ltr'>hic</span> <span class='ocrx_word' id='word_1_122' title='bbox 1681 809 1876 832; x_wconf 87' lang='lat' dir='ltr'>recensere.</span> <span class='ocrx_word' id='word_1_123' title='bbox 1938 797 2002 831; x_wconf 89' lang='lat' dir='ltr'>Est</span> <span class='ocrx_word' id='word_1_124' title='bbox 2024 804 2144 832; x_wconf 87' lang='lat' dir='ltr'>autem</span> <span class='ocrx_word' id='word_1_125' title='bbox 2170 810 2278 844; x_wconf 90' lang='lat' dir='ltr'>parce</span> <span class='ocrx_word' id='word_1_126' title='bbox 2301 798 2340 831; x_wconf 91' lang='lat' dir='ltr'>in</span> 
     </span>
    </p>

    <p class='ocr_par' dir='ltr' id='par_1_12' title="bbox 269 846 2103 894">
     <span class='ocr_line' id='line_1_19' title="bbox 269 846 2103 894; baseline 0.001 -11"><span class='ocrx_word' id='word_1_127' title='bbox 269 851 437 884; x_wconf 87' lang='lat' dir='ltr'>studeant</span> <span class='ocrx_word' id='word_1_128' title='bbox 460 850 608 884; x_wconf 85' lang='lat' dir='ltr'>imitari.</span> <span class='ocrx_word' id='word_1_129' title='bbox 1331 846 1514 892; x_wconf 89' lang='lat' dir='ltr'>loquendo</span> <span class='ocrx_word' id='word_1_130' title='bbox 1532 848 1705 882; x_wconf 88' lang='lat' dir='ltr'>utendum</span> <span class='ocrx_word' id='word_1_131' title='bbox 1726 846 1796 882; x_wconf 89' lang='lat' dir='ltr'>hoc</span> <span class='ocrx_word' id='word_1_132' title='bbox 1813 861 1942 883; x_wconf 90' lang='lat' dir='ltr'>vocum</span> <span class='ocrx_word' id='word_1_133' title='bbox 1961 861 2103 894; x_wconf 83' lang='lat' dir='ltr'>genere.</span> 
     </span>
    </p>
   </div>
   <div class='ocr_carea' id='block_1_8' title="bbox 271 580 1277 680">
    <p class='ocr_par' dir='ltr' id='par_1_13' title="bbox 271 580 1277 680">
     <span class='ocr_line' id='line_1_20' title="bbox 377 580 1277 627; baseline -0.001 -12"><span class='ocrx_word' id='word_1_134' title='bbox 377 581 565 627; x_wconf 82' lang='lat' dir='ltr'>Quaedam</span> <span class='ocrx_word' id='word_1_135' title='bbox 618 580 867 614; x_wconf 83' lang='lat' dir='ltr'>indifferenter</span> <span class='ocrx_word' id='word_1_136' title='bbox 916 587 1193 626; x_wconf 83' lang='lat' dir='ltr'>praeponuntur</span> <span class='ocrx_word' id='word_1_137' title='bbox 1245 586 1277 614; x_wconf 87' lang='lat' dir='ltr'>et</span> 
     </span>
     <span class='ocr_line' id='line_1_21' title="bbox 271 633 842 680; baseline -0.002 -12"><span class='ocrx_word' id='word_1_138' title='bbox 271 640 561 680; x_wconf 88' lang='lat' dir='ltr'>postponuntur,</span> <span class='ocrx_word' id='word_1_139' title='bbox 589 644 694 677; x_wconf 83' lang='lat' dir='ltr'>ergo,</span> <span class='ocrx_word' id='word_1_140' title='bbox 722 633 842 677; x_wconf 85' lang='lat' dir='ltr'>igitur.</span> 
     </span>
    </p>
   </div>
   <div class='ocr_carea' id='block_1_9' title="bbox 1303 603 1309 774">
    <p class='ocr_par' dir='ltr' id='par_1_14' title="bbox 1303 603 1309 774">
     <span class='ocr_line' id='line_1_22' title="bbox 1303 603 1309 774; baseline 0 2263"><span class='ocrx_word' id='word_1_141' title='bbox 1303 603 1309 774; x_wconf 95' lang='lat' dir='ltr'> </span> 
     </span>
    </p>
   </div>
   <div class='ocr_carea' id='block_1_10' title="bbox 1303 783 1306 802">
    <p class='ocr_par' dir='ltr' id='par_1_15' title="bbox 1303 783 1306 802">
     <span class='ocr_line' id='line_1_23' title="bbox 1303 783 1306 802; baseline 0 0"><span class='ocrx_word' id='word_1_142' title='bbox 1303 783 1306 802; x_wconf 73' lang='lat' dir='ltr'>l</span> 
     </span>
    </p>
   </div>
   <div class='ocr_carea' id='block_1_11' title="bbox 1180 1094 1427 1124">
    <p class='ocr_par' dir='ltr' id='par_1_16' title="bbox 1180 1094 1427 1124">
     <span class='ocr_line' id='line_1_24' title="bbox 1180 1094 1427 1124; baseline 0.004 -1"><span class='ocrx_word' id='word_1_143' title='bbox 1180 1094 1427 1124; x_wconf 73' lang='lat' dir='ltr'><strong>ADDENDA.</strong></span> 
     </span>
    </p>
   </div>
   <div class='ocr_carea' id='block_1_12' title="bbox 267 1153 2338 1235">
    <p class='ocr_par' dir='ltr' id='par_1_17' title="bbox 267 1153 2338 1235">
     <span class='ocr_line' id='line_1_25' title="bbox 356 1153 2338 1195; baseline -0.002 -8"><span class='ocrx_word' id='word_1_144' title='bbox 356 1158 391 1186; x_wconf 88' lang='lat' dir='ltr'>In</span> <span class='ocrx_word' id='word_1_145' title='bbox 422 1156 644 1195; x_wconf 87' lang='lat' dir='ltr'>Prolegomenis</span> <span class='ocrx_word' id='word_1_146' title='bbox 674 1165 704 1193; x_wconf 87' lang='lat' dir='ltr'>p.</span> <span class='ocrx_word' id='word_1_147' title='bbox 718 1153 783 1185; x_wconf 78' lang='lat'>243</span> <span class='ocrx_word' id='word_1_148' title='bbox 805 1165 848 1194; x_wconf 89' lang='lat' dir='ltr'>sq.</span> <span class='ocrx_word' id='word_1_149' title='bbox 882 1155 961 1183; x_wconf 84' lang='lat' dir='ltr'>inter</span> <span class='ocrx_word' id='word_1_150' title='bbox 992 1155 1080 1183; x_wconf 85' lang='lat' dir='ltr'>libros</span> <span class='ocrx_word' id='word_1_151' title='bbox 1111 1156 1330 1193; x_wconf 81' lang='lat' dir='ltr'>grammaticos,</span> <span class='ocrx_word' id='word_1_152' title='bbox 1362 1165 1434 1194; x_wconf 86' lang='lat' dir='ltr'>quos</span> <span class='ocrx_word' id='word_1_153' title='bbox 1457 1156 1631 1184; x_wconf 80' lang='lat' dir='ltr'>Melanthon</span> <span class='ocrx_word' id='word_1_154' title='bbox 1666 1155 1898 1195; x_wconf 82' lang='lat' dir='ltr'>praefationibus</span> <span class='ocrx_word' id='word_1_155' title='bbox 1924 1155 2080 1193; x_wconf 77' lang='lat' dir='ltr'>instruxit,</span> <span class='ocrx_word' id='word_1_156' title='bbox 2112 1156 2202 1184; x_wconf 82' lang='lat' dir='ltr'>etiam</span> <span class='ocrx_word' id='word_1_157' title='bbox 2231 1154 2338 1184; x_wconf 82' lang='lat' dir='ltr'>Aelii</span> 
     </span>
     <span class='ocr_line' id='line_1_26' title="bbox 267 1197 2337 1235; baseline -0.001 -5"><span class='ocrx_word' id='word_1_158' title='bbox 267 1202 406 1230; x_wconf 85' lang='lat' dir='ltr'>Donati</span> <span class='ocrx_word' id='word_1_159' title='bbox 437 1198 609 1230; x_wconf 79' lang='lat' dir='ltr'>methodus</span> <span class='ocrx_word' id='word_1_160' title='bbox 639 1199 746 1227; x_wconf 83' lang='lat' dir='ltr'>allatus</span> <span class='ocrx_word' id='word_1_161' title='bbox 777 1203 831 1227; x_wconf 86' lang='lat' dir='ltr'>est.</span> <span class='ocrx_word' id='word_1_162' title='bbox 885 1198 976 1226; x_wconf 87' lang='lat' dir='ltr'>Huius</span> <span class='ocrx_word' id='word_1_163' title='bbox 1008 1198 1072 1226; x_wconf 85' lang='lat' dir='ltr'>libri</span> <span class='ocrx_word' id='word_1_164' title='bbox 1102 1198 1267 1227; x_wconf 90' lang='lat' dir='ltr'>Editionem</span> <span class='ocrx_word' id='word_1_165' title='bbox 1301 1208 1328 1227; x_wconf 86' lang='lat' dir='ltr'>a.</span> <span class='ocrx_word' id='word_1_166' title='bbox 1354 1197 1449 1229; x_wconf 85' lang='lat'>1591.</span> <span class='ocrx_word' id='word_1_167' title='bbox 1481 1208 1519 1228; x_wconf 84' lang='lat' dir='ltr'>ex</span> <span class='ocrx_word' id='word_1_168' title='bbox 1549 1198 1688 1228; x_wconf 86' lang='lat' dir='ltr'>Biblioth.</span> <span class='ocrx_word' id='word_1_169' title='bbox 1718 1199 1801 1228; x_wconf 85' lang='lat' dir='ltr'>acad.</span> <span class='ocrx_word' id='word_1_170' title='bbox 1825 1199 1986 1229; x_wconf 72' lang='lat' dir='ltr'>VratislaV.</span> <span class='ocrx_word' id='word_1_171' title='bbox 2014 1199 2045 1227; x_wconf 89' lang='lat' dir='ltr'>in</span> <span class='ocrx_word' id='word_1_172' title='bbox 2075 1199 2208 1227; x_wconf 80' lang='lat' dir='ltr'>manibus</span> <span class='ocrx_word' id='word_1_173' title='bbox 2230 1198 2337 1235; x_wconf 84' lang='lat' dir='ltr'>habeo,</span> 
     </span>
    </p>
   </div>
   <div class='ocr_carea' id='block_1_13' title="bbox 267 1243 803 1284">
    <p class='ocr_par' dir='ltr' id='par_1_18' title="bbox 267 1243 803 1284">
     <span class='ocr_line' id='line_1_27' title="bbox 267 1243 803 1284; baseline -0.007 -11"><span class='ocrx_word' id='word_1_174' title='bbox 267 1254 355 1284; x_wconf 84' lang='lat' dir='ltr'>quam</span> <span class='ocrx_word' id='word_1_175' title='bbox 377 1245 407 1276; x_wconf 85' lang='lat' dir='ltr'>h.</span> <span class='ocrx_word' id='word_1_176' title='bbox 424 1245 445 1273; x_wconf 89' lang='lat' dir='ltr'>l.</span> <span class='ocrx_word' id='word_1_177' title='bbox 469 1245 598 1273; x_wconf 82' lang='lat' dir='ltr'>breviter</span> <span class='ocrx_word' id='word_1_178' title='bbox 624 1243 803 1271; x_wconf 85' lang='lat' dir='ltr'>describam:</span> 
     </span>
    </p>
   </div>
   <div class='ocr_carea' id='block_1_14' title="bbox 396 1297 2336 1646">
    <p class='ocr_par' dir='ltr' id='par_1_19' title="bbox 396 1297 2336 1646">
     <span class='ocr_line' id='line_1_28' title="bbox 396 1297 2336 1340; baseline -0.003 -5"><span class='ocrx_word' id='word_1_179' title='bbox 396 1303 495 1335; x_wconf 74' lang='lat' dir='ltr'>Aelii</span> <span class='ocrx_word' id='word_1_180' title='bbox 517 1302 650 1334; x_wconf 78' lang='lat' dir='ltr'>Donati</span> <span class='ocrx_word' id='word_1_181' title='bbox 671 1301 862 1337; x_wconf 69' lang='lat' dir='ltr'>methodus,</span> <span class='ocrx_word' id='word_1_182' title='bbox 886 1311 942 1330; x_wconf 79' lang='lat' dir='ltr'>sev</span> <span class='ocrx_word' id='word_1_183' title='bbox 963 1299 1176 1331; x_wconf 78' lang='lat' dir='ltr'>Declinandi</span> <span class='ocrx_word' id='word_1_184' title='bbox 1197 1300 1472 1340; x_wconf 75' lang='lat' dir='ltr'>conivgcznde&#39;que</span> <span class='ocrx_word' id='word_1_185' title='bbox 1495 1303 1610 1340; x_wconf 80' lang='lat' dir='ltr'>prima</span> <span class='ocrx_word' id='word_1_186' title='bbox 1633 1300 1813 1337; x_wconf 80' lang='lat' dir='ltr'>elementa,</span> <span class='ocrx_word' id='word_1_187' title='bbox 1835 1310 1900 1340; x_wconf 85' lang='lat' dir='ltr'>pro</span> <span class='ocrx_word' id='word_1_188' title='bbox 1922 1301 2041 1339; x_wconf 76' lang='lat' dir='ltr'>pueris</span> <span class='ocrx_word' id='word_1_189' title='bbox 2055 1297 2336 1340; x_wconf 61' lang='lat' dir='ltr'>Alphabetoerg&#39;js,</span> 
     </span>
     <span class='ocr_line' id='line_1_29' title="bbox 441 1342 2336 1385; baseline -0.003 -7"><span class='ocrx_word' id='word_1_190' title='bbox 441 1357 556 1378; x_wconf 84' lang='lat' dir='ltr'>rerum</span> <span class='ocrx_word' id='word_1_191' title='bbox 573 1345 883 1378; x_wconf 78' lang='lat' dir='ltr'>Grammatz&#39;oarum</span> <span class='ocrx_word' id='word_1_192' title='bbox 903 1354 1047 1384; x_wconf 84' lang='lat' dir='ltr'>prorsus</span> <span class='ocrx_word' id='word_1_193' title='bbox 1071 1347 1215 1385; x_wconf 79' lang='lat' dir='ltr'>ignaris.</span> <span class='ocrx_word' id='word_1_194' title='bbox 1262 1344 1492 1384; x_wconf 78' lang='lat' dir='ltr'>Diligentiori</span> <span class='ocrx_word' id='word_1_195' title='bbox 1514 1354 1596 1374; x_wconf 82' lang='lat' dir='ltr'>cvra</span> <span class='ocrx_word' id='word_1_196' title='bbox 1619 1354 1706 1374; x_wconf 82' lang='lat' dir='ltr'>nvnc</span> <span class='ocrx_word' id='word_1_197' title='bbox 1728 1345 1879 1383; x_wconf 78' lang='lat' dir='ltr'>primum</span> <span class='ocrx_word' id='word_1_198' title='bbox 1902 1344 2116 1373; x_wconf 75' lang='lat' dir='ltr'>concinnata.</span> <span class='ocrx_word' id='word_1_199' title='bbox 2162 1342 2240 1373; x_wconf 85' lang='lat' dir='ltr'>Cvm</span> <span class='ocrx_word' id='word_1_200' title='bbox 2262 1345 2336 1383; x_wconf 77' lang='lat' dir='ltr'>epi-</span> 
     </span>
     <span class='ocr_line' id='line_1_30' title="bbox 438 1385 2336 1429; baseline -0.003 -8"><span class='ocrx_word' id='word_1_201' title='bbox 438 1391 525 1421; x_wconf 79' lang='lat' dir='ltr'>stola</span> <span class='ocrx_word' id='word_1_202' title='bbox 551 1388 678 1429; x_wconf 76' lang='lat' dir='ltr'>Philip.</span> <span class='ocrx_word' id='word_1_203' title='bbox 702 1387 868 1420; x_wconf 80' lang='lat' dir='ltr'>Melanth.</span> <span class='ocrx_word' id='word_1_204' title='bbox 892 1388 1030 1427; x_wconf 76' lang='lat' dir='ltr'>(Effigies</span> <span class='ocrx_word' id='word_1_205' title='bbox 1054 1390 1253 1418; x_wconf 81' lang='lat' dir='ltr'>Melanthonis</span> <span class='ocrx_word' id='word_1_206' title='bbox 1276 1390 1362 1418; x_wconf 82' lang='lat' dir='ltr'>lineis</span> <span class='ocrx_word' id='word_1_207' title='bbox 1386 1390 1474 1417; x_wconf 88' lang='lat' dir='ltr'>rectis</span> <span class='ocrx_word' id='word_1_208' title='bbox 1501 1388 1628 1427; x_wconf 84' lang='lat' dir='ltr'>inclusa)</span> <span class='ocrx_word' id='word_1_209' title='bbox 1653 1387 1807 1428; x_wconf 77' lang='lat' dir='ltr'>Lipsiae.</span> <span class='ocrx_word' id='word_1_210' title='bbox 1831 1385 2074 1417; x_wconf 82' lang='lat' dir='ltr'><em>M.D.XGIX.</em></span> <span class='ocrx_word' id='word_1_211' title='bbox 2099 1402 2142 1408; x_wconf 98' lang='lat'><strong>—</strong></span> <span class='ocrx_word' id='word_1_212' title='bbox 2170 1386 2220 1427; x_wconf 90' lang='lat' dir='ltr'>(In</span> <span class='ocrx_word' id='word_1_213' title='bbox 2242 1385 2336 1427; x_wconf 85' lang='lat' dir='ltr'>fine:)</span> 
     </span>
     <span class='ocr_line' id='line_1_31' title="bbox 440 1427 2336 1474; baseline -0.003 -10"><span class='ocrx_word' id='word_1_214' title='bbox 440 1432 605 1473; x_wconf 79' lang='lat' dir='ltr'>Lipsiae,</span> <span class='ocrx_word' id='word_1_215' title='bbox 636 1432 746 1474; x_wconf 70' lang='lat' dir='ltr'>Typis</span> <span class='ocrx_word' id='word_1_216' title='bbox 770 1431 968 1462; x_wconf 69' lang='lat' dir='ltr'>Ham-edum</span> <span class='ocrx_word' id='word_1_217' title='bbox 991 1430 1173 1461; x_wconf 80' lang='lat' dir='ltr'>Berwaldi</span> <span class='ocrx_word' id='word_1_218' title='bbox 1203 1432 1338 1472; x_wconf 81' lang='lat' dir='ltr'>(insigne</span> <span class='ocrx_word' id='word_1_219' title='bbox 1361 1437 1480 1470; x_wconf 77' lang='lat' dir='ltr'>typogr.</span> <span class='ocrx_word' id='word_1_220' title='bbox 1506 1432 1671 1460; x_wconf 86' lang='lat' dir='ltr'>Berwaldi:</span> <span class='ocrx_word' id='word_1_221' title='bbox 1712 1432 1805 1468; x_wconf 78' lang='lat' dir='ltr'>Sylva</span> <span class='ocrx_word' id='word_1_222' title='bbox 1835 1441 1902 1459; x_wconf 85' lang='lat' dir='ltr'>cum</span> <span class='ocrx_word' id='word_1_223' title='bbox 1931 1428 2016 1468; x_wconf 86' lang='lat' dir='ltr'>ursu)</span> <span class='ocrx_word' id='word_1_224' title='bbox 2045 1427 2254 1459; x_wconf 64' lang='lat' dir='ltr'>Fla-cudebat</span> <span class='ocrx_word' id='word_1_225' title='bbox 2275 1428 2336 1459; x_wconf 85' lang='grc' dir='ltr'>Ια-</span> 
     </span>
     <span class='ocr_line' id='line_1_32' title="bbox 442 1472 2336 1514; baseline -0.002 -7"><span class='ocrx_word' id='word_1_226' title='bbox 442 1476 542 1507; x_wconf 74' lang='lat' dir='ltr'>cobus</span> <span class='ocrx_word' id='word_1_227' title='bbox 566 1475 730 1508; x_wconf 77' lang='lat' dir='ltr'>Gvbisivs.</span> <span class='ocrx_word' id='word_1_228' title='bbox 775 1475 878 1506; x_wconf 83' lang='lat' dir='ltr'>Anno</span> <span class='ocrx_word' id='word_1_229' title='bbox 901 1474 950 1505; x_wconf 87' lang='lat' dir='ltr'>M.</span> <span class='ocrx_word' id='word_1_230' title='bbox 960 1473 1004 1505; x_wconf 91' lang='lat' dir='ltr'>D.</span> <span class='ocrx_word' id='word_1_231' title='bbox 1014 1474 1070 1506; x_wconf 83' lang='lat' dir='ltr'>IC.</span> <span class='ocrx_word' id='word_1_232' title='bbox 1116 1475 1157 1504; x_wconf 86' lang='lat'>14</span> <span class='ocrx_word' id='word_1_233' title='bbox 1180 1476 1280 1514; x_wconf 83' lang='lat' dir='ltr'>plagg.</span> <span class='ocrx_word' id='word_1_234' title='bbox 1308 1476 1366 1504; x_wconf 82' lang='lat' dir='ltr'>litt.</span> <span class='ocrx_word' id='word_1_235' title='bbox 1389 1474 1502 1503; x_wconf 85' lang='lat' dir='ltr'><strong>A——O</strong></span> <span class='ocrx_word' id='word_1_236' title='bbox 1526 1476 1620 1513; x_wconf 87' lang='lat' dir='ltr'>sign.‚</span> <span class='ocrx_word' id='word_1_237' title='bbox 1650 1473 1714 1504; x_wconf 72' lang='lat'>112</span> <span class='ocrx_word' id='word_1_238' title='bbox 1737 1475 1800 1503; x_wconf 77' lang='lat' dir='ltr'>soll.</span> <span class='ocrx_word' id='word_1_239' title='bbox 1825 1484 1885 1503; x_wconf 90' lang='lat' dir='ltr'>non</span> <span class='ocrx_word' id='word_1_240' title='bbox 1906 1483 2007 1510; x_wconf 87' lang='lat' dir='ltr'>num.,</span> <span class='ocrx_word' id='word_1_241' title='bbox 2029 1472 2061 1503; x_wconf 89' lang='grc'>8.</span> <span class='ocrx_word' id='word_1_242' title='bbox 2082 1474 2153 1502; x_wconf 86' lang='lat' dir='ltr'>min.</span> <span class='ocrx_word' id='word_1_243' title='bbox 2178 1473 2243 1512; x_wconf 85' lang='lat' dir='ltr'>(fol.</span> <span class='ocrx_word' id='word_1_244' title='bbox 2258 1472 2336 1503; x_wconf 71' lang='lat' dir='ltr'>A2⁸</span> 
     </span>
     <span class='ocr_line' id='line_1_33' title="bbox 439 1515 2335 1557; baseline -0.003 -7"><span class='ocrx_word' id='word_1_245' title='bbox 439 1522 567 1551; x_wconf 84' lang='lat' dir='ltr'>Carmen</span> <span class='ocrx_word' id='word_1_246' title='bbox 590 1521 627 1550; x_wconf 82' lang='lat' dir='ltr'>ad</span> <span class='ocrx_word' id='word_1_247' title='bbox 651 1521 745 1550; x_wconf 86' lang='lat' dir='ltr'>filium</span> <span class='ocrx_word' id='word_1_248' title='bbox 762 1520 941 1557; x_wconf 80' lang='lat' dir='ltr'>Georgium3</span> <span class='ocrx_word' id='word_1_249' title='bbox 974 1518 1025 1548; x_wconf 80' lang='lat' dir='ltr'>fol.</span> <span class='ocrx_word' id='word_1_250' title='bbox 1050 1522 1074 1547; x_wconf 81' lang='lat' dir='ltr'>A</span> <span class='ocrx_word' id='word_1_251' title='bbox 1089 1517 1228 1548; x_wconf 62' lang='lat' dir='ltr'><strong>2b—3b</strong></span> <span class='ocrx_word' id='word_1_252' title='bbox 1249 1518 1326 1547; x_wconf 88' lang='lat' dir='ltr'>Phil.</span> <span class='ocrx_word' id='word_1_253' title='bbox 1341 1518 1544 1546; x_wconf 83' lang='lat' dir='ltr'>Melanthonis</span> <span class='ocrx_word' id='word_1_254' title='bbox 1569 1518 1694 1555; x_wconf 86' lang='lat' dir='ltr'>epistola</span> <span class='ocrx_word' id='word_1_255' title='bbox 1716 1518 1755 1547; x_wconf 87' lang='lat' dir='ltr'>ad</span> <span class='ocrx_word' id='word_1_256' title='bbox 1770 1518 1932 1556; x_wconf 83' lang='lat' dir='ltr'>Georgium</span> <span class='ocrx_word' id='word_1_257' title='bbox 1951 1516 2057 1553; x_wconf 85' lang='lat' dir='ltr'>Rhau,</span> <span class='ocrx_word' id='word_1_258' title='bbox 2078 1516 2203 1554; x_wconf 84' lang='lat' dir='ltr'>Georgii</span> <span class='ocrx_word' id='word_1_259' title='bbox 2224 1515 2335 1552; x_wconf 76' lang='lat' dir='ltr'>filium3</span> 
     </span>
     <span class='ocr_line' id='line_1_34' title="bbox 438 1559 2336 1602; baseline -0.002 -10"><span class='ocrx_word' id='word_1_260' title='bbox 438 1564 490 1593; x_wconf 79' lang='lat' dir='ltr'>fol.</span> <span class='ocrx_word' id='word_1_261' title='bbox 507 1567 531 1593; x_wconf 82' lang='lat' dir='ltr'><strong>A</strong></span> <span class='ocrx_word' id='word_1_262' title='bbox 546 1563 686 1594; x_wconf 61' lang='lat'>42—51’</span> <span class='ocrx_word' id='word_1_263' title='bbox 719 1563 1025 1602; x_wconf 86' lang='lat' dir='ltr'>Hypodidascalorum</span> <span class='ocrx_word' id='word_1_264' title='bbox 1049 1561 1250 1601; x_wconf 79' lang='lat' dir='ltr'>Tergensium</span> <span class='ocrx_word' id='word_1_265' title='bbox 1273 1561 1399 1600; x_wconf 83' lang='lat' dir='ltr'>epistola</span> <span class='ocrx_word' id='word_1_266' title='bbox 1428 1561 1465 1590; x_wconf 86' lang='lat' dir='ltr'>ad</span> <span class='ocrx_word' id='word_1_267' title='bbox 1489 1561 1637 1599; x_wconf 86' lang='lat' dir='ltr'>Geogium</span> <span class='ocrx_word' id='word_1_268' title='bbox 1661 1561 1766 1598; x_wconf 79' lang='lat' dir='ltr'>Rhau,</span> <span class='ocrx_word' id='word_1_269' title='bbox 1803 1559 2037 1599; x_wconf 70' lang='lat' dir='ltr'>Typographum</span> <span class='ocrx_word' id='word_1_270' title='bbox 2067 1559 2336 1597; x_wconf 83' lang='lat' dir='ltr'>Witebergensem‚</span> 
     </span>
     <span class='ocr_line' id='line_1_35' title="bbox 437 1602 2334 1646; baseline -0.003 -10"><span class='ocrx_word' id='word_1_271' title='bbox 437 1608 508 1636; x_wconf 83' lang='lat' dir='ltr'>data</span> <span class='ocrx_word' id='word_1_272' title='bbox 530 1608 649 1646; x_wconf 84' lang='lat' dir='ltr'>Torgae</span> <span class='ocrx_word' id='word_1_273' title='bbox 671 1607 736 1636; x_wconf 88' lang='lat' dir='ltr'>Cal.</span> <span class='ocrx_word' id='word_1_274' title='bbox 759 1606 916 1643; x_wconf 86' lang='lat' dir='ltr'>Septemb.</span> <span class='ocrx_word' id='word_1_275' title='bbox 940 1603 1053 1640; x_wconf 82' lang='lat'><strong>1533.;</strong></span> <span class='ocrx_word' id='word_1_276' title='bbox 1084 1604 1137 1634; x_wconf 80' lang='lat' dir='ltr'>sol.</span> <span class='ocrx_word' id='word_1_277' title='bbox 1154 1608 1176 1634; x_wconf 77' lang='lat' dir='ltr'>A</span> <span class='ocrx_word' id='word_1_278' title='bbox 1191 1604 1231 1634; x_wconf 71' lang='lat'>6³</span> <span class='ocrx_word' id='word_1_279' title='bbox 1247 1620 1287 1626; x_wconf 90' lang='lat'>—</span> <span class='ocrx_word' id='word_1_280' title='bbox 1302 1604 1329 1633; x_wconf 88' lang='lat' dir='ltr'>O</span> <span class='ocrx_word' id='word_1_281' title='bbox 1346 1603 1386 1633; x_wconf 71' lang='lat'>71‘</span> <span class='ocrx_word' id='word_1_282' title='bbox 1414 1605 1491 1633; x_wconf 81' lang='lat' dir='ltr'>Aelii</span> <span class='ocrx_word' id='word_1_283' title='bbox 1514 1604 1620 1633; x_wconf 84' lang='lat' dir='ltr'>Donati</span> <span class='ocrx_word' id='word_1_284' title='bbox 1642 1604 1819 1639; x_wconf 85' lang='lat' dir='ltr'>Methodus;</span> <span class='ocrx_word' id='word_1_285' title='bbox 1850 1603 1902 1633; x_wconf 80' lang='lat' dir='ltr'>sol.</span> <span class='ocrx_word' id='word_1_286' title='bbox 1918 1602 1945 1631; x_wconf 94' lang='grc' dir='ltr'>Ο</span> <span class='ocrx_word' id='word_1_287' title='bbox 1959 1602 2000 1633; x_wconf 73' lang='grc'>8“</span> <span class='ocrx_word' id='word_1_288' title='bbox 2031 1602 2173 1631; x_wconf 84' lang='lat' dir='ltr'>Clausula</span> <span class='ocrx_word' id='word_1_289' title='bbox 2194 1612 2261 1632; x_wconf 87' lang='lat' dir='ltr'>cum</span> <span class='ocrx_word' id='word_1_290' title='bbox 2282 1603 2334 1631; x_wconf 88' lang='lat' dir='ltr'>ln-</span> 
     </span>
    </p>
   </div>
   <div class='ocr_carea' id='block_1_15' title="bbox 434 1649 850 1689">
    <p class='ocr_par' dir='ltr' id='par_1_20' title="bbox 434 1649 850 1689">
     <span class='ocr_line' id='line_1_36' title="bbox 434 1649 850 1689; baseline -0.002 -11"><span class='ocrx_word' id='word_1_291' title='bbox 434 1651 530 1689; x_wconf 77' lang='lat' dir='ltr'>signi3</span> <span class='ocrx_word' id='word_1_292' title='bbox 560 1650 614 1679; x_wconf 82' lang='lat' dir='ltr'>fol.</span> <span class='ocrx_word' id='word_1_293' title='bbox 632 1649 714 1680; x_wconf 70' lang='lat'>08¹²</span> <span class='ocrx_word' id='word_1_294' title='bbox 744 1650 850 1685; x_wconf 78' lang='lat' dir='ltr'>vacat).</span> 
     </span>
    </p>
   </div>
   <div class='ocr_carea' id='block_1_16' title="bbox 267 1698 2360 1795">
    <p class='ocr_par' dir='ltr' id='par_1_21' title="bbox 267 1698 2360 1795">
     <span class='ocr_line' id='line_1_37' title="bbox 351 1698 2360 1751; baseline -0.004 -10"><span class='ocrx_word' id='word_1_295' title='bbox 351 1712 550 1741; x_wconf 84' lang='lat' dir='ltr'>Melanthonis</span> <span class='ocrx_word' id='word_1_296' title='bbox 574 1713 716 1751; x_wconf 83' lang='lat' dir='ltr'>epistola,</span> <span class='ocrx_word' id='word_1_297' title='bbox 744 1717 776 1740; x_wconf 91' lang='lat' dir='ltr'>ut</span> <span class='ocrx_word' id='word_1_298' title='bbox 799 1712 855 1739; x_wconf 88' lang='lat' dir='ltr'>iam</span> <span class='ocrx_word' id='word_1_299' title='bbox 879 1719 969 1748; x_wconf 88' lang='lat' dir='ltr'>supra</span> <span class='ocrx_word' id='word_1_300' title='bbox 991 1709 1070 1746; x_wconf 78' lang='lat' dir='ltr'>dixi,</span> <span class='ocrx_word' id='word_1_301' title='bbox 1104 1710 1133 1736; x_wconf 90' lang='lat' dir='ltr'>in</span> <span class='ocrx_word' id='word_1_302' title='bbox 1164 1708 1250 1737; x_wconf 86' lang='lat' dir='ltr'>huius</span> <span class='ocrx_word' id='word_1_303' title='bbox 1273 1705 1363 1746; x_wconf 86' lang='lat' dir='ltr'>Corp.</span> <span class='ocrx_word' id='word_1_304' title='bbox 1387 1707 1455 1736; x_wconf 69' lang='lat' dir='ltr'>Vol.</span> <span class='ocrx_word' id='word_1_305' title='bbox 1472 1706 1508 1735; x_wconf 87' lang='lat'>11.</span> <span class='ocrx_word' id='word_1_306' title='bbox 1538 1716 1567 1745; x_wconf 92' lang='lat' dir='ltr'>p.</span> <span class='ocrx_word' id='word_1_307' title='bbox 1586 1704 1650 1736; x_wconf 73' lang='lat'>207</span> <span class='ocrx_word' id='word_1_308' title='bbox 1664 1717 1730 1745; x_wconf 87' lang='lat' dir='ltr'>sqq.</span> <span class='ocrx_word' id='word_1_309' title='bbox 1754 1706 1831 1734; x_wconf 85' lang='lat' dir='ltr'>inter</span> <span class='ocrx_word' id='word_1_310' title='bbox 1855 1705 1993 1743; x_wconf 82' lang='lat' dir='ltr'>epistolas</span> <span class='ocrx_word' id='word_1_311' title='bbox 2016 1705 2086 1733; x_wconf 86' lang='lat' dir='ltr'>anni</span> <span class='ocrx_word' id='word_1_312' title='bbox 2110 1702 2207 1735; x_wconf 81' lang='grc'><strong>1533.</strong></span> <span class='ocrx_word' id='word_1_313' title='bbox 2229 1698 2333 1734; x_wconf 66' lang='lat' dir='ltr'>recusa</span> <span class='ocrx_word' id='word_1_314' title='bbox 2354 1725 2360 1728; x_wconf 84' lang='lat'>-</span> 
     </span>
     <span class='ocr_line' id='line_1_38' title="bbox 267 1747 2331 1795; baseline -0.004 -11"><span class='ocrx_word' id='word_1_315' title='bbox 267 1760 323 1784; x_wconf 79' lang='lat' dir='ltr'>est.</span> <span class='ocrx_word' id='word_1_316' title='bbox 368 1756 496 1784; x_wconf 84' lang='lat' dir='ltr'>Carmen</span> <span class='ocrx_word' id='word_1_317' title='bbox 517 1765 588 1785; x_wconf 79' lang='lat' dir='ltr'>vero</span> <span class='ocrx_word' id='word_1_318' title='bbox 612 1757 640 1784; x_wconf 88' lang='lat' dir='ltr'>ei</span> <span class='ocrx_word' id='word_1_319' title='bbox 664 1755 864 1795; x_wconf 79' lang='lat' dir='ltr'>praecedenS‚</span> <span class='ocrx_word' id='word_1_320' title='bbox 895 1754 971 1792; x_wconf 91' lang='lat' dir='ltr'>quod</span> <span class='ocrx_word' id='word_1_321' title='bbox 996 1754 1067 1781; x_wconf 87' lang='lat' dir='ltr'>item</span> <span class='ocrx_word' id='word_1_322' title='bbox 1090 1753 1153 1780; x_wconf 85' lang='lat' dir='ltr'>sine</span> <span class='ocrx_word' id='word_1_323' title='bbox 1177 1752 1266 1780; x_wconf 90' lang='lat' dir='ltr'>dubio</span> <span class='ocrx_word' id='word_1_324' title='bbox 1290 1750 1490 1780; x_wconf 81' lang='lat' dir='ltr'>Melanthonis</span> <span class='ocrx_word' id='word_1_325' title='bbox 1515 1755 1577 1786; x_wconf 87' lang='lat' dir='ltr'>est,</span> <span class='ocrx_word' id='word_1_326' title='bbox 1600 1750 1678 1778; x_wconf 88' lang='lat' dir='ltr'>inter</span> <span class='ocrx_word' id='word_1_327' title='bbox 1700 1750 1764 1778; x_wconf 89' lang='lat' dir='ltr'>eius</span> <span class='ocrx_word' id='word_1_328' title='bbox 1787 1748 1925 1778; x_wconf 76' lang='lat' dir='ltr'>Carmina</span> <span class='ocrx_word' id='word_1_329' title='bbox 1943 1748 1974 1776; x_wconf 90' lang='lat' dir='ltr'>in</span> <span class='ocrx_word' id='word_1_330' title='bbox 1997 1747 2082 1776; x_wconf 84' lang='lat' dir='ltr'>huius</span> <span class='ocrx_word' id='word_1_331' title='bbox 2095 1747 2188 1788; x_wconf 85' lang='lat' dir='ltr'>Corp.</span> <span class='ocrx_word' id='word_1_332' title='bbox 2211 1747 2278 1778; x_wconf 76' lang='lat' dir='ltr'>Vol.</span> <span class='ocrx_word' id='word_1_333' title='bbox 2293 1747 2331 1776; x_wconf 90' lang='lat' dir='ltr'>X.</span> 
     </span>
    </p>
   </div>
   <div class='ocr_carea' id='block_1_17' title="bbox 266 1797 1041 1839">
    <p class='ocr_par' dir='ltr' id='par_1_22' title="bbox 266 1797 1041 1839">
     <span class='ocr_line' id='line_1_39' title="bbox 266 1797 1041 1839; baseline -0.004 -12"><span class='ocrx_word' id='word_1_334' title='bbox 266 1808 325 1827; x_wconf 87' lang='lat' dir='ltr'>non</span> <span class='ocrx_word' id='word_1_335' title='bbox 349 1799 516 1839; x_wconf 80' lang='lat' dir='ltr'>invenitur,</span> <span class='ocrx_word' id='word_1_336' title='bbox 545 1806 729 1839; x_wconf 86' lang='lat' dir='ltr'>quapropter</span> <span class='ocrx_word' id='word_1_337' title='bbox 751 1798 779 1826; x_wconf 90' lang='lat' dir='ltr'>h.</span> <span class='ocrx_word' id='word_1_338' title='bbox 797 1799 819 1827; x_wconf 89' lang='lat' dir='ltr'>l.</span> <span class='ocrx_word' id='word_1_339' title='bbox 841 1797 1041 1826; x_wconf 81' lang='lat' dir='ltr'>adscribatur:</span> 
     </span>
    </p>
   </div>
   <div class='ocr_carea' id='block_1_18' title="bbox 1095 1868 1504 1911">
    <p class='ocr_par' dir='ltr' id='par_1_23' title="bbox 1095 1868 1504 1911">
     <span class='ocr_line' id='line_1_40' title="bbox 1095 1868 1504 1911; baseline -0.007 -10"><span class='ocrx_word' id='word_1_340' title='bbox 1095 1870 1151 1901; x_wconf 82' lang='lat' dir='ltr'>Ad</span> <span class='ocrx_word' id='word_1_341' title='bbox 1165 1868 1288 1911; x_wconf 80' lang='lat' dir='ltr'>filium</span> <span class='ocrx_word' id='word_1_342' title='bbox 1311 1869 1504 1909; x_wconf 82' lang='lat' dir='ltr'>Georgium.</span> 
     </span>
    </p>
   </div>
   <div class='ocr_carea' id='block_1_19' title="bbox 496 1929 1733 2703">
    <p class='ocr_par' dir='ltr' id='par_1_24' title="bbox 496 1929 1733 2703">
     <span class='ocr_line' id='line_1_41' title="bbox 875 1929 1620 1965; baseline -0.008 -3"><span class='ocrx_word' id='word_1_343' title='bbox 875 1935 923 1964; x_wconf 89' lang='lat' dir='ltr'>En</span> <span class='ocrx_word' id='word_1_344' title='bbox 946 1933 1054 1962; x_wconf 90' lang='lat' dir='ltr'>dilecte</span> <span class='ocrx_word' id='word_1_345' title='bbox 1077 1942 1186 1961; x_wconf 76' lang='lat' dir='ltr'>novum</span> <span class='ocrx_word' id='word_1_346' title='bbox 1209 1932 1287 1961; x_wconf 84' lang='lat' dir='ltr'>dono</span> <span class='ocrx_word' id='word_1_347' title='bbox 1311 1932 1363 1960; x_wconf 88' lang='lat' dir='ltr'>tibi</span> <span class='ocrx_word' id='word_1_348' title='bbox 1383 1936 1453 1962; x_wconf 80' lang='lat' dir='ltr'>nate</span> <span class='ocrx_word' id='word_1_349' title='bbox 1474 1929 1620 1965; x_wconf 90' lang='lat' dir='ltr'>libellum,</span> 
     </span>
     <span class='ocr_line' id='line_1_42' title="bbox 961 1972 1562 2014; baseline -0.01 -9"><span class='ocrx_word' id='word_1_350' title='bbox 961 1977 1021 2009; x_wconf 90' lang='lat' dir='ltr'>Qui</span> <span class='ocrx_word' id='word_1_351' title='bbox 1044 1977 1155 2014; x_wconf 86' lang='lat' dir='ltr'>poterit</span> <span class='ocrx_word' id='word_1_352' title='bbox 1178 1975 1281 2004; x_wconf 85' lang='lat' dir='ltr'>studiis</span> <span class='ocrx_word' id='word_1_353' title='bbox 1304 1975 1384 2004; x_wconf 85' lang='lat' dir='ltr'>utilis</span> <span class='ocrx_word' id='word_1_354' title='bbox 1408 1981 1473 2002; x_wconf 87' lang='lat' dir='ltr'>esse</span> <span class='ocrx_word' id='word_1_355' title='bbox 1497 1972 1562 2001; x_wconf 88' lang='lat' dir='ltr'>tuis.</span> 
     </span>
     <span class='ocr_line' id='line_1_43' title="bbox 496 2014 1733 2057; baseline -0.006 -6"><span class='ocrx_word' id='word_1_356' title='bbox 496 2033 519 2051; x_wconf 62' lang='grc' dir='ltr'><strong>υ</strong></span> <span class='ocrx_word' id='word_1_357' title='bbox 878 2021 964 2049; x_wconf 86' lang='lat' dir='ltr'>Hunc</span> <span class='ocrx_word' id='word_1_358' title='bbox 987 2024 1038 2054; x_wconf 89' lang='lat' dir='ltr'>tu,</span> <span class='ocrx_word' id='word_1_359' title='bbox 1068 2019 1093 2048; x_wconf 89' lang='lat' dir='ltr'>si</span> <span class='ocrx_word' id='word_1_360' title='bbox 1115 2028 1174 2057; x_wconf 86' lang='lat' dir='ltr'>qua</span> <span class='ocrx_word' id='word_1_361' title='bbox 1196 2024 1297 2047; x_wconf 88' lang='lat' dir='ltr'>manet</span> <span class='ocrx_word' id='word_1_362' title='bbox 1320 2017 1401 2046; x_wconf 86' lang='lat' dir='ltr'>chari</span> <span class='ocrx_word' id='word_1_363' title='bbox 1423 2016 1475 2044; x_wconf 91' lang='lat' dir='ltr'>tibi</span> <span class='ocrx_word' id='word_1_364' title='bbox 1498 2024 1569 2044; x_wconf 88' lang='lat' dir='ltr'>cura</span> <span class='ocrx_word' id='word_1_365' title='bbox 1591 2014 1733 2052; x_wconf 77' lang='lat' dir='ltr'>parentis,</span> 
     </span>
     <span class='ocr_line' id='line_1_44' title="bbox 960 2060 1602 2099; baseline -0.008 -9"><span class='ocrx_word' id='word_1_366' title='bbox 960 2062 1090 2099; x_wconf 85' lang='lat' dir='ltr'>Perlege</span> <span class='ocrx_word' id='word_1_367' title='bbox 1113 2062 1238 2090; x_wconf 82' lang='lat' dir='ltr'>sollicita</span> <span class='ocrx_word' id='word_1_368' title='bbox 1260 2067 1348 2090; x_wconf 84' lang='lat' dir='ltr'>nocte</span> <span class='ocrx_word' id='word_1_369' title='bbox 1371 2060 1480 2098; x_wconf 90' lang='lat' dir='ltr'>dieque</span> <span class='ocrx_word' id='word_1_370' title='bbox 1503 2067 1602 2098; x_wconf 59' lang='lat' dir='ltr'>many.</span> 
     </span>
     <span class='ocr_line' id='line_1_45' title="bbox 873 2101 1572 2142; baseline -0.004 -9"><span class='ocrx_word' id='word_1_371' title='bbox 873 2106 1013 2134; x_wconf 86' lang='lat' dir='ltr'>Invenies</span> <span class='ocrx_word' id='word_1_372' title='bbox 1036 2105 1116 2142; x_wconf 85' lang='lat' dir='ltr'>illic,</span> <span class='ocrx_word' id='word_1_373' title='bbox 1146 2105 1226 2142; x_wconf 88' lang='lat' dir='ltr'>quod</span> <span class='ocrx_word' id='word_1_374' title='bbox 1249 2110 1280 2133; x_wconf 85' lang='lat' dir='ltr'>te</span> <span class='ocrx_word' id='word_1_375' title='bbox 1303 2104 1439 2133; x_wconf 86' lang='lat' dir='ltr'>didicisse</span> <span class='ocrx_word' id='word_1_376' title='bbox 1460 2101 1572 2130; x_wconf 78' lang='lat' dir='ltr'>iuvabit</span> 
     </span>
     <span class='ocr_line' id='line_1_46' title="bbox 963 2143 1684 2184; baseline -0.008 -8"><span class='ocrx_word' id='word_1_377' title='bbox 963 2148 1063 2184; x_wconf 87' lang='lat' dir='ltr'>Olim,</span> <span class='ocrx_word' id='word_1_378' title='bbox 1092 2148 1142 2176; x_wconf 91' lang='lat' dir='ltr'>ubi</span> <span class='ocrx_word' id='word_1_379' title='bbox 1164 2148 1221 2176; x_wconf 85' lang='lat' dir='ltr'>iam</span> <span class='ocrx_word' id='word_1_380' title='bbox 1245 2147 1329 2176; x_wconf 90' lang='lat' dir='ltr'>firmo</span> <span class='ocrx_word' id='word_1_381' title='bbox 1354 2153 1477 2184; x_wconf 85' lang='lat' dir='ltr'>corpore</span> <span class='ocrx_word' id='word_1_382' title='bbox 1500 2144 1593 2172; x_wconf 86' lang='lat' dir='ltr'>maior</span> <span class='ocrx_word' id='word_1_383' title='bbox 1617 2143 1684 2171; x_wconf 89' lang='lat' dir='ltr'>eris.</span> 
     </span>
     <span class='ocr_line' id='line_1_47' title="bbox 875 2187 1607 2229; baseline -0.01 -9"><span class='ocrx_word' id='word_1_384' title='bbox 875 2191 939 2220; x_wconf 86' lang='lat' dir='ltr'>Nec</span> <span class='ocrx_word' id='word_1_385' title='bbox 964 2197 994 2219; x_wconf 89' lang='lat' dir='ltr'>te</span> <span class='ocrx_word' id='word_1_386' title='bbox 1018 2191 1171 2229; x_wconf 82' lang='lat' dir='ltr'>poeniteat</span> <span class='ocrx_word' id='word_1_387' title='bbox 1194 2191 1325 2228; x_wconf 88' lang='lat' dir='ltr'>pueriles</span> <span class='ocrx_word' id='word_1_388' title='bbox 1349 2190 1465 2218; x_wconf 87' lang='lat' dir='ltr'>discere</span> <span class='ocrx_word' id='word_1_389' title='bbox 1488 2187 1607 2223; x_wconf 80' lang='lat' dir='ltr'>formas,</span> 
     </span>
     <span class='ocr_line' id='line_1_48' title="bbox 959 2229 1653 2272; baseline -0.006 -10"><span class='ocrx_word' id='word_1_390' title='bbox 959 2234 1040 2267; x_wconf 85' lang='lat' dir='ltr'>Quas</span> <span class='ocrx_word' id='word_1_391' title='bbox 1064 2234 1163 2272; x_wconf 88' lang='lat' dir='ltr'>pueris</span> <span class='ocrx_word' id='word_1_392' title='bbox 1186 2234 1308 2272; x_wconf 89' lang='lat' dir='ltr'>scriptas</span> <span class='ocrx_word' id='word_1_393' title='bbox 1333 2233 1464 2261; x_wconf 80' lang='lat' dir='ltr'>continet</span> <span class='ocrx_word' id='word_1_394' title='bbox 1489 2231 1545 2258; x_wconf 85' lang='lat' dir='ltr'>iste</span> <span class='ocrx_word' id='word_1_395' title='bbox 1567 2229 1653 2258; x_wconf 88' lang='lat' dir='ltr'>liber.</span> 
     </span>
     <span class='ocr_line' id='line_1_49' title="bbox 876 2272 1697 2315; baseline -0.006 -10"><span class='ocrx_word' id='word_1_396' title='bbox 876 2277 953 2306; x_wconf 87' lang='lat' dir='ltr'>Nam</span> <span class='ocrx_word' id='word_1_397' title='bbox 977 2277 1044 2315; x_wconf 87' lang='lat' dir='ltr'>quia</span> <span class='ocrx_word' id='word_1_398' title='bbox 1068 2282 1099 2305; x_wconf 93' lang='lat' dir='ltr'>tu</span> <span class='ocrx_word' id='word_1_399' title='bbox 1122 2286 1199 2315; x_wconf 89' lang='lat' dir='ltr'>puer</span> <span class='ocrx_word' id='word_1_400' title='bbox 1222 2285 1272 2314; x_wconf 89' lang='lat' dir='ltr'>es,</span> <span class='ocrx_word' id='word_1_401' title='bbox 1303 2276 1431 2315; x_wconf 89' lang='lat' dir='ltr'>puerilia</span> <span class='ocrx_word' id='word_1_402' title='bbox 1454 2273 1572 2301; x_wconf 85' lang='lat' dir='ltr'>discere</span> <span class='ocrx_word' id='word_1_403' title='bbox 1596 2272 1697 2309; x_wconf 88' lang='lat' dir='ltr'>debes,</span> 
     </span>
     <span class='ocr_line' id='line_1_50' title="bbox 962 2316 1584 2353; baseline -0.006 -5"><span class='ocrx_word' id='word_1_404' title='bbox 962 2320 1048 2353; x_wconf 84' lang='lat' dir='ltr'>Quae</span> <span class='ocrx_word' id='word_1_405' title='bbox 1071 2329 1131 2348; x_wconf 85' lang='lat' dir='ltr'>non</span> <span class='ocrx_word' id='word_1_406' title='bbox 1155 2326 1223 2348; x_wconf 87' lang='lat' dir='ltr'>sunt</span> <span class='ocrx_word' id='word_1_407' title='bbox 1245 2320 1330 2348; x_wconf 84' lang='lat' dir='ltr'>annis</span> <span class='ocrx_word' id='word_1_408' title='bbox 1352 2318 1495 2347; x_wconf 86' lang='lat' dir='ltr'>inferiora</span> <span class='ocrx_word' id='word_1_409' title='bbox 1517 2316 1584 2345; x_wconf 85' lang='lat' dir='ltr'>tuis.</span> 
     </span>
     <span class='ocr_line' id='line_1_51' title="bbox 878 2359 1699 2396; baseline -0.009 -3"><span class='ocrx_word' id='word_1_410' title='bbox 878 2363 954 2393; x_wconf 89' lang='lat' dir='ltr'>Inde</span> <span class='ocrx_word' id='word_1_411' title='bbox 977 2364 1027 2392; x_wconf 89' lang='lat' dir='ltr'>ubi</span> <span class='ocrx_word' id='word_1_412' title='bbox 1049 2369 1080 2391; x_wconf 83' lang='lat' dir='ltr'>te</span> <span class='ocrx_word' id='word_1_413' title='bbox 1103 2362 1238 2392; x_wconf 88' lang='lat' dir='ltr'>Christus</span> <span class='ocrx_word' id='word_1_414' title='bbox 1261 2362 1358 2391; x_wconf 83' lang='lat' dir='ltr'>studia</span> <span class='ocrx_word' id='word_1_415' title='bbox 1381 2361 1419 2391; x_wconf 86' lang='lat' dir='ltr'>ad</span> <span class='ocrx_word' id='word_1_416' title='bbox 1441 2360 1551 2389; x_wconf 84' lang='lat' dir='ltr'>maiora</span> <span class='ocrx_word' id='word_1_417' title='bbox 1574 2359 1699 2396; x_wconf 80' lang='lat' dir='ltr'>vocabit,</span> 
     </span>
     <span class='ocr_line' id='line_1_52' title="bbox 961 2403 1586 2445; baseline -0.008 -10"><span class='ocrx_word' id='word_1_418' title='bbox 961 2406 1074 2445; x_wconf 87' lang='lat' dir='ltr'>Ingenii</span> <span class='ocrx_word' id='word_1_419' title='bbox 1098 2407 1201 2445; x_wconf 79' lang='lat' dir='ltr'>pueris</span> <span class='ocrx_word' id='word_1_420' title='bbox 1224 2406 1274 2444; x_wconf 91' lang='lat' dir='ltr'>qui</span> <span class='ocrx_word' id='word_1_421' title='bbox 1297 2406 1382 2434; x_wconf 83' lang='lat' dir='ltr'>dator</span> <span class='ocrx_word' id='word_1_422' title='bbox 1405 2412 1470 2433; x_wconf 87' lang='lat' dir='ltr'>esse</span> <span class='ocrx_word' id='word_1_423' title='bbox 1495 2403 1586 2431; x_wconf 90' lang='lat' dir='ltr'>solet:</span> 
     </span>
     <span class='ocr_line' id='line_1_53' title="bbox 875 2447 1499 2484; baseline -0.005 -6"><span class='ocrx_word' id='word_1_424' title='bbox 875 2449 1002 2478; x_wconf 83' lang='lat' dir='ltr'>Maiores</span> <span class='ocrx_word' id='word_1_425' title='bbox 1024 2450 1119 2478; x_wconf 86' lang='lat' dir='ltr'>disces</span> <span class='ocrx_word' id='word_1_426' title='bbox 1142 2458 1213 2477; x_wconf 90' lang='lat' dir='ltr'>cura</span> <span class='ocrx_word' id='word_1_427' title='bbox 1235 2449 1347 2477; x_wconf 85' lang='lat' dir='ltr'>maiore</span> <span class='ocrx_word' id='word_1_428' title='bbox 1369 2447 1499 2484; x_wconf 84' lang='lat' dir='ltr'>libellos,</span> 
     </span>
     <span class='ocr_line' id='line_1_54' title="bbox 968 2493 1730 2530; baseline -0.001 -10"><span class='ocrx_word' id='word_1_429' title='bbox 968 2493 1134 2530; x_wconf 88' lang='lat' dir='ltr'>Maiorique</span> <span class='ocrx_word' id='word_1_430' title='bbox 1156 2498 1224 2520; x_wconf 86' lang='lat' dir='ltr'>tuus</span> <span class='ocrx_word' id='word_1_431' title='bbox 1249 2493 1377 2530; x_wconf 88' lang='lat' dir='ltr'>pulvere</span> <span class='ocrx_word' id='word_1_432' title='bbox 1401 2495 1501 2519; x_wconf 82' lang='lat' dir='ltr'>curret</span> <span class='ocrx_word' id='word_1_433' title='bbox 1526 2497 1631 2527; x_wconf 86' lang='lat' dir='ltr'>equus.</span> <span class='ocrx_word' id='word_1_434' title='bbox 1715 2504 1730 2513; x_wconf 53' lang='grc' dir='ltr'>τ·</span> 
     </span>
     <span class='ocr_line' id='line_1_55' title="bbox 882 2532 1725 2573; baseline -0.006 -9"><span class='ocrx_word' id='word_1_435' title='bbox 882 2536 1004 2565; x_wconf 88' lang='lat' dir='ltr'>Interea</span> <span class='ocrx_word' id='word_1_436' title='bbox 1025 2535 1100 2564; x_wconf 87' lang='lat' dir='ltr'>haec</span> <span class='ocrx_word' id='word_1_437' title='bbox 1123 2535 1216 2564; x_wconf 89' lang='lat' dir='ltr'>discas</span> <span class='ocrx_word' id='word_1_438' title='bbox 1237 2535 1339 2573; x_wconf 87' lang='lat' dir='ltr'>primis</span> <span class='ocrx_word' id='word_1_439' title='bbox 1364 2534 1534 2563; x_wconf 86' lang='lat' dir='ltr'>rudimenta</span> <span class='ocrx_word' id='word_1_440' title='bbox 1556 2533 1608 2561; x_wconf 87' lang='lat' dir='ltr'>sub</span> <span class='ocrx_word' id='word_1_441' title='bbox 1631 2532 1725 2570; x_wconf 81' lang='lat' dir='ltr'>annis,</span> 
     </span>
     <span class='ocr_line' id='line_1_56' title="bbox 959 2576 1595 2616; baseline -0.006 -9"><span class='ocrx_word' id='word_1_442' title='bbox 959 2579 1135 2607; x_wconf 81' lang='lat' dir='ltr'>consultum</span> <span class='ocrx_word' id='word_1_443' title='bbox 1159 2578 1264 2607; x_wconf 73' lang='lat' dir='ltr'>studiis</span> <span class='ocrx_word' id='word_1_444' title='bbox 1286 2579 1310 2606; x_wconf 86' lang='lat' dir='ltr'>si</span> <span class='ocrx_word' id='word_1_445' title='bbox 1334 2578 1415 2616; x_wconf 90' lang='lat' dir='ltr'>cupis</span> <span class='ocrx_word' id='word_1_446' title='bbox 1437 2584 1502 2604; x_wconf 79' lang='lat' dir='ltr'>esse</span> <span class='ocrx_word' id='word_1_447' title='bbox 1530 2576 1595 2604; x_wconf 92' lang='lat' dir='ltr'>tuis.</span> 
     </span>
     <span class='ocr_line' id='line_1_57' title="bbox 876 2619 1700 2662; baseline -0.005 -12"><span class='ocrx_word' id='word_1_448' title='bbox 876 2622 970 2662; x_wconf 81' lang='lat' dir='ltr'>Vive,</span> <span class='ocrx_word' id='word_1_449' title='bbox 1000 2622 1127 2659; x_wconf 82' lang='lat' dir='ltr'>valeque</span> <span class='ocrx_word' id='word_1_450' title='bbox 1149 2622 1218 2659; x_wconf 88' lang='lat' dir='ltr'>diu,</span> <span class='ocrx_word' id='word_1_451' title='bbox 1248 2627 1415 2660; x_wconf 89' lang='lat' dir='ltr'>coeptoque</span> <span class='ocrx_word' id='word_1_452' title='bbox 1438 2620 1574 2647; x_wconf 86' lang='lat' dir='ltr'>incumbe</span> <span class='ocrx_word' id='word_1_453' title='bbox 1597 2619 1700 2655; x_wconf 78' lang='lat' dir='ltr'>labori,</span> 
     </span>
     <span class='ocr_line' id='line_1_58' title="bbox 966 2662 1616 2703; baseline -0.006 -9"><span class='ocrx_word' id='word_1_454' title='bbox 966 2664 1014 2694; x_wconf 87' lang='lat' dir='ltr'>Sic</span> <span class='ocrx_word' id='word_1_455' title='bbox 1037 2673 1113 2703; x_wconf 86' lang='lat' dir='ltr'>puer</span> <span class='ocrx_word' id='word_1_456' title='bbox 1137 2671 1260 2694; x_wconf 86' lang='lat' dir='ltr'>aeterno</span> <span class='ocrx_word' id='word_1_457' title='bbox 1284 2665 1403 2693; x_wconf 87' lang='lat' dir='ltr'>nomine</span> <span class='ocrx_word' id='word_1_458' title='bbox 1427 2662 1523 2691; x_wconf 86' lang='lat' dir='ltr'>clarus</span> <span class='ocrx_word' id='word_1_459' title='bbox 1547 2663 1616 2691; x_wconf 81' lang='lat' dir='ltr'>eris.</span> 
     </span>
    </p>
   </div>
  </div>
 </body>
</html>
