2421 3037
310 106 384 144 459
937 100 1058 135 PHlL.
1087 100 1202 134 MEL.
1231 98 1436 133 SCRIPTA
1463 97 1732 133 HtSTOfflCA.
2285 100 2360 135 460

304 195 375 228 iam
400 193 588 227 consilium
618 193 661 223 de
689 202 730 222 eo
757 188 850 221 bello
877 189 1057 220 movendo
1084 188 1128 219 ad
1151 187 1302 220 salutem
1329 187 1332 235 ι
1358 184 1549 218 crementis
1592 184 1718 228 exiguo
1762 186 1956 218 admodum
2002 191 2162 228 tempore
2197 185 2361 230 potentia

303 247 413 280 totius
449 244 545 278 orbis
581 240 776 275 Christiani
814 240 1036 284 pertinebat,
1078 238 1305 271 existimabat
1329 242 1332 287 ξ
1357 237 1562 271 Turcarum
1590 243 1691 269 aucta
1712 243 1821 275 esset,
1849 249 1922 269 non
1943 242 2016 269 tam
2037 236 2166 270 virtute
2186 238 2362 281 ipsorum,

304 296 435 330 Caesar
459 301 533 327 tum
559 294 703 326 demum
733 304 773 325 ea
798 290 842 324 de
864 304 902 325 re
921 304 994 326 esse
1013 291 1240 324 referendum
1260 291 1303 323 ad
1329 292 1332 315 Ι
1359 302 1465 335 quam
1494 286 1783 322 Christianorum
1810 288 1949 331 Regum
1973 300 2035 322 seu
2058 288 2272 332 negligentia
2297 301 2362 323 seu

302 348 508 391 Principes,
548 357 627 378 cum
667 344 869 377 advenisset
898 343 1053 388 Legatus
1082 342 1304 382 Pontificius,
1330 362 1332 367 ν
1358 341 1537 375 intestinis
1556 340 1763 374 discordiis:
1795 340 1925 373 adiecit
1942 353 1978 374 se
1996 352 2038 372 eo
2057 340 2122 374 ista
2142 340 2238 383 apud
2255 340 2361 373 Prin-

303 406 341 433 ut
366 398 477 442 magis
503 396 654 440 intelligi
678 401 817 440 posset,
854 394 946 429 hanc
966 402 1103 429 tantam
1129 408 1204 428 rem
1230 406 1305 427 non
1329 371 1333 424 i
1358 394 1453 438 cipes
1472 391 1616 436 Imperii
1635 392 1750 437 queri,
1778 393 1860 437 quia
1883 390 1965 425 huic
1984 390 2124 425 nationi
2143 391 2362 425 Germaniae

302 450 444 496 privato
478 449 534 492 agi
561 448 732 488 consilio,
765 449 825 481 sed
850 460 891 480 ex
916 448 1032 481 officio
1060 446 1305 491 Imperatoris,
1329 426 1333 490 i
1358 445 1550 490 praecipue
1576 444 1765 477 commissa
1794 450 1883 477 esset
1908 443 2067 477 defensio
2086 440 2283 477 Christiani
2304 455 2363 476 or-

301 509 335 536 et
356 501 540 545 flagitante
563 512 705 534 summo
722 499 916 539 Pontifice,
946 500 1092 532 nomine
1117 500 1304 532 universae
1330 494 1332 498 ’
1358 497 1432 535 bis,
1461 509 1525 529 nec
1552 496 1661 529 alium
1689 495 1826 528 Ducem
1853 496 1942 528 tanti
1966 494 2050 528 belli
2080 495 2156 528 iure
2181 493 2363 539 designari

300 553 478 588 Ecclesiae
504 550 750 591 Christianae,
785 553 882 598 quod
919 564 983 595 pro
1011 551 1180 584 universo
1206 550 1306 589 orbe,
1359 561 1481 593 posse,
1508 547 1576 581 nisi
1592 546 1865 592 Imperatorem.

302 607 399 639 velut
421 605 458 638 in
479 605 633 638 statione
662 616 734 637 esse
757 616 918 637 summus
941 604 1107 637 Pontifex
1134 609 1167 635 et
1191 600 1306 645 lmpe—
1463 600 1584 645 Quare
1604 597 1695 632 hanc
1712 599 1918 638 nationem,
1945 605 1984 631 ut
2000 598 2138 631 excellit
2152 611 2226 631 non
2243 598 2362 632 solum

302 665 401 691 rator
431 657 596 690 debeant.
656 657 775 701 Atque
810 653 902 688 hanc
937 655 1146 699 opinionem
1183 654 1306 697 profu-
1359 651 1471 695 gloria
1498 651 1548 684 rei
1577 651 1762 691 militaris,
1791 652 1851 685 sed
1879 651 1985 683 etiam
2011 648 2157 694 Imperii
2175 650 2364 694 dignitate,

301 717 420 744 turam
465 709 711 741 arbitrabatur
754 708 800 740 ad
834 708 1060 740 accendenda
1097 705 1213 740 studia
1249 717 1306 737 ex-
1360 703 1517 747 primum
1543 704 1671 736 debere
1697 715 1797 736 alana
1825 714 1974 746 capere,
2011 702 2188 734 anteferre
2213 701 2364 746 privatis

301 769 461 795 terarum
485 760 677 793 nationum
704 771 744 792 ac
768 760 930 803 Regum,
971 770 1126 804 quorum
1155 758 1307 790 aderant
1360 755 1545 788 affectibus
1568 767 1803 794 communem⁴
1825 755 1976 788 salutem
2002 753 2201 793 Ecclesiae,
2237 760 2272 786 et
2296 751 2365 786 lm-

300 813 428 857 legati,
464 819 499 846 et
532 814 577 845 ad
610 812 810 845 voluntates
842 811 1052 854 Principum
1087 809 1305 843 Germaniae
1360 807 1449 851 perii
1477 806 1701 850 dignitatem.
1759 807 1829 839 Nec
1853 806 1957 839 nobis
1983 805 2068 838 alibi
2090 805 2228 838 Ducem
2254 816 2365 851 quae-

302 865 514 899 incitandas.
1360 860 1513 892 rendum
1540 870 1634 897 esse,
1670 870 1735 890 nec
1761 858 1945 890 nationem
1977 864 2159 890 amantem
2188 856 2365 890 libertatis

406 917 496 950 Cum
523 915 630 960 igitur
655 916 798 948 tandem
820 926 941 948 mense
960 915 1122 957 Augusto
1144 911 1308 945 advenis·
1361 910 1460 954 cogi,
1496 916 1536 943 ut
1557 910 1712 943 externis
1737 909 1898 954 imperiis
1923 915 2060 953 pareat.
2129 908 2270 942 Habere
2298 920 2366 942 nos

301 976 354 1004 set
369 969 517 1012 legatus,
545 967 675 1011 egressi
692 966 835 1000 obviam
856 966 988 999 Caesar
1008 972 1041 998 et
1059 976 1184 998 omnes
1202 963 1307 997 Prin·
1361 962 1651 996 Maximilianum
1665 988 1674 1002 ,
1703 961 1765 1006 qui
1792 960 2002 1005 prudentia,
2038 960 2188 1000 virtute,
2216 959 2365 994 scientia

302 1022 397 1066 cipes
413 1019 646 1058 Germaniae,
672 1025 753 1051 ante
771 1024 894 1062 portas
910 1018 1009 1052 urbis
1024 1018 1206 1061 Augustae
1225 1028 1305 1049 eum
1360 1015 1412 1048 rei
1450 1014 1636 1053 militaris,
1672 1025 1746 1046 non
1783 1013 1899 1047 solum
1937 1019 2096 1046 caeteros
2130 1012 2266 1056 Reges,
2303 1012 2366 1046 sed

303 1073 490 1117 magnifice
517 1077 744 1114 exceperunt.
798 1070 883 1104 Post
911 1070 986 1103 dies
1014 1069 1155 1115 aliquot
1176 1068 1308 1101 Caesar
1332 1077 1335 1112 ξ
1361 1066 1468 1100 etiam
1493 1065 1710 1099 clarissimos
1732 1077 1771 1097 ac
1798 1064 2032 1109 peritissimos
2059 1064 2221 1097 omnium
2247 1063 2365 1096 natio-

303 1124 472 1159 adhibitis
497 1122 726 1167 Principibus
752 1128 785 1154 et
812 1123 975 1155 omnium
1002 1121 1140 1165 Regum
1179 1132 1219 1152 ac
1244 1132 1308 1152 na—
1361 1130 1447 1151 num
1473 1118 1679 1156 excelleret,
1712 1129 1776 1149 nec
1801 1116 1945 1150 destitui
1970 1128 2051 1148 eum
2069 1115 2237 1148 felicitate
2253 1115 2290 1147 in
2307 1127 2365 1148 re-

302 1178 443 1211 tiouum
472 1175 617 1219 legatis,
652 1175 689 1207 in
719 1174 873 1207 maxima
904 1173 1106 1219 frequentia
1143 1172 1307 1205 omnium
1361 1171 1427 1203 bus
1451 1169 1637 1213 gerendis,
1665 1175 1700 1201 et
1717 1167 1833 1201 Deum
1858 1168 1962 1201 rectis
1984 1173 2018 1200 et
2041 1167 2108 1211 piis
2126 1167 2303 1206 consiliis,
2331 1172 2365 1200 et

303 1229 486 1268 ordinum,
515 1239 594 1260 eum
613 1226 751 1260 audivit
769 1232 1006 1270 exponentem
1025 1225 1194 1258 mandata
1212 1236 1309 1258 sum-
1362 1221 1541 1255 Ecclesiae
1561 1221 1653 1254 votis
1674 1220 1870 1254 affuturum
1889 1231 1975 1253 esse.

302 1282 352 1315 mi
369 1279 573 1319 Pontificis,
602 1285 635 1312 et
659 1276 865 1311 hortantem
892 1278 1036 1322 publico
1061 1276 1209 1309 nomine
1229 1275 1309 1309 uni-
1466 1273 1563 1306 Haec
1593 1272 1710 1306 oratio
1737 1284 1817 1305 cum
1847 1272 1976 1305 iustam
2004 1276 2038 1303 et
2066 1281 2212 1314 gravem
2239 1280 2367 1315 quere-

302 1345 425 1367 versae
446 1330 625 1365 Ecclesiae
646 1328 792 1370 Christi,
822 1330 1014 1374 praecipue
1034 1328 1308 1373 Imperatorem,
1362 1326 1433 1358 lam
1459 1322 1659 1363 habuisset,
1696 1330 1730 1357 et
1755 1335 1838 1357 vere
1863 1328 2200 1361 commemorasset,
2229 1326 2367 1366 quanto

303 1385 432 1419 deinde
450 1383 650 1427 Principes,
678 1389 713 1415 et
729 1382 868 1426 Regum
888 1381 1036 1426 legatos,
1066 1387 1105 1414 ut
1123 1378 1309 1413 communi
1363 1377 1400 1410 in
1422 1377 1581 1421 periculo
1608 1382 1699 1410 esset
1722 1375 1890 1409 universa
1909 1374 2088 1413 Ecclesia,
2119 1385 2226 1419 quam
2253 1372 2369 1417 pium,

303 1437 453 1471 consilio
470 1443 578 1482 atque
597 1435 719 1468 auimo
738 1434 870 1468 bellum
890 1434 989 1478 piuw
1009 1441 1043 1466 et
1065 1431 1307 1466 necessarium
1363 1442 1472 1474 quam
1500 1427 1741 1462 necessarium
1769 1433 1879 1466 esset,
1908 1438 2033 1459 omnes
2060 1426 2175 1458 bonos
2194 1436 2236 1457 ac
2256 1419 2368 1458 fortes

303 1490 376 1523 iam
401 1489 547 1522 tandem
566 1486 807 1531 susciperent:
836 1493 875 1519 ut
893 1486 1084 1519 Graeciam
1106 1491 1214 1529 atque
1230 1483 1308 1516 Asi·
1334 1433 1338 1523 i
1364 1481 1461 1514 viros
1491 1481 1537 1513 ad
1567 1478 1634 1512 hoc
1665 1478 1864 1523 periculum
1889 1477 2141 1522 depellendum
2169 1488 2369 1517 accurrere,

304 1554 363 1575 am
401 1553 442 1574 ex
475 1539 680 1584 turpissima
716 1545 750 1571 et
773 1538 974 1571 miserrima
1000 1536 1170 1570 servitute
1195 1535 1310 1578 eripe-
1335 1526 1338 1578 l
1363 1544 1438 1565 non
1462 1532 1578 1565 solum
1598 1530 1731 1565 summi
1748 1530 1954 1569 Pontificis‚
1982 1530 2043 1563 sed
2060 1528 2172 1572 ipsius
2188 1526 2368 1561 Ecclesiae

304 1599 401 1629 rent;
437 1598 476 1625 ut
507 1590 627 1625 hostes
653 1596 854 1634 grassantes
882 1589 952 1622 iam
980 1589 1015 1621 in
1040 1587 1167 1621 vicinis
1191 1587 1310 1630 regnis
1364 1582 1591 1617 Christianae
1627 1594 1697 1615 vox
1729 1594 1802 1615 esse
1834 1581 2073 1615 iudicabatur.
2134 1578 2258 1625 Itaque
2286 1592 2368 1612 cum

305 1645 563 1690 reprimerent;
592 1649 631 1676 ut
651 1642 775 1675 orbem
796 1648 973 1674 terrarum
994 1638 1241 1673 crudelissimo
1260 1638 1311 1670 la-
1334 1583 1339 1781 ι
1365 1635 1497 1669 Caesar
1522 1635 1560 1668 in
1586 1633 1788 1678 praesentia
1806 1645 1917 1677 pauca
1938 1632 2083 1666 dixisset
2100 1633 2143 1664 de
2160 1643 2222 1665 sua
2240 1631 2369 1664 volun-

305 1696 482 1735 trocinio,
516 1702 551 1728 et
575 1693 745 1738 sacrilega
770 1699 804 1726 et
826 1694 963 1726 nefaria
985 1699 1099 1731 secta,
1125 1697 1310 1723 contume-
1365 1694 1457 1725 tate,
1486 1693 1520 1719 et
1543 1685 1774 1724 ostendisset,
1810 1697 1846 1719 se
1872 1685 2022 1718 summis
2047 1684 2139 1717 votis
2166 1680 2262 1716 hunc
2284 1694 2370 1716 con-

306 1750 394 1783 liosa
418 1748 455 1781 in
474 1745 679 1786 Christum,
707 1746 913 1778 liberarent.
1364 1751 1506 1773 sensum
1533 1738 1724 1772 nationum
1748 1749 1890 1781 semper
1915 1743 2056 1781 optasse
2085 1736 2129 1768 ad
2152 1735 2287 1768 bellum
2314 1735 2370 1767 in-

410 1800 575 1833 Addebat
598 1798 704 1831 etiam
733 1798 776 1830 de
795 1797 928 1830 Leonis
950 1796 991 1830 X.
1016 1796 1222 1834 voluntate,
1251 1805 1311 1827 ne·
1336 1786 1339 1793 ¹
1364 1792 1553 1824 ferendum
1577 1789 1725 1828 Turcis,
1769 1795 1803 1822 et
1833 1788 2020 1823 adiecisset
2049 1788 2093 1820 de
2117 1787 2258 1820 ratione
2285 1785 2371 1820 belli

307 1865 375 1899 que
404 1864 489 1897 opes
516 1850 743 1889 pontificias,
780 1861 896 1894 neque
925 1847 1113 1881 consilium
1140 1847 1215 1880 eius
1238 1846 1311 1879 ulla
1365 1842 1513 1888 gerendi
1540 1854 1575 1875 se
1603 1854 1682 1875 cum
1712 1840 1941 1885 Principibus
1966 1839 2250 1873 deliberaturum
2275 1850 2369 1872 esse:

306 1906 344 1938 in
363 1916 401 1937 re
419 1903 502 1937 huic
521 1902 706 1936 communi
724 1914 850 1935 causae
869 1901 1073 1934 defuturum
1095 1912 1180 1933 esse.
1234 1897 1312 1931 Hoc
1366 1894 1515 1928 mirifica
1533 1901 1609 1926 erat
1626 1892 1824 1937 expectatio
1849 1891 2011 1925 omnium
2038 1890 2221 1924 ordinum.
2275 1889 2373 1924 Nam

307 1956 458 1991 consilio
482 1955 642 1988 Leonem
673 1953 778 1986 initio
801 1952 1036 1985 Pontificatus
1062 1951 1200 1985 dedisse
1228 1962 1312 1994 ope·
1366 1959 1446 1980 cum
1472 1958 1596 1979 omnes
1613 1944 1800 1988 Principes
1824 1956 1886 1977 sua
1912 1949 2040 1988 sponte
2064 1942 2200 1987 optime
2217 1941 2372 1975 animati

307 2021 405 2049 ram,
439 2014 479 2041 ut
510 2019 578 2052 pax
607 2005 730 2039 Italiae
753 2005 1022 2043 restitueretur,
1059 2016 1139 2037 cum
1165 2002 1312 2048 quidem
1367 2004 1483 2033 essent
1507 2010 1589 2041 erga
1616 1995 1709 2030 hanc
1733 2008 1897 2035 causam,
1925 1996 1986 2029 sed
2008 1994 2171 2027 viderent
2189 2006 2279 2038 opus
2296 2005 2370 2027 esse

306 2060 474 2095 iustiores
499 2059 676 2093 bellorum
697 2058 961 2090 movendorum
979 2067 1103 2089 causas
1118 2053 1313 2094 habuisset,
1367 2052 1412 2084 ad
1429 2063 1505 2083 rem
1525 2056 1663 2082 tantam
1681 2047 1960 2092 suscipiendam,
1986 2046 2289 2091 peritissimorum
2307 2046 2372 2079 de-

309 2125 420 2159 quam
446 2111 608 2158 plerique
633 2116 756 2148 antea;
791 2110 853 2143 sed
876 2108 1037 2153 privatas
1063 2106 1213 2140 iniurias
1230 2118 1312 2139 eum
1365 2101 1601 2141 liberatione,
1635 2100 1791 2134 maxime
1814 2099 2007 2144 cupiebant
2032 2099 2077 2132 ab
2102 2098 2180 2143 ipso
2205 2098 2370 2138 Caesare,

309 2166 531 2198 condonasse
564 2162 728 2207 publicae
759 2160 982 2200 necessitati,
1020 2171 1173 2204 cumque
1201 2164 1313 2191 caete-
1366 2160 1516 2200 propter
1541 2153 1635 2187 illius
1662 2152 1891 2186 excellentem
1918 2150 2170 2196 prudentiam,
2205 2156 2240 2183 et
2257 2162 2369 2184 vusum

310 2217 358 2250 ris
385 2216 541 2259 Regibus
565 2213 732 2247 hortator
756 2220 846 2247 esset
871 2212 989 2257 pacis,
1022 2212 1178 2245 voluisse
1204 2210 1312 2243 etiam
1367 2208 1405 2240 in
1429 2219 1467 2240 re
1491 2205 1661 2245 militari,
1696 2204 1874 2237 rationem
1894 2203 2049 2248 parandi
2065 2208 2101 2236 et
2117 2202 2265 2247 gerendi
2285 2200 2370 2235 belli

311 2268 473 2312 exemplo
502 2267 586 2312 ipsis
615 2266 754 2311 praeire
779 2272 813 2298 et
836 2264 1010 2304 invitare,
1038 2269 1078 2297 ut
1103 2262 1244 2296 omissis
1260 2262 1314 2295 in·
1366 2257 1536 2304 proponi.
1591 2257 1681 2290 Cum
1707 2256 1838 2290 Caesar
1863 2256 1912 2290 sic
1937 2255 2083 2289 affectos
2106 2266 2180 2289 esse
2206 2254 2370 2287 animad-

310 2320 449 2354 testiuis
484 2319 586 2353 bellis
621 2319 658 2351 in
694 2329 886 2351 commune
915 2316 1155 2350 consulerent.
1217 2314 1314 2359 Opes
1367 2315 1542 2350 verteret,
1566 2309 1664 2342 venit
1680 2309 1717 2341 in
1733 2320 1937 2343 consessum
1954 2307 2164 2352 Principum
2184 2312 2266 2351 post
2281 2317 2372 2350 pau-

312 2384 396 2405 vero
415 2370 623 2405 Pontificias
648 2382 826 2415 nusquam
842 2368 969 2402 melius
988 2367 1176 2407 collocari,
1205 2379 1312 2413 quam
1368 2375 1427 2397 cos
1444 2363 1536 2395 dies:
1565 2373 1718 2407 cumque
1736 2360 1967 2394 consalutatis
1987 2359 2036 2394 eis
2056 2358 2263 2398 assedisset,
2291 2369 2370 2391 coe-

313 2424 350 2456 in
373 2421 469 2457 hunc
494 2435 597 2456 usum
610 2449 619 2462 ,
646 2422 783 2455 nullam
808 2420 1003 2466 gratiorem
1023 2419 1101 2452 Deo
1120 2419 1313 2463 eleemosy-
1368 2415 1420 2460 pit
1440 2426 1619 2458 exponere
1637 2413 1785 2447 consilia
1803 2419 1837 2446 et
1852 2413 2074 2446 voluntatem
2092 2422 2194 2445 suam
2213 2410 2252 2443 in
2276 2407 2371 2443 hanc

312 2488 396 2509 nam
415 2487 518 2519 posse
538 2474 732 2518 praestari,
760 2486 869 2519 quam
893 2470 1005 2512 hane,
1035 2484 1105 2518 qua
1122 2477 1174 2504 tot
1192 2477 1314 2515 gentes
1366 2465 1595 2502 sententiam.

313 2527 419 2562 simul
442 2539 460 2560 e
479 2526 650 2560 servitute
667 2532 701 2558 et
719 2525 905 2569 impietate
925 2524 1172 2569 eriperentur,
1200 2529 1233 2556 et
1254 2534 1314 2555 ne·
1469 2517 1688 2564 Frequentia
1729 2523 1866 2557 vestra,
1906 2527 1999 2561 quae
2034 2520 2069 2548 et
2103 2512 2171 2547 hoc
2205 2520 2369 2558 tempore

312 2579 404 2613 faria
422 2578 589 2623 impietas
609 2577 801 2612 deleretur.
1368 2570 1561 2616 praecipue
1580 2569 1779 2603 necessaria
1799 2575 1850 2602 est
1865 2567 2104 2613 reipublicae,
2131 2572 2165 2599 et
2183 2563 2273 2598 mihi
2290 2576 2370 2609 per-

419 2630 511 2664 Huic
542 2629 700 2663 orationi
726 2641 805 2662 cum
834 2639 978 2673 gravem
1005 2626 1190 2672 querelam
1216 2625 1315 2659 addi-
1368 2629 1489 2667 grata,
1519 2622 1767 2655 non'obscure
1791 2620 1926 2653 indicat
1951 2619 2174 2652 voluntatem
2200 2623 2370 2657 vestram,

315 2683 424 2717 disset
456 2683 499 2716 de
529 2693 653 2715 earum
678 2680 838 2725 gentium
871 2679 1074 2719 aerumnis,
1117 2679 1160 2711 de
1191 2684 1317 2710 contu-
1368 2681 1403 2708 et
1420 2674 1537 2709 studia
1557 2686 1638 2718 erga
1657 2671 1751 2706 hanc
1767 2684 1932 2713 causam,
1958 2677 2108 2716 propter
2128 2681 2236 2716 quam
2259 2669 2368 2702 domo

316 2734 432 2769 meliis
455 2733 659 2779 religionis,
687 2739 720 2766 et
738 2737 1074 2770 commemorasset,
1102 2729 1248 2776 quantis
1266 2729 1319 2762 in-
1369 2726 1472 2761 exciti
1498 2726 1592 2761 estis.
1652 2725 1743 2760 Cum
1771 2724 1867 2758 enim
1892 2730 1965 2758 tam
1989 2722 2117 2768 cupide
2141 2719 2370 2760 adveneritis,
