2421 3037
273 116 349 153 455

270 211 343 237 tarn
371 206 546 249 praestitit
571 207 604 237 in
632 205 870 249 reprimendis
894 204 1051 239 hostium
1071 206 1272 245 conatibus,

270 262 309 289 ut
344 259 388 289 ad
424 263 620 289 extremum
649 257 743 290 Galli
775 270 836 301 spe
869 258 1006 291 abiecta
1036 258 1273 302 recuperandi

270 307 423 352 Belgio,
454 320 576 351 pacem
599 308 693 341 ultro
712 315 931 353 expeterent.

372 359 500 392 Postea
531 366 656 404 pacata
692 361 829 394 ditione
855 361 1108 405 Burgundica,
1144 373 1275 405 prope-

270 411 363 443 ravit
385 411 421 443 in
440 411 644 451 Austriam,
673 419 712 445 ut
736 413 894 456 patrium
919 412 1098 446 Ducatum
1127 425 1275 457 recupe-

270 468 378 495 raret.
432 461 525 496 Nam
554 461 746 503 Matthias,
777 464 853 497 Rex
875 464 1111 505 Pannoniae,
1139 465 1273 498 bonam

267 577 312 598 ne
338 572 417 609 post
443 578 544 599 suam
572 573 726 599 mortem
746 567 927 601 Austriaci
954 580 1104 612 regnum
1128 568 1275 611 Hunga-

268 617 343 650 riae
367 617 434 651 sibi
454 617 689 653 vindicarent.
744 620 794 652 Ac
812 619 1084 653 Maximilianus
1103 631 1176 652 non
1197 626 1276 652 tan-

269 675 346 702 tum
373 670 506 713 recepit
530 670 686 714 patrium
706 670 886 704 Ducatum
900 698 909 712 ,
933 672 995 705 sed
1014 672 1122 704 etiam
1141 671 1277 715 ingres-

270 733 327 755 sus
346 720 571 765 Hungariam
598 735 678 755 cum
708 724 885 763 exercitu,
914 724 1047 756 bonam
1072 723 1174 767 regni
1195 735 1276 767 par-

271 780 341 805 tem
366 774 576 818 occupavit,
611 780 645 807 et
668 775 798 808 Albam
829 775 999 819 Regalem
1027 782 1275 820 oppugnatam

274 824 306 856 vi
324 825 428 869 cepit.

374 876 595 922 Quanquam
622 884 740 911 autem
767 878 876 922 potiri
900 878 1068 912 universa
1089 878 1276 922 Hungaria

272 936 408 972 posset,
439 935 559 962 tamen
588 936 622 962 et
652 936 799 974 propter
825 930 1149 970 necessitudinem,
1184 942 1277 976 quae

271 980 300 1013 ei
318 992 398 1014 curn
417 980 575 1024 Regibus
590 981 767 1014 Poloniae
786 989 876 1022 erat,
899 995 941 1015 ex
960 994 1117 1028 quorum
1138 982 1276 1015 familia

270 1031 404 1076 Regem
426 1032 590 1077 Hungari
617 1034 874 1072 accersierant;
905 1041 939 1067 et
963 1046 1007 1067 ne
1031 1034 1277 1078 grassantibus

271 1096 312 1116 eo
337 1084 414 1129 ipso
434 1091 597 1130 tempore
615 1085 743 1119 Turcis
762 1086 798 1118 in
819 1085 934 1131 Mysia
947 1112 956 1126 ,
985 1087 1175 1130 praeberet
1192 1099 1277 1119 con-

271 1137 384 1169 tentio
418 1138 461 1169 de
487 1150 598 1181 regno
624 1137 849 1171 occasionem
878 1138 1105 1171 invadendae
1130 1138 1277 1182 Hunga-

269 1188 362 1221 riae:
398 1189 500 1221 duxit
524 1189 590 1223 sibi
614 1189 747 1233 Regem
776 1202 898 1223 recens
926 1190 1159 1230 accersitum,
1194 1203 1275 1223 cum
1303 1210 1305 1213 ·

269 1240 415 1285 quidem
445 1247 618 1284 cognatus
650 1248 758 1281 esset,
796 1248 910 1274 matre
942 1248 1049 1276 natus
1073 1241 1276 1281 Austriaca,

269 1292 373 1325 certis
409 1292 678 1326 conditionibus
712 1293 983 1338 adiungendum
1021 1306 1117 1334 esse,
1170 1293 1275 1339 eique

271 1343 495 1388 Hungariam
521 1345 679 1391 reliquit.

374 1395 533 1442 Sequuta
555 1403 639 1430 sunt
659 1396 789 1430 deinde
811 1396 880 1430 alia
897 1396 1013 1437 bella,
1041 1396 1277 1437 flandrense,
1304 1428 1305 1432 ,

269 1447 486 1488 Geldrense,
513 1455 546 1481 et
566 1449 812 1488 Helveticum,
840 1449 879 1482 in
902 1449 1031 1495 quibus
1055 1462 1131 1483 non
1157 1450 1275 1483 solum

268 1499 379 1544 ipsius
400 1501 514 1534 virtus
531 1501 568 1533 in
586 1501 821 1544 subiugandis
848 1499 1011 1535 hostibus
1037 1501 1186 1540 enituit,
1214 1502 1276 1535 sed

907 118 1030 154 PHlL.
1061 119 1173 154 MEL.
1203 117 1405 153 SCRIPTA
1436 115 1704 151 HISTORICA.

2259 115 2334 152 456

1328 205 1459 248 partim
1485 209 1562 236 arte
1587 204 1632 236 ad
1651 203 1871 236 deditionem
1895 202 2028 246 coegit;
2057 214 2161 246 saepe
2183 215 2334 247 magnos

1328 256 1503 289 exercitus
1523 254 1745 288 Venetorum
1771 254 1998 300 profligavit;
2034 266 2186 299 cumque
2205 254 2334 288 Veneti

1328 320 1507 342 summam
1529 307 1673 351 imperii
1691 307 1955 341 commisissent
1972 303 2256 339 Bartholemaeo
2275 306 2335 340 Li-

1329 360 1459 399 viano‚
1495 371 1602 404 quem
1627 371 1760 400 unum,
1787 359 1889 404 (quia
1917 358 2080 392 omnium
2108 357 2183 392 eius
2208 359 2335 393 aetatis

1329 411 1470 445 Ducum
1498 410 1748 444 callidissimus·
1774 417 1808 443 et
1832 410 2069 454 peritissimus
2094 409 2131 442 in
2149 408 2251 443 ltalia
2271 422 2336 454 pu-

1301 469 1303 492 ¹,
1329 464 1491 510 tabatur)
1528 463 1787 507 opponendum
1812 474 1886 496 esse
1914 461 2166 495 Maximiliano
2191 473 2336 496 censue-

267 514 433 547 Austriae
450 521 590 558 partem
610 516 794 548 ademerat
808 515 994 549 Friderico
1014 515 1083 556 HL,
1114 523 1275 550 metuens
1302 551 1303 559 ἵ

1330 521 1429 548 rant:
1466 527 1653 560 nunquam
1679 526 1796 560 neque
1823 514 1904 547 ullis
1928 515 1972 547 ab
1999 526 2040 547 eo
2065 513 2336 548 difficultatibus

1330 567 1615 607 circumventus,
1642 579 1759 612 neque
1783 565 1858 599 acie
1886 565 1999 600 victus
2024 572 2085 600 est.
2140 564 2218 610 lpse
2247 577 2335 599 vero

1330 617 1503 652 Livianus
1532 631 1612 651 cum
1642 630 1747 663 saepe
1776 617 1884 657 alias,
1920 623 1995 651 tum
2022 617 2081 650 illa
2107 616 2337 651 memorabili

1330 682 1450 714 pugna
1473 669 1689 704 Vincentina
1702 697 1712 711 ,
1748 676 1782 703 et
1802 669 1972 710 consilio,
1999 676 2032 702 et
2049 669 2262 703 fortitudine
2280 681 2337 703 su-

1331 728 1477 766 peratus
1493 728 1557 756 est.
1611 722 1704 756 Nam
1723 734 1803 756 cum
1823 728 1941 756 essent
1959 721 2107 766 exiguae
2126 727 2335 755 nostrorum

1331 773 1477 818 copiae,
1515 780 1549 807 et
1573 773 1747 808 Livianus
1780 775 1870 807 adeo
1895 780 2029 806 certam
2053 773 2121 807 sibi
2145 772 2335 806 victoriam

1331 825 1579 870 promitteret,
1608 826 1761 859 confisus
1787 832 1821 858 et
1844 837 1997 859 numero
2022 831 2056 858 et
2073 825 2143 859 loci
2162 831 2337 870 opportu-

1332 878 1464 917 nitate,
1492 884 1530 910 ut
1556 884 1724 910 evocaret
1738 876 1897 911 Venetos
1916 890 1958 910 ex
1976 878 2064 910 urbe
2085 877 2180 910 velut
2198 878 2241 910 ad
2259 889 2338 922 spe-

1332 929 1531 969 ctaculum,
1575 930 1618 962 ad
1657 930 1849 963 videndam
1880 930 2024 962 caedem
2054 929 2337 969 Germanorum,

1331 982 1459 1021 nostri,
1478 981 1657 1015 intellecto
1677 980 1835 1015 hostium
1848 980 2013 1021 consilio,
2032 993 2111 1014 cum
2131 987 2248 1015 essent
2261 992 2337 1014 non

1332 1033 1487 1078 amplius
1511 1035 1671 1079 quinque
1695 1033 1872 1073 millibus,
1905 1045 1949 1066 ne
1973 1045 1990 1065 a
2016 1033 2249 1066 multitudine
2271 1033 2337 1066 cir-

1331 1085 1532 1118 cumveniri
1550 1092 1715 1130 possent,
1744 1091 1954 1130 properant,
1983 1091 2023 1118 ut
2040 1085 2198 1118 vicinum
2218 1091 2337 1119 tumu-

1330 1137 1404 1170 lum
1440 1144 1636 1182 occupent,
1670 1138 1732 1171 ubi
1765 1137 1891 1183 iniquo
1923 1136 2003 1169 loco
2032 1134 2152 1171 hostes
2176 1148 2336 1182 pugnare

1331 1190 1526 1232 cogebant,
1566 1196 1599 1222 et
1627 1189 1709 1221 inde
1738 1195 1840 1222 tanto
1870 1189 2006 1232 impetu
2036 1190 2273 1221 decurrerunt
2300 1188 2337 1221 in

1330 1240 1508 1280 Venetos,
1546 1248 1585 1274 ut
1607 1241 1762 1285 amplius
1787 1253 1847 1274 sex
1871 1240 2029 1273 millibus
2052 1240 2239 1274 trucidatis
2263 1251 2339 1272 ma-

1331 1305 1438 1338 gnam
1465 1293 1733 1326 multitudinem
1752 1292 1860 1326 etiam
1879 1292 2072 1325 inermium
2086 1318 2095 1332 ,
2123 1291 2185 1337 qui
2202 1297 2339 1336 specta-

1304 1376 1305 1380 ,
1331 1352 1407 1379 tum
1428 1352 1621 1385 venerant,
1651 1345 1688 1377 in
1709 1345 1834 1378 castris
1853 1343 2025 1388 ceperint.

1435 1396 1525 1430 Cum
1543 1397 1676 1430 Caesar
1701 1409 1758 1430 res
1774 1395 1997 1429 Venetorum
2017 1394 2177 1439 graviter
2194 1395 2338 1429 afflixis-

1303 1458 1305 1463 ⁴
1330 1455 1403 1487 set,
1432 1455 1466 1481 et
1490 1449 1680 1494 plerasque
1706 1460 1830 1481 eorum
1852 1447 1958 1480 urbes
1979 1453 2134 1480 teneret:
2162 1447 2263 1491 Papa
2283 1445 2338 1480 Iu-

269 1551 377 1584 etiam
401 1552 438 1585 in
464 1552 615 1585 victoria
642 1553 834 1597 singularis
862 1553 1065 1586 moderatio
1092 1553 1197 1586 laude
1223 1552 1276 1585 di-
1303 1579 1304 1597 ἶ

1303 1605 1304 1615 ³
1331 1606 1375 1637 ad
1393 1603 1552 1637 Venetos
1579 1604 1763 1643 conferre,
1791 1610 1830 1637 ut
1847 1602 2009 1643 Italiam,
2037 1615 2130 1647 quae
2148 1615 2166 1636 a
2186 1602 2337 1636 Germa-

268 1616 337 1648 gna
361 1604 440 1638 fuit.
494 1604 624 1638 Postea
650 1604 781 1638 exarsit
805 1605 932 1649 ingens
955 1604 1088 1637 bellum
1107 1604 1144 1637 in
1159 1603 1276 1637 Bava-

268 1656 342 1695 ria,
371 1668 450 1689 cum
474 1656 661 1690 Palatinus
678 1655 818 1697 Rheni,
846 1663 987 1701 partem
1007 1655 1186 1689 Bavariae
1208 1656 1274 1690 sibi
1302 1684 1304 1690 Α

268 1707 452 1741 vindicare
479 1714 689 1749 conaretur,
716 1721 781 1741 nec
805 1708 849 1742 ab
872 1721 913 1742 eo
934 1708 1084 1742 consilio
1104 1708 1276 1754 aequissi-

270 1760 335 1794 mis
354 1760 640 1801 conditionibus,
669 1773 687 1793 a
705 1760 957 1794 Maximiliano
976 1760 1186 1805 propositis,
1215 1761 1276 1793 ab-

270 1812 350 1845 duci
368 1818 499 1856 posset.

372 1863 412 1896 In
438 1877 480 1897 eo
502 1864 596 1898 bello
615 1864 886 1898 Maximilianus
914 1864 1106 1910 aliquoties
1131 1864 1205 1897 acie
1223 1864 1276 1896 di-

268 1915 415 1949 micavit
437 1929 516 1949 cum
535 1916 693 1950 Palatini
719 1917 944 1951 exercitibus.
998 1917 1054 1950 Ad
1076 1922 1275 1949 extremum

268 1968 376 2001 etiam
400 1969 617 2003 acerrimum
643 1969 820 2014 praelium
848 1981 928 2002 cum
949 1968 1090 2002 auxiliis
1104 1965 1276 2001 Bohemi-

223 2062 227 2067 ι
269 2019 315 2054 cis
342 2021 542 2062 commisit,
571 2021 608 2054 in
628 2033 700 2067 quo
719 2033 800 2054 cum
814 2019 970 2054 Bohemi
987 2020 1098 2054 veteri
1116 2021 1274 2066 quadam

268 2072 458 2117 disciplina
476 2073 572 2106 vallo
591 2073 723 2107 muniti
739 2086 775 2107 se
796 2074 1032 2107 defenderent
1050 2072 1275 2113 bombardis,

267 2124 343 2169 ipse
371 2125 409 2158 in
434 2125 551 2170 prima
579 2125 654 2158 acie
682 2138 806 2159 everso
836 2125 933 2158 vallo
959 2125 1134 2170 impetum
1156 2125 1193 2157 in
1211 2122 1276 2157 ho-

268 2182 337 2210 stes
360 2178 463 2218 fecit,
499 2184 533 2210 et
557 2190 639 2211 suos
664 2178 847 2222 perculsos
873 2190 913 2211 ac
942 2177 1149 2211 dubitantes
1174 2176 1276 2222 sequi

266 2240 303 2262 se
332 2228 369 2261 in
399 2229 575 2274 praelium
610 2230 737 2275 coegit.

1329 1501 1398 1533 lius
1423 1500 1585 1533 desciscit
1609 1501 1654 1532 ad
1671 1499 1840 1533 Venetos.
1894 1499 2060 1531 Habebat
2082 1505 2202 1532 autem
2228 1497 2338 1533 Iulius

1330 1552 1553 1586 firmissimas
1580 1552 1723 1596 copias,
1759 1558 1793 1585 et
1820 1551 1903 1597 quia
1931 1550 2046 1584 videri
2067 1550 2212 1584 volebat
2236 1562 2278 1584 eo
2301 1563 2337 1584 se

1330 1656 1385 1690 nis
1410 1662 1444 1689 et
1464 1655 1577 1689 Gallis
1601 1655 1882 1695 dilaceraretur,
1908 1652 1963 1688 his
1984 1654 2136 1688 miseriis
2154 1655 2337 1695 liberaret,

1329 1708 1432 1741 facile
1460 1707 1526 1741 sibi
1557 1707 1734 1753 reliquam
1762 1706 1903 1741 Italiam
1929 1706 2104 1740 adiunxit.
2158 1706 2248 1740 Erat
2272 1706 2337 1739 ita-

1303 1763 1304 1766 ’
1331 1772 1400 1806 que
1418 1760 1509 1792 bene
1526 1766 1694 1804 paratus,
1724 1766 1758 1792 et
1774 1761 1911 1799 animo,
1937 1765 1976 1792 ut
1994 1759 2144 1797 solebat,
2173 1758 2245 1792 acri
2264 1758 2337 1792 bel·

1303 1819 1304 1840 1
1330 1813 1403 1846 lum
1423 1823 1546 1856 gerere
1569 1811 1698 1855 coepit.

1435 1863 1559 1908 Quare
1590 1870 1625 1896 et
1644 1862 1850 1896 Ludovicus
1882 1863 1953 1895 iam
1982 1862 2120 1895 maiore
2148 1874 2232 1895 cura
2259 1874 2335 1895 rem

1303 1915 1304 1955 ζ
1331 1917 1523 1961 gerendam
1558 1915 1784 1954 existimans,
1819 1914 1952 1947 bellum
1984 1919 2138 1958 apparat
2168 1913 2336 1953 omnibns

1302 1975 1304 1992 ·’
1330 1968 1478 2002 viribus.
1518 1967 1608 2001 Cum
1629 1966 1738 2011 igitur
1757 1966 1896 1999 videret
1914 1965 2198 2006 Maximilianus,
2223 1978 2337 2012 quan-

1303 2038 1304 2046 1
1330 2027 1365 2054 ta
1384 2019 1469 2053 belli
1487 2019 1598 2052 moles
1618 2019 1864 2063 impenderet,
1892 2024 1925 2051 et
1945 2018 2162 2062 intelligeret
2184 2018 2222 2050 in
2241 2030 2336 2052 sum-

1303 2139 1304 2143 *
1330 2124 1508 2170 pei-iores:

806 2228 857 2263 Ita
895 2229 1083 2263 trucidatis
1117 2235 1276 2275 quatuor
1303 2271 1304 2274 Ἴ

267 2280 425 2315 millibus
451 2280 721 2323 Bohemorum,
758 2281 917 2328 reliquos
941 2281 980 2314 in
1002 2282 1124 2325 fugam
1154 2280 1275 2321 vertit,
1302 2300 1303 2328 ;

1300 2330 1303 2382 '¹
1329 2333 1467 2377 ingenti
1494 2332 1632 2376 praelio
1660 2331 1872 2365 Pontificius
1899 2331 2073 2365 exercitus
2098 2330 2212 2364 victus
2237 2336 2290 2364 est
2313 2342 2332 2363 a

267 2339 301 2366 et
325 2345 405 2366 cum
432 2333 626 2367 Bavariam
652 2333 814 2379 periculo
840 2334 1027 2373 liberavit,
1064 2340 1141 2367 tum
1167 2333 1276 2366 Pala-

267 2384 382 2418 tinum
411 2387 455 2418 ad
480 2398 603 2430 pacem
631 2387 824 2431 petendam
852 2386 1038 2431 compulit.

371 2437 440 2470 Sed
465 2444 641 2483 quantum
672 2438 822 2472 consilio
847 2444 881 2471 et
915 2437 1166 2482 magnitudine
1197 2438 1274 2471 ani-

268 2488 317 2521 mi
351 2489 577 2529 excelluerit,
620 2490 750 2524 clarius
785 2490 892 2523 etiam
933 2490 970 2523 in
1001 2489 1140 2524 Veneto
1178 2491 1273 2524 bello

268 2541 425 2586 conspici
452 2542 590 2585 potuit,
626 2541 662 2574 in
685 2555 756 2588 quo
783 2555 863 2576 cum
890 2542 1124 2587 intelligeret,
1160 2555 1273 2589 quan-

268 2599 302 2626 ta
334 2601 424 2628 esset
445 2592 667 2627 Venetorum
694 2594 876 2639 potentia,
912 2594 1085 2638 pertraxit
1115 2595 1160 2627 ad
1188 2595 1272 2628 belli

268 2645 475 2680 societatem
517 2645 652 2690 Regem
697 2647 886 2680 Gallorum
929 2645 1157 2680 Ludovicum
1198 2646 1272 2682 XII.

266 2697 528 2733 Munitissimas
554 2699 682 2738 urbes,
715 2697 928 2738 Patavium,
956 2697 1163 2739 Veronam,
1191 2699 1271 2732 Bri-

266 2751 381 2790 xiam,
420 2757 452 2784 et
484 2751 674 2797 plerasque
700 2751 787 2784 alias
814 2750 945 2795 partim
977 2750 1012 2782 vi
1039 2751 1270 2795 expugnavit,

1300 2350 1303 2412 1

1299 2416 1303 2502 Ξ

1298 2632 1301 2665 ἰ

1295 2703 1299 2759 ἰ
1325 2697 1408 2756 Ἶυῑε

1295 2762 1421 2794 ⁴pacis
1453 2756 1559 2783 autor
1591 2756 1679 2784 erat.

1330 2085 1391 2105 mo
1418 2071 1578 2116 periculo
1603 2071 1760 2104 futuram
1789 2069 1951 2109 Italiam,
1980 2070 2009 2104 si
2026 2070 2121 2104 Galli
2147 2076 2263 2104 essent
2279 2082 2336 2104 su-

1558 2121 1725 2156 hortatur
1759 2122 1972 2156 Pontificem
2006 2134 2070 2167 per
2106 2122 2262 2166 legatos,
2296 2128 2336 2155 ut

1331 2182 1437 2210 autor
1458 2175 1555 2221 pacis
1581 2187 1655 2209 esse
1682 2174 1804 2216 malit,
1834 2186 1942 2221 quam
1969 2174 2123 2208 excitare
2146 2174 2263 2208 maius
2281 2174 2335 2208 in-

1330 2228 1517 2268 cendium,
1552 2228 1650 2273 quod
1672 2227 1862 2261 universae
1884 2225 2007 2260 Italiae
2026 2226 2230 2261 vastitatem
2249 2226 2334 2259 alla-

1330 2288 1450 2314 turum
1478 2280 1672 2313 videretur.
1732 2279 1801 2313 Sed
1828 2291 1907 2313 cum
1932 2277 2020 2312 haec
2043 2279 2174 2313 frustra
2200 2284 2335 2323 ageret,

1329 2384 1442 2419 Gallis
1459 2385 1503 2417 ad
1518 2383 1745 2419 Ravennam.
1798 2383 1995 2430 Nunquam
2014 2389 2138 2417 nostra
2155 2381 2331 2416 memoria

1329 2437 1445 2470 acrius
1471 2436 1680 2469 dimicatum
1706 2443 1780 2477 est,
1808 2436 1906 2470 nulla
1935 2436 2026 2469 sacta
2047 2434 2165 2468 maior
2183 2440 2333 2478 strages,

1328 2501 1436 2535 quam
1463 2488 1500 2521 in
1520 2501 1561 2521 eo
1579 2489 1728 2533 praelio.
1783 2486 1834 2521 lta
1853 2489 1947 2521 enim
1966 2494 2000 2521 et
2015 2485 2125 2521 Iulius
2144 2486 2220 2531 ipse
2240 2486 2332 2520 iudi-

1328 2541 1439 2580 cavit,
1476 2547 1617 2585 accepta
1637 2539 1704 2574 hac
1724 2541 1823 2574 clade
1836 2567 1844 2580 ‚
1880 2540 1918 2573 in
1938 2546 2098 2573 extremo
2118 2538 2279 2584 periculo
2295 2549 2331 2572 se

1326 2600 1360 2627 et
1377 2593 1581 2627 universam
1600 2591 1739 2626 ltaliam
1757 2592 1904 2626 versari.

1430 2645 1553 2690 Quare
1569 2646 1689 2680 statim
1708 2658 1787 2678 cum
1807 2643 2058 2677 Maximiliano
2077 2644 2121 2677 de
2140 2654 2228 2688 pace
2245 2641 2330 2686 agit,

1438 2704 1476 2731 ut
1499 2696 1621 2730 Italiae
1642 2698 1747 2732 saluti
1767 2696 1989 2736 consuleret,
2016 2694 2203 2729 Ludovico
2222 2693 2328 2728 etiam

1742 2749 1811 2783 Sed
1837 2761 1915 2782 cum
1942 2748 2000 2781 ille
2030 2748 2083 2781 ira
2111 2753 2219 2793 atque
2243 2743 2326 2778 odio
