2421 3037
251 121 327 157 599

251 208 450 242 recreandi.
521 207 638 251 Quam
666 216 744 237 cum
773 203 1048 247 impetrassent,
1085 201 1259 246 relinquit

251 273 359 306 eques
377 259 552 303 virginem
579 257 692 289 solam
719 256 755 288 in
781 252 1027 300 hypocausto,
1057 260 1091 286 et
1108 254 1182 298 ipse
1201 266 1259 286 cu-

251 319 307 346 rat
326 323 436 357 equos
456 310 493 341 in
509 308 662 342 stabulo.
716 306 898 351 Leprosus
923 311 1089 340 accurate
1116 305 1260 339 intuens

250 365 405 397 formam
442 360 613 404 virginis,
656 359 770 404 magis
807 358 992 404 magisque
1027 358 1100 391 urit
1135 369 1260 390 amore

251 415 373 460 ipsius.
428 412 593 445 Tandem
611 417 650 444 ut
666 423 705 444 ea
726 411 833 444 etiam
859 410 971 455 possit
996 409 1127 454 potiri,
1163 420 1260 442 acce-

251 466 304 500 dit
321 464 477 510 equitem
495 464 532 496 in
549 463 711 503 stabulo,
740 470 774 496 et
789 462 960 496 insidiose
978 474 1059 495 eum
1079 460 1260 495 interficit.

251 517 392 552 Deinde
409 515 553 550 rediens
572 515 609 548 in
638 512 901 560 hypocaustum
929 513 1127 559 alloquitur
1152 512 1261 556 virgi-

251 582 335 604 nem
355 569 398 602 de
415 574 553 613 stupro,
608 566 720 611 Virgo
738 567 820 612 quia
841 573 918 600 erat
943 566 1002 610 pia
1030 571 1064 598 et
1088 562 1262 598 honesta-

251 622 297 656 tis
316 632 462 660 amans,
491 625 572 652 orat
591 631 693 659 eum,
722 631 766 652 ne
793 619 881 664 quid
909 616 1111 652 istiusmodi
1137 616 1261 649 animo

253 673 427 717 cogitaret
446 678 596 716 propter
614 670 732 704 Deum
753 677 786 704 et
809 683 893 704 suos
917 675 1105 715 parentes,
1142 675 1177 701 et
1200 680 1262 701 ne-

253 732 314 770 gat
331 731 509 769 stuprum.
565 722 633 757 Sed
655 723 819 768 leprosus
845 721 981 755 indicat
1008 720 1140 765 virgini
1164 731 1263 753 mor-

252 784 325 811 tem
350 776 406 811 sui
428 775 605 816 ministri,
644 781 678 808 et
706 775 775 808 nisi
800 774 869 819 ipsi
898 773 952 808 sui
973 772 1113 817 copiam
1143 771 1264 812 faciat,

254 828 420 864 similiter
455 829 654 873 perituram
689 826 787 861 dicit.
856 826 954 871 Quid
989 824 1098 858 saciat
1131 823 1262 858 misera

255 880 383 925 virgo?
438 879 501 913 Est
525 879 695 913 destituta
715 878 848 912 auxilio
865 877 980 917 servi,
1007 882 1077 911 stat
1101 875 1264 916 inermis,

256 938 418 966 armatus
436 938 605 965 cruentus
624 938 658 964 et
675 931 840 975 leprosus
856 929 950 963 latro
970 929 1016 962 ob
1034 928 1157 962 oculos
1184 939 1264 961 ver-

256 991 367 1019 satur.
422 984 586 1016 Tandem
607 983 729 1016 multis
748 979 933 1016 lachrimis
958 981 1159 1014 deformata
1183 992 1264 1013 cum

257 1042 347 1071 esset
364 1042 486 1068 coacta
505 1041 539 1067 et
556 1034 727 1075 inferior,
756 1033 939 1079 promittit
956 1046 992 1067 se
1014 1032 1105 1066 velle
1123 1033 1265 1076 explere

256 1088 332 1122 eius
355 1087 543 1127 libidines,
572 1099 717 1120 sumens
743 1086 920 1125 cultrum,
958 1097 1066 1131 quem
1092 1085 1130 1117 in
1154 1084 1266 1117 latere

255 1140 473 1185 pendentem
491 1136 648 1172 hahebat
664 1140 709 1171 ad
725 1138 965 1182 marsupium,
994 1143 1029 1170 et
1047 1137 1266 1181 praeferens,

257 1191 360 1238 quasi
399 1191 514 1225 cultro
552 1191 660 1224 vellet
696 1192 813 1224 nodos
847 1190 1131 1234 ligamentorum
1161 1187 1267 1222 vesti-

257 1243 371 1277 menti
387 1243 527 1278 solvere
547 1250 581 1276 et
597 1255 671 1277 sese
693 1243 851 1282 nudare,
880 1255 916 1276 se
942 1241 1058 1286 ipsam
1085 1239 1267 1274 interficit.

256 1295 439 1340 Leprosus
456 1307 518 1340 spe
535 1295 728 1329 frustratus
749 1294 868 1328 induit
892 1300 1087 1339 utrumque
1114 1293 1268 1326 cadaver

257 1360 380 1388 sacc0‚
407 1354 442 1381 et
458 1347 618 1381 insidens
635 1359 751 1393 equo,
781 1353 864 1380 ante
881 1358 917 1380 se
941 1344 1099 1390 imponit
1124 1356 1267 1378 saccum

258 1401 304 1434 ad
324 1400 498 1433 cervicem
515 1399 685 1445 equinam
710 1398 937 1444 equitaturus
962 1397 1000 1430 in
1018 1397 1177 1442 sylvam,
1205 1408 1268 1429 vo-

257 1452 325 1487 luit
350 1452 500 1486 fortasse
526 1452 701 1485 cadavera
726 1452 902 1491 condere,
931 1450 988 1483 vel
1001 1449 1039 1482 in
1059 1448 1267 1493 proximum

257 1505 393 1538 flumen
418 1504 583 1538 abiicere.
644 1502 743 1537 Deus
769 1515 855 1536 vero
884 1502 1001 1535 voluit
1024 1507 1098 1533 tam
1126 1499 1268 1533 crudele

258 1557 397 1590 facinus
429 1555 653 1589 manifestari
690 1561 724 1587 et
753 1554 896 1598 puniri,
938 1559 1046 1598 atque
1078 1552 1160 1585 ideo
1194 1562 1270 1584 non

260 1609 374 1642 inulto
396 1615 475 1652 post
494 1607 641 1640 advenit
662 1606 811 1650 virginis
835 1611 940 1650 pater
966 1617 1046 1638 cum
1071 1616 1135 1638 suo
1159 1602 1270 1636 comi-

260 1667 357 1700 tatu,
385 1660 500 1693 iturus
521 1660 566 1692 ad
590 1659 684 1692 filiae
709 1658 856 1702 nuptias
882 1657 962 1703 (sed
990 1662 1181 1689 vertuntur
1204 1666 1270 1688 nu-

259 1712 356 1758 ptiae
390 1712 427 1744 in
460 1711 663 1745 tristissima
699 1710 856 1756 funera).
921 1708 1055 1741 Vident
1084 1708 1269 1751 leprosum

262 1771 346 1798 ante
365 1763 462 1809 ipsos
477 1764 700 1809 equitantem
718 1774 783 1807 per
799 1761 907 1795 unius
925 1760 1001 1805 agri
1026 1758 1271 1793 intervallum.

260 1816 403 1852 Nobilis
419 1816 581 1861 agnoscit
600 1827 731 1861 equum
750 1826 854 1848 suum
868 1840 876 1854 ‚
904 1825 976 1858 quo
993 1818 1138 1845 avectus
1154 1811 1273 1844 fuerat

262 1868 413 1913 virginis
447 1870 595 1907 ductor,
639 1866 717 1901 aliis
744 1878 830 1900 vero
861 1864 1062 1898 dicentibus
1092 1875 1168 1897 non
1197 1874 1271 1896 esse

264 1933 368 1956 suum
385 1933 537 1966 equum;
567 1920 753 1965 quomodo
774 1918 869 1952 enim
887 1916 1058 1961 possibile
1076 1922 1128 1950 est
1152 1915 1271 1959 ipsum

265 1971 322 2006 hic
346 1973 418 2005 iam
444 1985 537 2012 esse,
570 1970 752 2017 inquiunt.
808 1968 991 2014 Coepit23)
1014 1965 1183 2001 nonnihil
1208 1967 1273 2000 du-

265 2025 403 2064 bitare,
432 2031 467 2058 et
484 2036 609 2069 passus
628 2029 679 2057 est
696 2035 731 2057 se
748 2035 767 2055 a
788 2021 903 2067 priori
928 2020 1105 2055 sententia
1131 2018 1272 2053 abduci.

266 2077 433 2110 Tandem
453 2089 533 2110 cum
553 2075 685 2109 nobilis
704 2075 846 2108 animus
864 2073 978 2117 magis
996 2072 1182 2117 magisque
1198 2083 1274 2104 ma-

266 2129 340 2163 lum
359 2129 601 2174 praesagiret,
630 2127 744 2162 iussus
765 2139 858 2160 unus
883 2137 925 2158 ex
951 2124 1125 2158 ministris
1152 2122 1272 2158 statim

268 2182 312 2213 ad
330 2181 514 2225 leprosum
536 2191 733 2225 properare
762 2186 795 2212 et
820 2191 862 2212 ex
886 2189 948 2217 eo,
977 2176 1057 2222 quis
1075 2182 1184 2216 esset,
1213 2181 1275 2208 aut

268 2246 287 2265 a
306 2245 377 2278 quo
396 2239 579 2277 pergeret,
615 2232 815 2277 exquirere.
871 2229 981 2275 Quod
1007 2241 1087 2262 cum
1111 2227 1275 2262 minister

267 2285 422 2325 faceret,
449 2284 570 2319 statim
588 2283 757 2329 cognovit
776 2282 830 2317 sui
847 2282 1002 2326 collegae
1021 2293 1166 2327 equum.
1206 2278 1276 2312 Ita-

269 2349 339 2383 que
362 2349 442 2370 cum
466 2337 708 2381 interrogaret
735 2336 875 2380 ipsum,
922 2333 1001 2379 quis
1021 2332 1137 2367 esset?
1180 2332 1276 2365 unde
1302 2355 1304 2364 ,

269 2394 390 2422 vectus
415 2395 504 2423 esset
529 2401 662 2434 equum
688 2388 796 2423 istum
819 2384 1059 2431 generosum?
1095 2384 1278 2418 obmutuit
1303 2386 1305 2390 '

269 2441 452 2475 maleficus
478 2447 511 2474 et
534 2447 629 2475 totus
652 2439 843 2485 expalluit;
872 2440 933 2473 sed
954 2437 1117 2471 minister
1145 2442 1277 2482 putans

270 2493 387 2537 ipsum
407 2505 462 2526 res
482 2492 569 2526 alias
589 2505 692 2536 agere
713 2499 747 2525 et
771 2504 903 2537 equum
921 2491 1017 2524 furto
1035 2488 1278 2535 acquisivisse,

271 2544 392 2578 deiicit
417 2545 460 2578 de
487 2556 579 2590 equo
604 2557 765 2584 saccum,
808 2550 842 2576 et
866 2554 978 2576 manu
1008 2548 1133 2575 tenens
1164 2541 1278 2580 frena,

272 2597 365 2641 cepit
402 2597 580 2630 latronem
618 2603 652 2629 et
688 2596 871 2641 captivum
905 2594 1069 2627 detinens
1105 2593 1308 2635 acclamat·

273 2649 365 2689 suis,
402 2656 441 2682 ut
472 2655 682 2688 accurrant,
719 2655 752 2681 et
769 2647 917 2692 capiunt
941 2647 1078 2685 furem,
1116 2645 1159 2678 de
1185 2655 1278 2689 equo

308 2768 357 2793 23³
377 2766 486 2799 Coepit]
509 2767 592 2791 Cod.:
620 2765 700 2796 Cepit

880 115 1005 150 PHlL.
1033 116 1148 150 MEL.
1177 113 1382 148 SCRIPTA
1410 112 1680 149 HISTORICA.

1332 2489 1530 2536 percutiam
1553 2488 1664 2522 illam.

2238 113 2313 147 600

1315 200 1459 245 cognito
1476 200 1680 233 deturbant.
1734 198 1875 232 Deinde
1892 204 2025 241 cogunt
2042 197 2158 241 ipsum
2176 199 2316 243 aperire

1315 265 1476 290 saccum;
1502 251 1589 297 quid
1615 250 1760 285 multis?
1794 256 1994 294 agnoscunt
2018 261 2121 287 suos;
2157 251 2317 284 exoritur

1315 303 1529 338 miserabilis
1561 303 1714 347 gemitus
1747 309 1782 335 et
1809 302 1912 336 fletus
1926 301 1974 348 ²⁴)
2002 301 2133 335 scelere
2161 302 2317 345 cognito.

1315 356 1480 389 Tandem
1513 354 1677 388 vinciunt
1707 355 1887 387 latronem
1919 360 1954 387 et
1982 353 2020 386 in
2048 365 2228 386 carcerem
2258 354 2320 387 ab·

1315 408 1462 448 iiciunt,
1491 408 1606 440 donec
1623 407 1666 440 de
1686 406 1761 439 eius
1777 405 1954 450 supplicio
1971 406 2064 438 facta
2081 404 2126 439 sit
2144 405 2320 438 delibera-

1315 460 1379 495 tio.
1440 459 1571 493 Postea
1603 458 1734 492 nobilis
1767 464 1870 491 curat
1902 459 2007 491 aedes
2038 457 2172 502 leprosi
2198 456 2321 502 diripi,

1316 511 1465 557 spoliari
1483 517 1517 544 et
1534 509 1768 555 conflagrari,
1797 516 1831 542 et
1847 521 1966 543 secum
1984 510 2132 542 domum
2151 507 2251 543 vehit
2265 520 2322 542 ca-

1317 565 1449 598 davera
1469 569 1503 596 et
1527 562 1702 608 sepelivit.
1756 561 1948 595 Postremo
1974 559 2156 594 homicida
2183 567 2322 594 atroces

1317 627 1453 661 poenas
1470 615 1569 648 dedit
1585 615 1640 648 sui
1658 613 1811 649 sceleris.

1422 666 1622 701 CCLXXV.
1657 666 1739 700 Duo
1758 664 1915 699 famelici
1939 665 2071 699 milites
2087 671 2122 698 et
2138 663 2239 698 omni
2261 675 2322 709 pe-

1319 719 1423 753 cunia
1448 716 1609 753 exhausti
1634 731 1714 752 cum
1736 718 1920 764 quoddam
1930 716 1977 764 25)
1998 717 2261 751 monasterium
2284 715 2324 749 in

1318 771 1448 805 itinere
1477 777 1594 805 essent
1618 770 1835 815 conspicati,
1872 767 2103 816 accedunt‘ffl)
2127 770 2174 802 ad
2198 768 2254 809 id,
2290 774 2325 801 et

1319 829 1445 869 petunt
1480 823 1639 868 aliquam
1676 823 1819 867 stipem.
1890 820 1944 855 lbi
1978 820 2137 866 portitor
2171 819 2326 866 porrigit

1319 874 1415 923 (erat
1436 875 1532 908 enim
1552 881 1694 919 tempus
1718 872 1941 919 prandendi)
1964 873 2019 907 ius
2043 872 2146 906 valde
2168 872 2324 906 calidum

1320 934 1355 962 et
1370 934 1490 961 atrum
1509 939 1660 971 panem;
1686 926 1755 971 ipsi
1775 938 1856 959 cum
1871 937 1947 958 non
1969 923 2146 958 haberent
2164 922 2326 958 cochlea-

1319 981 1373 1014 ria
1385 1007 1395 1020 ‚
1421 991 1488 1013 nec
1503 980 1615 1012 fames
1632 983 1818 1023 pateretur
1835 989 1976 1010 moram
1988 1004 1997 1018 ‚
2026 976 2250 1010 conveniunt
2272 975 2327 1008 in-

1320 1039 1375 1066 ter
1391 1044 1448 1072 se,
1475 1037 1516 1065 ut
1536 1043 1621 1064 mox
1646 1043 1708 1064 ore
1735 1029 1972 1063 absorberent
1994 1029 2049 1062 ius
2073 1028 2222 1062 alternis
2242 1026 2328 1061 vici-

1320 1085 1406 1125 bus,
1433 1089 1468 1117 et
1484 1083 1587 1128 panis
1604 1088 1850 1117 reservaretur
1868 1081 1906 1114 in
1928 1081 2110 1126 reliquum
2134 1080 2215 1114 iter.
2274 1077 2329 1112 Ibi

1321 1136 1461 1182 primus
1486 1135 1590 1168 alteri
1615 1134 1815 1179 propinans
1840 1145 1920 1167 cum
1946 1133 2136 1167 exorheret
2158 1132 2214 1166 ius
2244 1130 2328 1164 cali-

1322 1190 1430 1228 dum,
1458 1185 1692 1220 vehementer
1709 1185 1905 1219 combussit
1921 1183 2118 1230 palatium,
2153 1184 2202 1217 ita
2227 1189 2268 1216 ut
2287 1194 2330 1216 ex

1323 1240 1435 1274 oculis
1460 1239 1663 1273 extillarent
1688 1235 1906 1277 lachrimae‚
1941 1248 2031 1282 quas
2058 1248 2139 1270 cum
2162 1235 2252 1269 alter
2277 1233 2331 1267 vi-

1323 1294 1444 1333 deret,
1477 1290 1717 1335 interrogavit
1741 1291 1783 1323 de
1812 1289 1926 1323 causis
1950 1285 2233 1328 lachrhnarum,
2267 1297 2332 1320 cur

1323 1357 1419 1379 nunc
1435 1341 1686 1382 lachrimaret‚
1715 1355 1794 1376 cum
1811 1339 1983 1379 haberet,
2012 1340 2111 1386 quod
2126 1341 2268 1380 ederet,
2297 1344 2332 1371 et

1324 1403 1451 1436 antea,
1482 1408 1563 1429 cum
1583 1394 1785 1434 esuriisset,
1819 1405 1895 1426 non
1913 1393 2038 1425 itidem
2063 1393 2208 1426 faceret.
2267 1389 2331 1423 Ille

1324 1447 1553 1483 dissimulans
1576 1447 1732 1480 calorem
1753 1445 1864 1484 offae,
1889 1444 1992 1489 fingit
2018 1443 2107 1478 alias
2130 1454 2254 1477 causas
2277 1443 2332 1475 la-

1325 1499 1569 1538 chrimarum‚
1611 1497 1802 1542 scilicet27)
1828 1502 1911 1530 ante
1945 1507 2082 1529 annum
2107 1493 2177 1528 hoc
2207 1495 2265 1528 die
2293 1494 2333 1527 in

1325 1563 1466 1586 crucem
1490 1562 1702 1594 suspensum
1728 1561 1802 1583 esse
1826 1560 1931 1582 suum
1955 1553 2097 1592 patrem
2123 1546 2263 1592 inquit,
2295 1546 2334 1579 id

1325 1604 1392 1639 sibi
1415 1603 1453 1636 in
1476 1608 1633 1635 mentem
1659 1613 1755 1635 nunc
1777 1599 1930 1633 venisse.
1991 1598 2157 1632 Tandem
2184 1605 2219 1632 et
2242 1598 2334 1632 alter

1325 1657 1448 1690 sorbet
1462 1655 1505 1687 de
1528 1654 1643 1687 calido
1663 1653 1741 1687 iure
1753 1679 1762 1693 ,
1791 1658 1826 1685 et
1841 1651 2007 1686 similiter
2024 1656 2066 1685 ut
2080 1650 2219 1696 primus
2236 1662 2334 1683 com-

1325 1707 1439 1742 bussit
1466 1719 1524 1746 os,
1565 1711 1605 1739 ut
1640 1705 1748 1738 etiam
1782 1717 1824 1737 ex
1859 1702 1972 1737 oculis
2002 1702 2119 1737 stillae
2151 1703 2335 1736 caderent.

1327 1760 1432 1794 Tunc
1455 1758 1545 1791 dixit
1571 1758 1676 1791 alter:
1706 1755 1818 1796 Ecce,
1845 1768 1968 1789 nonne
1991 1761 2026 1788 et
2049 1761 2088 1789 tu
2112 1752 2334 1788 lachrimas?

1328 1824 1390 1846 cur
1408 1822 1542 1857 quaeso
1561 1810 1598 1842 id
1616 1808 1728 1842 facis?
1767 1807 1971 1853 Respondit
1987 1807 2095 1840 alter:
2124 1804 2336 1846 Lachrimo‚

1297 1905 1301 1907 ¹
1328 1865 1427 1911 quod
1443 1874 1518 1896 non
1542 1874 1615 1895 una
1640 1873 1720 1894 cum
1745 1866 1847 1905 patre
1874 1872 1910 1893 es
1933 1871 2145 1904 suspensus,
2182 1859 2280 1904 quod
2304 1857 2334 1891 si

1326 1918 1460 1950 factum
1481 1920 1592 1953 esset,
1621 1924 1696 1947 non
1711 1911 1985 1946 combussissem
2006 1923 2045 1945 os
2062 1922 2196 1944 meum.

1433 1963 1651 2001 CCLXXVI.
1685 1964 1779 1997 Ante
1795 1976 1855 1997 sex
1871 1975 1986 1997 annos
2002 1962 2166 1996 Viennae
2187 1962 2334 1996 combu-

1328 2028 1379 2056 sta
1412 2026 1464 2054 est
1488 2019 1639 2058 mulier,
1676 2028 1768 2062 quae
1791 2014 1919 2049 habuit
1944 2028 2021 2049 rein
2049 2028 2129 2049 cum
2157 2026 2264 2055 cane,
2300 2019 2335 2047 et

1298 2100 1302 2119 ἐ
1327 2074 1444 2107 foetus
1463 2077 1568 2116 caput
1586 2068 1713 2103 habuit
1729 2067 1930 2103 humanum
1943 2095 1953 2109 ,
1979 2069 2041 2102 sed
2057 2066 2237 2114 reliquum
2256 2077 2335 2099 cor-

1327 2138 1395 2171 pus
1414 2123 1536 2158 retulit
1554 2121 1708 2167 speciem
1727 2121 1836 2155 canis.

1434 2172 1666 2210 CCLXXVH.
1713 2172 1849 2207 Dicunt
1871 2173 1914 2206 de
1938 2171 2119 2212 Eremita‚
2163 2170 2226 2217 qui
2252 2182 2334 2204 cum

1328 2229 1477 2264 haberet
1498 2239 1582 2271 apes
1600 2232 1634 2259 et
1652 2226 1723 2258 iam
1743 2224 1940 2270 collegisset
1958 2225 2102 2269 plenam
2120 2222 2229 2257 ollam
2247 2221 2335 2255 mel-

1330 2282 1395 2323 lis,
1423 2280 1511 2313 dixit
1528 2280 1573 2312 ad
1591 2291 1626 2312 se
1644 2278 1780 2323 ipsum:
1816 2276 1892 2322 Ego
1916 2277 2069 2310 vendam
2094 2275 2183 2309 illud
2206 2274 2277 2307 mel
2300 2279 2334 2306 et

1331 2346 1449 2368 emam
1470 2329 1561 2365 mihi
1584 2331 1672 2364 duas
1699 2330 1858 2364 oviculas
1882 2336 1915 2362 et
1939 2328 2136 2363 aedificabo
2161 2337 2333 2370 magnum

1332 2397 1494 2432 gregem3
1530 2383 1679 2423 deinde,
1714 2383 1743 2416 si
1769 2395 1831 2415 ero
1860 2381 1979 2421 dives,
2015 2382 2143 2414 ducam
2170 2389 2334 2418 uxorem,

1332 2450 1424 2485 quae
1443 2436 1511 2470 erit
1526 2435 1706 2480 morigera
1720 2461 1729 2475 ‚
1764 2441 1798 2468 et
1814 2434 1844 2468 si
1863 2433 2022 2467 noluerit
2039 2443 2113 2466 esse
2137 2430 2332 2474 morigera,

1717 2485 1764 2520 Et
1782 2484 1918 2520 habens
1940 2484 2129 2523 baculum,
2164 2495 2203 2516 ac
2226 2481 2335 2516 simul

1332 2542 1463 2576 seriens
1495 2540 1600 2573 dixit:
1641 2539 1717 2584 Ego
1746 2551 1824 2572 eam
1849 2538 1898 2573 sic
1923 2536 2141 2582 percutiam;
2183 2541 2218 2568 et
2240 2534 2333 2568 forte

1367 2654 1415 2684 24)
1437 2650 1530 2683 uetus]
1551 2652 1631 2677 Com:
1658 2651 1770 2675 t‘emitus

1369 2689 1417 2716 25)
1439 2685 1585 2718 quoddam]
1607 2687 1690 2712 God.:
1716 2685 1831 2716 quodam

1369 2722 1417 2753 26)
1437 2722 1585 2751 accedunt]
1606 2721 1687 2745 Cod.:
1714 2720 1847 2744 accedant

1370 2758 1418 2787 27)
1436 2758 1559 2785 scilicet]
1580 2757 1645 2781 Cod.
1668 2757 1747 2779 habet
1767 2755 1924 2783 scripturae
1946 2752 2151 2782 compendium:
2177 2752 2193 2783 β
